4694 6428
534 405 671 464 VERSUS
691 408 739 462 AD
760 408 910 464 LEONEM
929 411 1362 476 PAPAM‚·ANGILBERTUM,
1381 414 1582 469 PAULINUM.

890 659 896 674 ⁴
1011 670 1104 736 XVI.

592 805 640 874 Tc
663 828 753 892 rogo,
776 814 886 872 sancte
909 813 1013 894 pater,
1037 810 1177 895 supplex
1200 831 1259 897 per
1282 813 1429 876 carmina
1453 817 1574 891 nostra,

678 909 731 974 Sis
755 931 880 975 memor
903 917 936 975 et
958 911 1072 992 nostri,
1096 919 1129 976 te
1153 934 1244 997 rogo,
1269 923 1381 979 sancte
1405 921 1508 1000 poter.

571 1023 573 1028 '
593 1011 708 1077 Dulcis
730 1013 877 1078 Homero
889 1013 909 1090 ¹,
932 1035 1059 1100 precor,
1082 1015 1195 1080 Flacci
1215 1037 1342 1082 memor
1363 1025 1434 1082 esto
1457 1025 1586 1104 poetae,

679 1115 732 1179 Sis
756 1137 882 1181 memor
904 1125 941 1182 ut
963 1117 1129 1200 Samuel²,
1152 1118 1257 1185 dulcis
1281 1121 1440 1203 Homere,
1464 1144 1590 1208 precor.

595 1217 766 1284 Auxiliare
791 1239 904 1284 senem
926 1227 1068 1301 nostros,
1092 1243 1183 1307 rogo,
1207 1229 1243 1286 tu
1264 1245 1325 1310 per
1347 1225 1480 1303 amicos,

677 1318 739 1383 Est
761 1320 852 1385 locus
876 1322 910 1384 iu
934 1321 1063 1402 Sennis,
1087 1324 1250 1391 auxiliare
1274 1347 1398 1391 senem.

594 1422 655 1487 Est
677 1423 758 1487 mihi
782 1430 872 1488 certo
895 1422 976 1490 fidos
1000 1424 1041 1490 de
1064 1432 1108 1506 te,
1132 1429 1300 1494 carissime
1323 1429 1434 1508 frater,

679 1523 761 1589 Cum
786 1525 915 1590 Christo
931 1533 972 1590 'et
995 1529 1116 1592 sanctis
1140 1531 1184 1594 sit
1206 1531 1266 1594 tibi
1290 1538 1380 1597 certe
1402 1533 1501 1599 salus.

849 1705 1044 1713 ——.—
1224 1711 1260 1716 ...-

912 1929 916 1958 7
997 1889 1108 1954 XVII.

595 2024 723 2110 Tingue
747 2033 821 2090 tuos
844 2026 999 2106 calamos,
1024 2027 1178 2106 caritas³‚
1202 2028 1236 2092 in
1260 2030 1391 2115 gurgite
1416 2031 1548 2110 Christi,

594 2127 704 2212 Atque
727 2149 836 2192 mcum
859 2134 975 2214 pectus
999 2130 1133 2216 comple·
1150 2131 1349 2197 caelestibus
1374 2133 1455 2216 odis,

594 2231 639 2296 Ut
661 2231 778 2316 dignas
800 2232 928 2296 vulcam
950 2232 1112 2297 Paulino*
1134 2233 1243 2299 dicere
1267 2243 1388 2320 grates,

594 2333 762 2398 Mellifluis
785 2340 915 2399 nostras
938 2337 1041 2399 musis
1064 2337 1119 2420 qui
1143 2337 1338 2423 impleverat
1359 2363 1466 2423 aures,

594 2436 638 2501 Et
660 2458 786 2502 memor
806 2439 951 2502 unanimi
973 2439 1107 2524 longum
1130 2447 1205 2526 post
1227 2447 1356 2528 tempus
1380 2445 1476 2510 amici

594 2539 800 2604 Carminibus
824 2541 925 2604 sacris
948 2549 1117 2627 repetens:
1141 2542 1272 2608 ‘Albino
1295 2547 1424 2614 valeto'.

595 2644 701 2719 Quem
723 2646 843 2710 festiva
865 2645 936 2710 dies
959 2645 1077 2723 fuerat,
1101 2668 1174 2711 cum
1197 2649 1319 2734 pagina
1339 2650 1434 2716 nobis

592 2749 696 2812 Lecto
719 2747 781 2812 fuit
803 2749 906 2813 titulis
931 2755 1062 2834 optatae
1086 2749 1245 2836 inscripta
1268 2752 1396 2816 salutis!

596 2851 713 2915 Omnia
736 2850 824 2916 dicta
845 2851 926 2915 mihi
950 2852 1094 2916 caritatis
1116 2854 1215 2918 melle
1239 2853 1424 2920 manabant.

593 2950 665 3025 Quo
689 2975 726 3018 se
748 2952 882 3018 divertit
903 2953 1011 3018 laetus
1035 2955 1213 3039 relegentis
1237 2957 1371 3037 ocellus,

595 3055 710 3120 Cernit
731 3054 854 3140 ubique
878 3076 957 3121 suae
982 3077 1114 3143 semper
1136 3079 1221 3122 nove
1244 3057 1365 3142 gaudia
1387 3060 1516 3142 ruentis,

592 3156 736 3222 Maxime
760 3165 825 3222 tam
848 3156 996 3243 gaudens
1019 3160 1053 3223 in
1074 3160 1292 3245 prosperitate
1314 3167 1461 3246 paterna,

593 3257 698 3332 Quom
721 3259 802 3325 deus
825 3268 962 3326 aeterno
986 3268 1158 3328 conservat
1181 3267 1328 3349 tempore
1351 3285 1476 3332 sanum.

593 3363 621 3428 O
645 3364 716 3428 laus
739 3363 918 3446 Ausoniae,
941 3365 1067 3450 patriae
1091 3364 1203 3446 decus,
1227 3367 1369 3451 inclytus
1392 3375 1515 3450 auctor,

594 3465 744 3530 Iustitiae
768 3467 883 3546 cultor,
907 3487 1019 3531 sacrae
1042 3466 1175 3552 pietatis
1199 3469 1361 3550 amat0r⁵,

595 3569 644 3634 Te
667 3591 742 3634 mcc
764 3591 856 3634 mens
879 3569 972 3634 ardet
995 3570 1098 3634 sacris
1122 3570 1298 3634 constricta
1321 3577 1455 3655 catenis,

594 3673 721 3757 Diligit,
745 3673 898 3758 exquirit,
922 3673 1162 3759 complectitur,
1186 3673 1338 3756 adtrahit,
1361 3676 1473 3761 ambit,

593 3776 741 3841 Pectoris
765 3782 898 3841 aeterne
921 3797 1099 3860 secumque
1122 3775 1272 3841 recondit
1294 3778 1328 3842 in
1350 3801 1437 3846 arca.

990 4135 1119 4202 svin.

592 4275 720 4360 Tingue
745 4275 847 4340 semel
871 4275 1042 4352 calamum,
1065 4274 1196 4354 caritas,
1219 4275 1253 4339 in
1275 4277 1405 4361 gurgite
1429 4278 1552 4344 Christi
1563 4281 1584 4359 ⁸,

676 4376 742 4440 Fac
765 4396 888 4461 paucos
912 4376 1078 4461 Aquilael
1100 4376 1345 4462 versiculosque
1368 4399 1460 4444 meo:

300 4637 378 4705 [xvi]
417 4641 439 4701 Q
457 4659 485 4706 p.
512 4637 579 4690 1724
606 4657 631 4690 n.
656 4640 724 4704 CCI,
752 4639 795 4690 nti
821 4637 847 4689 di
873 4655 960 4690 cernis
986 4655 1043 4690 mans
1070 4638 1130 4688 aliis
1155 4640 1352 4705 coniunguntur,
1380 4657 1398 4690 o
1423 4640 1513 4705 picibus
1539 4640 1700 4706 separandos
1725 4658 1778 4692 esse
1803 4643 1883 4694 elucet

228 4723 392 4876 ⁶¹11⁸f³g¹ji¹h
403 4726 481 4862 <2cine
499 4813 571 4862 titolo
590 4811 615 4861 Z
622 4813 649 4877 s.
667 4807 735 4876 225¹,
756 4815 820 4882 ΟΡ.
835 4807 902 4862 1727
919 4829 945 4860 n.
964 4811 1057 4861 ccxss
1160 4808 1322 4878 tsimpleo
1424 4809 1592 4876 3dignusZ
1690 4809 1887 4862 bunsnrimiZ

231 4895 264 4946 10
283 4898 391 4948 devertit
410 4899 432 4960 Q
536 4897 569 4949 14
585 4900 608 4950 Ο
626 4899 671 4948 lux
692 4901 714 4959 Q

299 4981 405 5048 [xvffl]
439 4983 518 5036 edidit
535 5001 566 5036 ec
583 4985 667 5036 coelice
686 4983 714 5034 S.
732 4982 812 5033 Pauli
829 4982 959 5034 Rctubcn.
978 4981 1122 5034 Fraterno
1140 4984 1172 5048 11,
1191 4979 1248 5032 615.

333 5153 359 5216 1)
377 5153 542 5220 Anpilberte.
610 5155 638 5222 2)
664 5153 823 5208 Beornrudi
841 5149 1017 5213 Serranorum,
1036 5149 1073 5216 cs.
1093 5165 1182 5218 euprc
1196 5166 1226 5219 p.
1239 5149 1298 5202 228.
1369 5149 1396 5216 3)
1420 5148 1463 5217 Cf.
1476 5150 1590 5204 Aletrini
1606 5150 1686 5220 epist.
1707 5152 1806 5206 Ucrolo
1824 5153 1883 5220 regi

229 5269 295 5307 son:
320 5254 441 5308 calamus
470 5254 499 5308 in
523 5257 599 5309 sonte
622 5256 748 5310 cantatis
772 5255 891 5316 tinctum
918 5253 956 5306 ud
979 5251 1137 5306 Dodcnern:
1168 5253 1305 5307 calamum
1328 5251 1358 5305 in
1382 5251 1508 5306 caritatis
1531 5255 1607 5307 sonte
1625 5255 1709 5307 semel
1728 5257 1757 5308 et
1781 5255 1882 5309 iterum

230 5356 380 5420 tinias-ann
399 5359 524 5413 Anionis
542 5359 635 5428 epist:
653 5359 796 5414 Colarnum
814 5357 844 5412 in
865 5357 982 5410 caritate
1001 5355 1073 5409 tinxi
1092 5355 1180 5424 (Mon.
1200 5357 1308 5410 Alcnin.
1323 5373 1353 5424 p.
1366 5355 1425 5421 813,
1443 5357 1502 5420 869,
1520 5356 1590 5423 871).
1660 5357 1687 5424 l)
1702 5359 1883 5426 patriarchae

232 5459 412 5529 Aquileiensi,
423 5461 567 5514 vsa-802.
625 5461 653 5526 5)
665 5461 707 5528 Cf.
714 5479 743 5531 p.
756 5461 808 5514 238
820 5475 914 5514 cerens
927 5459 967 5512 od
978 5459 1095 5512 Leonem
1104 5475 1208 5529 papam
1221 5459 1341 5527 scriptos
1350 5459 1379 5512 5:
1397 5457 1526 5512 Iustitiae
1538 5457 1628 5514 cultor
1639 5477 1721 5513 verae
1730 5463 1759 5514 et
1769 5460 1883 5529 pietatis

230 5565 347 5618 amator.
400 5565 427 5632 6)
448 5565 492 5632 t's.
512 5579 601 5632 snpro
613 5562 709 5616 XVII
723 5579 748 5618 o.
762 5567 790 5626 1;
808 5562 880 5616 inter
891 5563 941 5616 noc
954 5577 1062 5617 caman
1075 5567 1100 5617 et
1112 5562 1143 5616 at
1154 5561 1228 5631 qnod
1239 5561 1375 5615 antecedit
1386 5561 1557 5616 necreoitudo
1569 5562 1703 5632 quaedum
1715 5563 1883 5618 intercedere

232 5666 345 5732 videtur,
365 5666 402 5734 cs.
420 5665 565 5738 Bidinper
584 5666 761 5721 Oestmeict.
783 5667 881 5722 Geeclr.
899 5666 927 5730 I,
946 5665 1005 5722 147.
1075 5666 1102 5735 7)
1122 5666 1239 5731 Aesoni,
1259 5665 1464 5735 Sclistmyeini
1482 5667 1618 5736 episcopo.
