4628 6428
664 401 942 458 INSCRIP'I'IONES
962 401 1135 458 Locorum
1154 401 1359 458 SACRORUM.

995 600 1026 643 ΠΙ

550 691 655 755 Filius
679 692 740 756 hac
763 691 909 756 Zebedei
932 691 1072 756 lacobus
1096 692 1280 776 congaudet
1302 691 1336 754 in
1358 711 1414 755 ara

550 796 700 880 Namque
723 795 885 881 Dionysio
909 797 1007 861 sociis
1031 796 1127 860 simul
1151 796 1239 860 illius
1262 795 1374 870 almis3

542 898 722 983 -Gregorio,
746 900 854 964 fuerat
876 898 982 963 Roma
1005 899 1059 984 qui
1081 898 1194 963 doctor
1216 900 1250 962 in
1272 899 1368 963 urbe:

550 1001 721 1088 Deprecor
743 1003 803 1068 hos
825 1010 937 1088 patres
960 1009 1103 1066 nostram
1127 1001 1305 1067 defendere
1328 1001 1439 1064 vitam.

994 1237 1024 1281 ιν

551 1330 616 1394 Hic
639 1330 762 1415 ragina,
784 1328 839 1393 dei
861 1330 1016 1413 genitrix,
1040 1329 1095 1414 pia
1117 1329 1207 1412 virgo
1231 1327 1345 1406 Maria,

550 1432 615 1496 Hic
639 1453 767 1517 quoque
790 1433 882 1517 virgo
907 1453 1000 1496 sacra
1022 1437 1132 1496 tecum
1155 1436 1330 1495 veneratur
1352 1428 1513 1513 Agathos,

551 1536 691 1601 Nomine
718 1537 890 1622 magnifico
914 1538 998 1600 votis
1021 1536 1136 1601 adeste
1160 1540 1359 1621 precantum.

551 1638 595 1702 Et
617 1639 805 1720 Petronilla,
829 1639 931 1725 patris
954 1639 1114 1725 praeclari
1137 1639 1205 1702 lilia
1226 1638 1334 1712 Petri;

554 1740 713 1827 Sulpitius
736 1743 868 1828 praesul
891 1743 1079 1827 praeclarus
1102 1742 1135 1804 in
1158 1741 1239 1806 urbe
1262 1740 1407 1818 Biturca,

552 1843 667 1930 Tuque
689 1845 887 1929 Leutgarius
910 1851 1033 1930 martyr
1056 1845 1271 1928 simulatque
1295 1842 1458 1924 sacerdos,

552 1947 730 2032 Presbyter
754 1950 907 2033 egregius
930 1970 1057 2013 necnon
1082 1947 1245 2012 Gislarius
1268 1968 1382 2011 umam

551 2050 741 2116 Defendant
763 2052 916 2138 precibus
940 2073 1070 2138 semper
1092 2051 1321 2138 praesentibus
1344 2051 1454 2114 istam.

1001 2289 1020 2331 V

552 2379 625 2444 Hoc
649 2380 751 2444 altare
774 2387 866 2445 tenet
889 2379 1011 2444 Christi
1036 2380 1196 2444 simmista
1218 2378 1392 2458 Iohannes,

551 2482 730 2568 Presbyter
752 2483 977 2568 Hieronymus
1002 2482 1116 2548 doctor
1138 2483 1339 2547 clarissimus
1363 2481 1463 2562 orbis,

551 2587 789 2672 Mauritiusque
813 2587 909 2651 simul
931 2592 1055 2670 martyr
1076 2586 1235 2650 mirabilis
1259 2586 1325 2665 ille,

551 2690 607 2772 Hi,
631 2714 721 2778 rogo,
745 2699 822 2756 vota
844 2692 951 2757 ferant
973 2692 1108 2757 caelesti
1131 2697 1245 2756 nostra
1267 2689 1402 2755 tonanti.

999 2937 1031 2980 Vl

549 3025 615 3091 Hie
638 3026 781 3092 Thomas
805 3029 932 3108 colitur,
955 3028 1064 3113 tetigit
1087 3027 1140 3111 qui
1164 3027 1301 3091 vulnera
1323 3023 1455 3102 Christi,

550 3129 649 3194 Urbis
673 3137 706 3195 et
727 3130 876 3195 Arrianus
898 3131 1031 3216 praesul
1054 3131 1127 3215 pius
1149 3129 1361 3208 Aurelianae,

551 3231 648 3295 Miles
673 3239 706 3296 et
729 3233 890 3298 ecclcsiae
914 3233 1010 3296 simul
1032 3233 1235 3296 Athanasius
1257 3233 1374 3311 almus,

552 3333 615 3406 Qui
638 3335 760 3420 pariter
783 3336 914 3421 plebem
938 3335 1060 3400 Christi
1083 3341 1235 3400 tueantur
1258 3334 1298 3398 ab
1320 3335 1427 3397 hoste.

991 3578 1033 3621 Vll

550 3667 623 3732 Hac
646 3666 769 3732 domini
791 3667 893 3733 frater
914 3669 1055 3733 Iacobus
1078 3675 1253 3734 veneratur
1274 3670 1308 3734 in
1330 3690 1397 3750 ara,

552 3773 595 3838 Et
618 3773 740 3839 Christi
762 3775 887 3862 pariter
908 3777 1039 3862 praesul
1062 3775 1247 3840 Germanus
1270 3781 1408 3839 amatus.

461 3885 463 3892 ’
551 3876 684 3942 Tertius
708 3885 759 3942 est
781 3879 912 3943 iunctus
935 3879 1102 3944 Vadastns
1126 3879 1301 3966 episcopus
1324 3880 1444 3943 almus:

550 3980 695 4046 Adiuvat
717 3981 770 4045 hic
794 3982 909 4046 horum
932 4003 992 4047 nos
1015 3983 1208 4048 intercessio
1233 4003 1373 4068 semper.

985 4237 1038 4282 Vlll

552 4327 634 4393 Tres
657 4336 768 4415 patres
792 4329 910 4393 summi
934 4329 1123 4394 meritorum
1146 4328 1292 4414 pondere
1315 4351 1434 4415 magno

484 4483 494 4491 .
552 4430 645 4495 Haec
669 4438 760 4496 tenet
782 4453 839 4496 ara
862 4433 975 4495 simul:
999 4432 1241 4497 Hrodberctum
1264 4434 1396 4496 nomine
1421 4434 1554 4512 clarum,

551 4532 744 4598 Pontificem
769 4536 891 4599 clarum
914 4536 1127 4600 Lambertum
1150 4537 1280 4601 nomine
1304 4537 1436 4608 dictum,

551 4636 702 4724 Iungitur
724 4638 899 4702 Ansfridus
923 4639 994 4704 istis
1018 4646 1052 4703 ct
1074 4640 1191 4705 tertius
1213 4640 1330 4704 almus.

995 4899 1027 4944 IX

551 4989 756 5077 Discipulum
780 4989 904 5055 Christi
926 4996 1040 5054 teneat
1061 4990 1144 5056 haec
1165 5012 1223 5055 ara
1244 4991 1443 5077 Philippum,

551 5094 687 5160 Necnon
710 5095 902 5158 Marcellum
927 5099 1076 5157 sanctum
1100 5094 1316 5180 simulatque
1342 5094 1544 5176 Medardum,

549 5197 726 5262 Pontifices
750 5198 854 5262 claros
879 5198 999 5261 sanctis
1022 5198 1199 5262 virtutibus
1223 5198 1333 5262 ambo:

549 5301 686 5366 Auxilio
710 5301 832 5387 duplici
856 5301 921 5364 sint
943 5287 1038 5365 nobis
1061 5299 1147 5364 dona
1171 5302 1298 5367 salutis.

280 5529 292 5594 ΙΙ
316 5525 365 5595 [ru]
393 5528 457 5579 lac
475 5544 542 5577 corr.
559 5528 588 5576 in
605 5525 695 5587 hacQ
798 5523 815 5576 3
841 5527 902 5577 orbs
922 5524 952 5590 Q,
980 5525 1087 5577 urbaF
1198 5524 1209 5589 ΙΙ
1230 5523 1279 5592 [lv]
1297 5523 1314 5576 3
1331 5528 1453 5590 adestoQ
1567 5527 1578 5592 ΙΙ
1608 5526 1643 5594 [v]
1662 5528 1677 5579 1
1696 5531 1841 5594 sinistraQ

182 5611 191 5678 ll
211 5611 269 5680 [vn]
288 5612 305 5664 2
324 5614 394 5675 Uro
491 5613 502 5676 11
524 5609 591 5679 [vm]
610 5609 627 5662 2
645 5612 833 5663 Hrodherotnm
847 5611 869 5674 Q
954 5609 971 5662 3
989 5614 1190 5679 Pontlficomqua
1209 5615 1367 5680 praeclarum
1384 5617 1489 5666 Bonum
1504 5614 1540 5679 Q,
1558 5616 1655 5666 clarum
1674 5617 1840 5668 Lambri-turn

182 5719 248 5752 corr.
270 5702 342 5752 wart.
459 5701 470 5766 11
492 5697 537 5765 [rx]
555 5697 572 5748 4
590 5701 642 5750 sint
659 5699 700 5750 hic
718 5699 826 5762 nobisQ
