4666 6406
973 386 1180 440 THEODULPI
1199 387 1375 442 CARMINA.

711 560 841 625 Parcite
865 566 985 640 vestra,
1009 581 1134 645 precor,
1157 559 1323 625 mendatio
1345 558 1488 626 vendere
1512 561 1607 638 tales,

796 666 898 731 Grata
920 667 1003 732 haec
1026 687 1068 731 ne
1091 667 1193 752 gratis
1218 667 1247 732 si
1269 666 1350 732 mihi
1373 666 1458 732 detis
1483 673 1588 732 erunt.

621 790 653 828 ..ι
713 766 805 841 Quae
829 790 890 834 neo
914 769 1053 835 emenda
1075 769 1178 850 bona,
1202 791 1264 835 neo
1287 776 1380 835 erant
1403 768 1576 836 vendenda
1597 775 1739 848 moneta,

794 871 990 938 Mercandus
1013 893 1097 938 vano
1119 873 1256 960 pulvere
1279 873 1392 959 pulvis¹
1410 879 1491 939 erat.

713 975 901 1056 Omerces,
925 997 1063 1057 merces,
1086 976 1239 1042 mercede
1262 977 1433 1042 nocentior
1454 977 1553 1053 omni,

795 1076 937 1143 Dantem
960 1085 995 1144 et
1018 1085 1206 1165 captantem
1228 1101 1313 1165 quae
1336 1086 1434 1145 necat
1455 1101 1521 1144 una
1543 1078 1635 1143 duos.

711 1181 798 1246 Hinc
821 1181 993 1267 peiurandi
1016 1182 1120 1268 pestis
1144 1181 1292 1247 succedit
1314 1182 1435 1267 iniqua,
1644 1173 1653 1192 ⁸

798 1284 886 1349 Dum
909 1285 982 1370 quis
1005 1285 1076 1348 vult
1099 1285 1191 1349 falsis
1214 1286 1314 1350 rebus
1336 1286 1448 1350 inesse
1471 1283 1578 1350 fidem.

712 1387 777 1462 Qui
799 1409 908 1474 prece,
933 1387 989 1473 qui
1010 1388 1162 1466 lacrimis,
1186 1388 1242 1473 qui
1263 1387 1347 1453 falso
1371 1409 1536 1453 murmure
1559 1387 1686 1460 fallunt,

796 1490 879 1555 Sunt
902 1492 975 1576 quis
1000 1512 1099 1577 saepe
1123 1491 1215 1555 venit
1236 1491 1299 1556 hac
1321 1513 1452 1577 quoque
1474 1498 1568 1578 parte
1590 1490 1682 1555 fides.

713 1594 869 1680 Quisquis
893 1617 939 1676 es,
964 1594 1094 1660 assidue
1118 1616 1247 1676 moneo,
1271 1596 1378 1662 iurare
1401 1603 1528 1676 caveto,

795 1697 862 1764 Res
885 1699 962 1785 quia
983 1699 1091 1764 iurare
1115 1705 1176 1781 cst,
1200 1698 1308 1779 crede,
1330 1699 1480 1786 pavenda
1503 1700 1594 1764 satis.

646 1847 650 1860 .
714 1799 790 1865 Non
813 1801 888 1886 quia
911 1823 964 1866 res
988 1803 1074 1866 mala
1097 1803 1148 1881 eit,
1172 1804 1226 1868 vel
1249 1804 1290 1868 ab
1314 1804 1400 1869 alma
1420 1804 1497 1888 lege
1520 1809 1655 1882 remota,

798 1902 864 1969 Sed
887 1904 1001 1970 crebro
1025 1904 1102 1969 dum
1125 1905 1170 1986 fit,
1194 1906 1228 1969 in
1253 1907 1360 1971 scelus
1383 1907 1449 1971 itur
1470 1907 1575 1971 hians.

713 2008 789 2072 Non
812 2008 875 2071 nisi
898 2009 955 2092 qui
976 2008 1130 2094 loquitur,
1153 2009 1276 2095 poterit
1297 2009 1465 2074 mentirier
1488 2008 1585 2088 ullus,

798 2110 944 2194 Somnia,
967 2113 1001 2176 ni
1025 2119 1154 2186 stertas,
1180 2134 1315 2178 cernere
1338 2134 1434 2178 nemo
1458 2113 1559 2177 vales.

713 2213 788 2279 Non
812 2214 906 2279 cadet
928 2215 962 2278 in
984 2215 1084 2294 bello,
1108 2215 1171 2279 nisi
1194 2215 1249 2300 qui
1264 2215 1335 2280 fera
1356 2217 1462 2302 prelia
1484 2220 1634 2302 temptat,

803 2317 874 2382 Neo
897 2317 961 2382 nisi
984 2324 1123 2404 temptet
1145 2339 1271 2405 aprum,
1295 2318 1394 2384 dente
1417 2319 1534 2384 feritur
1554 2317 1635 2404 apri.

714 2419 900 2506 Naufragus
925 2426 976 2485 est
999 2421 1118 2494 nullus,
1140 2421 1205 2485 nisi
1228 2422 1333 2486 sulcet
1356 2421 1520 2508 puppibus
1543 2419 1647 2485 undas
1658 2421 1678 2498 ¹,

798 2523 917 2588 Nullus
942 2524 975 2588 in
998 2525 1074 2609 igne
1097 2524 1192 2610 perit,
1217 2524 1244 2588 si
1268 2525 1311 2588 sit
1333 2525 1374 2588 ab
1398 2526 1474 2610 igne
1497 2524 1622 2612 procul.

716 2626 760 2691 Et
781 2627 847 2691 nisi
869 2628 924 2713 qui
948 2627 1042 2704 iurat,
1065 2628 1194 2713 peragit
1215 2627 1360 2713 periuria
1382 2629 1503 2708 nullus,

798 2728 894 2803 Quod
917 2732 981 2796 nisi
1004 2731 1077 2816 quis
1100 2737 1237 2810 metuat,
1260 2730 1322 2796 hac
1344 2732 1398 2796 lue
1422 2739 1536 2818 captus
1561 2733 1633 2797 erit.

626 2879 646 2894 ,-
718 2834 800 2899 Cum
823 2836 911 2921 capit
933 2835 1062 2900 auditor
1084 2834 1184 2899 durus
1207 2840 1265 2899 tua
1285 2834 1388 2899 verba
1411 2835 1464 2899 vel
1486 2856 1618 2921 anceps,

799 2937 861 3002 Est
884 2944 935 3004 est
958 2944 992 3002 ct
1014 2959 1080 3002 non
1103 2960 1178 3018 non,
1202 2937 1284 3002 haec
1308 2959 1348 3003 ea
1370 2945 1487 3003 cuncta
1509 2937 1646 3024 ligent².

720 3040 792 3106 Sint
815 3048 848 3106 et
870 3063 954 3126 quae
978 3049 1137 3106 excusant
1158 3041 1287 3106 iurandi
1309 3041 1457 3128 pondera
1479 3042 1589 3122 verba,

803 3144 884 3219 Quis
908 3145 956 3208 uti
980 3145 1095 3231 culpae
1117 3145 1185 3210 fore
1209 3145 1279 3211 sine
1305 3145 1401 3210 sorde
1423 3146 1525 3210 vales.

720 3251 755 3316 Si
777 3256 903 3338 perstat
926 3271 1088 3328 mussans,
1112 3250 1273 3335 exemplis
1296 3256 1330 3314 et
1351 3248 1489 3330 ratione,

803 3355 914 3440 Atque
937 3353 1151 3439 argumentis,
1174 3353 1250 3418 huic
1273 3352 1427 3419 adhibeto
1450 3352 1558 3418 fidem.

719 3460 754 3524 Si
778 3480 839 3524 neo
863 3459 910 3524 sie
937 3456 1050 3536 credit,
1075 3458 1103 3521 si
1127 3478 1227 3522 saxea
1248 3463 1385 3543 pectora
1407 3462 1527 3542 gestat,

804 3563 854 3628 Sit
875 3561 936 3626 tibi
959 3561 1166 3647 linquendus,
1189 3582 1266 3625 mox
1287 3561 1373 3625 bene
1396 3566 1486 3625 tutus
1508 3561 1573 3624 abi.

718 3668 763 3732 At
786 3667 814 3731 si
839 3666 967 3731 iurandi
990 3672 1023 3731 te
1048 3687 1146 3730 causa
1168 3670 1348 3751 perurguet
1371 3670 1405 3730 et
1427 3669 1521 3744 artat,

802 3768 841 3834 Id
863 3768 953 3855 puris
976 3768 1097 3848 uerbis,
1121 3767 1153 3832 id
1176 3789 1254 3852 gere
1278 3772 1387 3832 mente
1410 3767 1475 3853 pia.

624 3895 662 3935 aar
720 3873 789 3938 Nec
811 3872 905 3937 verbi
926 3878 995 3936 arte
1019 3878 1099 3957 puta
1122 3876 1155 3935 te
1178 3870 1293 3936 fallere
1316 3891 1415 3956 posse
1438 3876 1616 3944 tonantem,

802 3975 863 4040 Cui
886 3974 969 4039 nihil
992 3974 1179 4039 abstrusum
1202 3979 1263 4052 est,
1287 3974 1340 4038 cui
1362 3973 1449 4038 bene
1471 3979 1589 4038 cuncta
1610 3980 1733 4059 patent.

721 4079 785 4153 Qui
808 4099 873 4143 non
895 4083 932 4142 ut
955 4078 1053 4158 iuras,
1078 4076 1137 4142 sed
1158 4082 1194 4140 ut
1217 4077 1246 4140 is
1269 4077 1395 4141 iurasse
1418 4077 1555 4163 putavit,

805 4181 867 4246 Cui
889 4181 989 4262 iuras,
1010 4180 1112 4256 audit,
1136 4180 1248 4265 sicque
1271 4201 1308 4244 es
1331 4181 1460 4265 utrique
1482 4201 1576 4245 reus:

719 4284 846 4371 Nempe
870 4283 943 4364 deo,
966 4284 1000 4348 in
1023 4303 1142 4347 vanum
1165 4283 1256 4347 cuius
1278 4283 1328 4347 vis
1352 4303 1482 4348 sumere
1504 4303 1635 4366 nomen,

625 4408 664 4448 ao
809 4387 876 4452 Seu
899 4387 999 4466 socio,
1023 4408 1119 4472 quem
1142 4393 1213 4450 atra
1236 4385 1351 4451 fallere
1373 4384 1487 4451 fraude
1510 4409 1618 4474 paras.

720 4490 757 4555 81
783 4491 891 4555 scelus
913 4496 949 4554 ut
971 4489 1084 4569 facias,
1107 4491 1206 4572 iures,
1229 4496 1308 4555 vota
1330 4489 1421 4555 irrita
1444 4499 1558 4556 sunto:

802 4593 876 4658 Hoc
898 4593 954 4658 illo
978 4601 1029 4658 est
1051 4594 1192 4680 gravius,
1216 4594 1333 4658 vulnus
1355 4600 1528 4688 utrumque
1551 4600 1672 4662 tamen.

718 4697 866 4760 Vulnera
888 4717 989 4782 parva
1011 4697 1128 4776 minus,
1152 4697 1256 4782 magis
1281 4703 1315 4762 et
1337 4698 1461 4762 maiora
1483 4697 1631 4784 fatigant,

802 4801 899 4866 Pelix
922 4802 977 4886 qui
1000 4803 1090 4867 nullo
1113 4804 1249 4867 vulnere
1273 4803 1384 4866 laesus
1408 4803 1486 4867 abit.

458 4942 1794 4954 ...-..-.-—-——-—-——-—-———-———--——————-—————-—-
1799 4945 1896 4952 -.-.-.-

457 5027 509 5082 804
531 5029 646 5082 deoislll
746 5025 798 5080 805
820 5027 913 5080 eratL
1025 5026 1077 5080 809
1098 5029 1245 5095 periurnndi
1258 5027 1283 5078 P
1350 5029 1429 5094 inqua
1442 5027 1467 5078 L
1576 5025 1697 5096 illique
1713 5031 1814 5082 salsoP
1880 5028 2006 5082 lallantL

354 5114 405 5169 812
423 5118 470 5184 qui
486 5133 546 5184 sape
557 5114 583 5165 P
701 5113 753 5165 813
769 5115 872 5177 assidue
884 5115 923 5178 M,
946 5115 1035 5166 asidue
1044 5115 1070 5164 P
1187 5111 1239 5165 816
1256 5115 1290 5165 sit
1301 5115 1325 5164 L
1446 5111 1496 5164 817
1515 5115 1617 5166 mentiri
1634 5117 1722 5168 erulus
1734 5116 1760 5166 P
1863 5113 1915 5167 818
1932 5131 2007 5166 nemo

353 5220 401 5254 orn.
420 5201 446 5251 P
540 5198 747 5267 elopodiae,
774 5201 872 5268 premia
889 5207 1002 5267 tcmpnat
1021 5201 1046 5250 P
1153 5197 1203 5250 821
1231 5201 1280 5250 nisi
1307 5201 1352 5266 qui
1378 5200 1461 5250 sulcet
1479 5199 1505 5249 P
1562 5203 1732 5269 pubpibusdl
1826 5199 1878 5253 823
1903 5203 1959 5252 iura
1976 5200 2008 5250 Μ

354 5285 405 5340 825
423 5289 509 5351 Quum
525 5287 549 5337 L
628 5303 731 5354 omeepe
744 5286 770 5337 P
889 5284 941 5336 826
961 5293 1041 5337 cunta
1054 5285 1078 5334 L
1199 5282 1250 5335 829
1275 5293 1369 5352 prestat
1383 5283 1449 5335 MP
1505 5313 1507 5318 ·
1524 5303 1642 5339 muscam
1659 5289 1696 5340 cd
1712 5307 1794 5355 marg.
1813 5285 2011 5340 murmuransP

354 5370 407 5424 830
424 5373 559 5424 odibetoL
666 5369 717 5423 831
737 5374 763 5424 si
782 5389 829 5424 nec
848 5373 947 5422 siLM
1053 5369 1105 5422 832
1122 5371 1337 5439 linguentibusL
1407 5371 1503 5422 tuueL
1607 5371 1659 5425 833
1675 5376 1708 5425 Et
1725 5374 1791 5436 silli
1855 5371 2010 5440 perurgctP

354 5455 406 5509 834
432 5466 498 5509 mate
507 5454 540 5507 M
607 5475 672 5524 pura
689 5476 755 5509 corr.
774 5456 850 5524 piaP
959 5455 1014 5508 835
1031 5465 1119 5524 putato
1129 5457 1160 5519 P,
1178 5465 1252 5524 putes
1275 5465 1301 5508 ta
1318 5457 1456 5507 Hincmar.
1573 5456 1625 5509 836
1642 5460 1683 5510 cui
1707 5467 1752 5511 tua
1772 5461 1849 5511 corda
1870 5457 2006 5509 ffiaanar.

354 5541 404 5595 831Ι
422 5551 452 5596 ut
468 5542 578 5595 hisLP
681 5540 732 5594 839
750 5545 847 5611 Nempe
866 5561 932 5595 corr.
952 5545 989 5596 Nc
1006 5543 1031 5594 Μ
1101 5542 1238 5596 nomemP
1341 5540 1501 5594 841iursP

459 5697 484 5764 l)
497 5695 544 5751 Ov.
554 5695 603 5751 Ec
613 5695 704 5751 Ponto
714 5696 844 5764 II,10,33
854 5695 1020 5754 sulcavimus
1030 5697 1127 5754 undae.
1163 5697 1191 5766 2)
1203 5695 1528 5761 Marcomannicum
1538 5715 1627 5756 sermo
1633 5701 1736 5754 vester:
1746 5699 1802 5764 Est,
1813 5701 1862 5762 eat,
1872 5713 1937 5760 non,
1944 5713 2002 5752 non
