4612 6420
1069 392 1220 454 ALCUINI
1237 393 1412 452 eleuata

789 571 906 659 Regna
928 574 1029 638 beata
1051 574 1119 660 poli
1143 573 1190 636 sic
1213 573 1342 657 iamque
1367 570 1525 636 scandere
1549 589 1625 656 spos
1649 576 1710 648 est,

791 677 892 743 Cuius
916 699 1008 742 amor
1029 684 1169 746 maneat,
1194 677 1286 741 cuius
1309 677 1342 740 in
1367 675 1463 740 corde
1487 697 1546 760 per
1568 696 1696 740 aevum.

721 803 732 839 s
791 779 942 857 Sanctae,
967 801 985 844 o
1009 781 1146 859 iuvenis,
1169 780 1230 844 tibi
1253 780 1296 844 sit
1316 779 1499 865 sapientiae
1522 777 1628 861 ardor,

790 883 913 970 Sophia
935 890 1013 948 nota
1034 889 1110 947 tuac
1135 883 1178 947 sit
1200 889 1233 948 et
1255 904 1348 948 mens
1371 887 1449 946 nota
1471 880 1641 966 sophiae¹.

788 985 849 1051 Est
872 985 972 1052 decus
996 988 1058 1051 hoc
1081 987 1219 1066 animae,
1242 987 1345 1050 virtus
1367 985 1429 1050 hoc
1453 991 1487 1050 et
1509 985 1640 1048 inclitus
1664 984 1752 1048 ordo.

791 1090 929 1156 Condita
952 1112 1034 1175 gaza
1056 1092 1143 1176 polo,
1167 1110 1281 1154 saccos
1304 1095 1442 1153 vacuate
1466 1109 1630 1173 gazarum.

789 1193 878 1259 Aula
898 1201 989 1259 tenet
1012 1193 1144 1273 Christi,
1168 1192 1333 1258 Christum
1357 1192 1385 1257 si
1407 1192 1550 1277 pectoris
1573 1192 1658 1256 aula.

1199 1655 1301 1720 CXX.

455 1777 724 1867 SEQUENTIA
751 1779 812 1852 DE
840 1779 1028 1853 SANCTO
1056 1780 1311 1869 MICHAELE,
1340 1781 1477 1870 QUAM
1504 1779 1742 1854 ALCUINUS
1770 1779 2043 1853 COMPOSUIT

980 1900 1180 1973 KAROLO
1207 1901 1522 1975 IMPERATORI.

822 2037 849 2099 1.
874 2033 998 2098 Summi
1022 2035 1109 2120 regis
1131 2035 1327 2120 archangele

871 2137 1048 2218 Michahel,

873 2241 1022 2321 Intende,
1045 2262 1253 2325 quaesumus,
1276 2242 1398 2306 nostris

867 2327 1021 2424 hocibus,

822 2449 850 2510 2.
874 2446 922 2512 Tc
945 2469 1084 2533 namque
1108 2449 1298 2534 profitemur
1321 2469 1396 2511 esso

871 2571 1087 2636 supernorum
1109 2551 1289 2636 principem
1313 2551 1442 2614 civium.

874 2652 922 2718 Te
946 2653 1043 2718 deum
1067 2654 1182 2738 generi
1204 2654 1346 2719 humano

871 2762 984 2821 orante
1006 2756 1190 2841 diriguntur
1213 2758 1333 2842 angeli,

821 2862 851 2922 3.
873 2860 924 2924 Ne
948 2860 1080 2926 laedere
1104 2861 1236 2939 inimici,

872 2969 1027 3048 quantum
1051 2963 1195 3049 cupiunt,
1219 2965 1345 3028 versuti

872 3066 980 3131 fessos
1004 3087 1145 3151 unquam
1169 3067 1322 3132 mortales
1345 3067 1567 3152 praevaleant.

858 3169 962 3235 ‘Idem
987 3177 1080 3236 tenes
1103 3171 1254 3256 perpetui

874 3275 1053 3360 potentiam
1076 3273 1230 3360 paradisi,

870 3398 1002 3463 semper
1025 3385 1057 3442 te
1081 3378 1186 3442 sancti
1209 3377 1372 3442 honorant
1394 3377 1514 3462 angeli.

816 3483 846 3546 4.
869 3479 908 3544 In
932 3481 1054 3566 templo
1078 3488 1114 3544 tu
1137 3480 1190 3544 dei

872 3582 1048 3647 turibulum
1071 3605 1207 3648 aureum

871 3686 961 3750 visus
985 3708 1020 3752 es
1044 3687 1200 3751 habuisse
1226 3687 1387 3751 manibus.

870 3789 952 3855 Inde
976 3789 1136 3854 scandens
1159 3811 1262 3875 vapor

871 3898 1015 3958 aromate
1039 3894 1179 3980 plurimo

791 4049 806 4090 s
869 3995 1020 4082 pervenit
1042 4002 1117 4061 ante
1142 4002 1354 4082 conspectum
1376 3996 1461 4061 dei².

817 4102 846 4162 5.
869 4099 920 4162 Tu
942 4097 1108 4163 crudelem
1132 4120 1206 4163 cum
1228 4099 1403 4164 draconem
1425 4099 1501 4163 forti
1524 4120 1622 4163 manu
1645 4105 1819 4176 straveras,

870 4201 1021 4265 faucibus
1044 4202 1133 4266 illius
1157 4203 1283 4266 animas
1308 4202 1422 4266 eruisti
1445 4203 1612 4287 plurimas.

872 4304 960 4369 Hinc
983 4307 1162 4370 maximum
1185 4308 1345 4392 agebatur
1367 4308 1401 4370 in
1424 4309 1515 4372 caelo
1539 4307 1715 4386 silentium,

828 4442 848 4472 a
869 4409 971 4473 millia
993 4409 1131 4472 millium
1155 4416 1189 4474 et
1210 4409 1333 4474 dicunt:
1360 4409 1467 4475 ‘Salus
1491 4411 1562 4495 regi
1585 4409 1736 4474 domino'.

818 4515 848 4575 6.
871 4510 960 4575 Audi
983 4533 1053 4590 nos,
1077 4511 1252 4591 Michahel,

869 4615 986 4699 angele
1010 4636 1147 4695 summe,

868 4718 931 4782 hue
954 4739 1070 4803 parum
1093 4717 1257 4783 descende

868 4820 909 4886 de
932 4821 1000 4906 poli
1024 4820 1113 4901 sede,

529 4979 777 4987 ——-——.-...
799 4980 863 4985 .--.-
871 4979 972 4985 -.....--v
979 4979 1051 4984 .-—---
1058 4979 1119 4984 -..-.-.
1132 4979 1218 4985 .-...-...
1226 4979 1306 4985 ---—.
1317 4979 1648 4986 -......-.—„..-.„,......,—.

528 5079 545 5131 4
571 5097 631 5151 epm
645 5081 670 5132 R
807 5080 824 5131 6
850 5082 883 5132 sit
900 5099 948 5132 om.
963 5081 995 5146 Ε,
1022 5089 1066 5145 tue
1094 5083 1173 5132 menti
1199 5090 1225 5132 et
1242 5081 1277 5131 M
1283 5081 1310 5132 Ε
1323 5082 1417 5148 Hagen
1569 5081 1584 5132 ‘l
1612 5085 1659 5134 Ast
1677 5083 1715 5148 M,
1744 5084 1801 5133 Hoc
1827 5091 1866 5134 ost
1891 5083 1970 5149 docus
1987 5081 2036 5132 hoo
2050 5079 2075 5129 H

420 5167 480 5217 orde
498 5165 523 5216 R
625 5165 707 5220 Sum.
726 5165 758 5219 M

489 5249 578 5318 [CXX]
614 5255 949 5322 Sequentia—imperatori
970 5255 1025 5304 cod.
1058 5253 1212 5306 ltaairaais
1235 5256 1297 5305 clarit.
1321 5253 1389 5306 1285
1415 5275 1435 5306 a.
1453 5258 1497 5307 xl.
1520 5273 1577 5307 cum
1600 5257 1710 5320 amttam,
1740 5273 1771 5307 ex
1800 5273 1849 5322 qno
1873 5255 1951 5307 edidit
1996 5255 2074 5307 Morte

419 5339 505 5390 doleia.
523 5339 644 5406 Hymnen
661 5343 682 5406 1,
700 5337 759 5393 452.
869 5338 911 5405 5‚1
931 5357 1011 5406 quum
1029 5340 1106 5392 Morte

526 5509 551 5574 1)
569 5507 729 5562 Ermenrica'
746 5510 826 5578 epist.
846 5510 883 5563 ad
903 5508 1034 5564 Grimcld.
1050 5526 1080 5579 p.
1099 5510 1115 5563 9
1139 5509 1290 5578 Utriusque
1308 5510 1392 5564 huius
1410 5513 1459 5575 (sc.
1478 5513 1626 5565 coruncanis
1644 5511 1777 5582 syllabae)
1797 5512 1953 5580 exemplum
1972 5511 2002 5564 in
2020 5510 2072 5564 hoc

419 5618 514 5656 versu:
536 5602 641 5672 Sophia
658 5605 726 5658 nota
744 5606 811 5657 tuae
830 5604 918 5658 menti
936 5608 965 5659 et
982 5621 1059 5658 mens
1078 5608 1145 5658 nota
1164 5605 1290 5674 sophiae,
1315 5605 1352 5672 cs.
1373 5605 1551 5674 Quaestionea
1569 5610 1710 5674 grammat.
1729 5607 1785 5660 cod.
1805 5607 1940 5660 Berosus.
1960 5605 2072 5672 (Amal.

418 5697 527 5752 Helvet.
546 5697 587 5752 ed.
610 5698 710 5768 Hagen
723 5715 754 5768 p.
774 5699 841 5766 174).
912 5699 939 5766 2)
960 5701 1002 5769 Os.
1021 5699 1136 5770 Apocal.
1154 5700 1179 5764 8,
1192 5700 1217 5764 3,
1232 5700 1258 5754 4.
