4694 6428
480 415 529 469 AD
547 414 868 478 ΤΗΕΟΡΗῘΒΑΟΤΠΜ,
886 415 936 469 ΑΙ)
954 414 1081 470 FILIUM
1100 413 1299 480 PRODIGUM,
1317 415 1364 472 DE
1382 417 1497 472 CELLA
1518 417 1595 474 SUA.
1801 423 1863 485 243

582 589 636 654 Sic
660 595 717 654 tua
739 591 811 654 laus
836 590 963 670 crescit,
986 611 1113 656 merces
1137 591 1183 654 sic
1207 611 1326 675 magna
1347 591 1493 656 manebit

663 693 794 758 Pastori
815 715 944 758 summo
969 693 1057 758 sedis
1081 694 1292 779 apostolicae.

512 818 523 853 ⁵
583 795 684 861 Cuius
708 817 819 861 amore
842 797 896 882 pio
919 818 972 862 me
995 803 1031 860 tu
1055 796 1256 879 commende,
1280 819 1442 883 rogamus,

666 899 880 965 Commendet
903 898 1034 964 Christo
1056 907 1093 963 ut
1114 921 1166 964 me
1189 906 1284 986 pater
1306 922 1362 966 ore
1386 922 1455 966 suo.

581 1000 650 1065 Vos
674 1003 806 1088 pariter,
829 1009 951 1088 patres,
975 1023 1105 1089 semper
1128 1003 1199 1067 sinc
1223 1003 1286 1067 fine
1301 1004 1429 1083 valete,
1459 1021 1463 1028 ·

664 1103 812 1168 Dextera
834 1125 892 1168 uos
917 1103 1040 1168 Christi
1062 1110 1216 1189 protegat
1238 1110 1335 1188 atque
1359 1109 1463 1188 regat.

983 1532 1096 1598 XXII.

582 1669 658 1748 Cur,
682 1691 773 1756 rogo,
796 1679 883 1752 nate,
906 1657 963 1734 tuo
987 1672 1072 1757 patri
1096 1671 1258 1751 irasceris,
1281 1676 1388 1736 amate
1401 1674 1421 1751 ¹,

664 1775 809 1859 Longius
833 1780 980 1861 optatum
1003 1795 1081 1838 mox
1104 1775 1199 1840 modo
1224 1775 1330 1861 carpis
1353 1776 1438 1839 iter?

584 1880 627 1944 Et
649 1886 686 1945 tu
707 1882 810 1945 tristis
834 1882 915 1962 abis,
939 1887 1066 1969 patrem
1089 1883 1280 1968 tristemque
1304 1882 1470 1968 relinquis,

665 1983 712 2048 Ut
735 1986 915 2049 sceleratus
939 2006 1001 2070 ego
1024 1985 1150 2050 iudicor
1173 2007 1250 2051 ecee
1273 2007 1360 2052 reus.

584 2085 690 2151 Iratus
714 2087 820 2151 calido
843 2087 1017 2173 quicquam
1040 2109 1101 2152 neo
1125 2095 1258 2174 pectore
1280 2088 1360 2168 dixi,

665 2190 820 2254 Mandaei
841 2188 970 2276 placida
992 2189 1101 2255 dicere
1124 2191 1225 2255 verba
1247 2191 1318 2254 tibi.

582 2292 684 2367 Utere
707 2315 769 2357 ceu
791 2293 932 2380 propriis
954 2293 1052 2357 rebus
1076 2293 1216 2358 feliciter
1238 2293 1313 2369 illis,

664 2396 748 2461 Sunt
770 2417 843 2461 mea
867 2397 987 2483 quippe
1012 2403 1077 2478 tua,
1101 2397 1166 2461 sint
1188 2403 1244 2461 tua
1267 2417 1369 2481 queso
1392 2417 1476 2460 mea.

889 2819 1106 2898 ‘'xxrn.

582 2965 610 3028 O
633 2988 708 3032 mea
730 2968 826 3046 cella,
848 2965 929 3030 mihi
951 2964 1112 3029 habitatio
1136 2963 1251 3046 dulcis,
1274 2964 1416 3030 amalrih

664 3071 803 3157 Semper
824 3071 858 3134 in
881 3075 1062 3149 aeternum,
1086 3090 1104 3132 o
1127 3089 1202 3134 mea
1224 3069 1317 3148 cella,
1340 3069 1424 3132 vale.

580 3172 732 3258 Undique
756 3180 789 3238 te
814 3173 917 3258 cingit
939 3173 1038 3237 ramis
1062 3171 1293 3236 resonantibus
1316 3170 1426 3248 arbos,

668 3277 796 3341 Silvula
817 3277 979 3362 florigeris
1003 3296 1134 3360 semper
1157 3281 1275 3340 onusta
1299 3275 1411 3339 comis.

583 3379 682 3443 Prata
705 3379 883 3444 salutiferis
906 3379 1069 3444 florebunt
1092 3379 1201 3442 omnia
1224 3386 1258 3443 et
1279 3378 1402 3456 herbis,

664 3479 753 3554 Quas
776 3483 893 3548 medioi
918 3483 1046 3568 quaerit
1070 3480 1188 3547 dextra
1210 3481 1325 3545 salutis
1349 3500 1421 3565 ope.

580 3583 732 3650 Flumina
754 3591 787 3650 te
811 3586 946 3671 cingunt
966 3584 1157 3650 florentibus
1180 3582 1323 3670 undique
1346 3582 1437 3668 ripis,

662 3687 760 3753 Retia
782 3689 927 3775 piscator
949 3709 1013 3775 qua
1036 3709 1095 3752 sua
1117 3685 1223 3752 tendit
1245 3707 1356 3751 orans.

548 3833 553 3840 -
580 3791 754 3856 Pomiferis
776 3793 927 3858 redolent
948 3793 1046 3857 ramis
1069 3798 1126 3856 tua
1149 3792 1294 3856 claustra
1316 3811 1377 3876 per
1398 3789 1522 3866 hortos,
1544 3833 1550 3846 ,

502 3914 525 3951 1⁰
667 3896 755 3960 Lilia
777 3917 850 3961 cum
874 3896 996 3960 rosulis
1020 3894 1159 3960 candida
1182 3895 1285 3958 mixta
1307 3892 1426 3960 rubris.

582 3998 687 4064 Omne
712 4007 816 4083 genus
838 4000 1007 4064 volucrum
1030 3998 1207 4062 matutinas
1230 4002 1386 4084 personat
1409 3995 1499 4076 odas,

663 4101 773 4188 Atque
796 4109 978 4168 creatorem
1001 4100 1113 4166 laudat
1135 4101 1169 4164 in
1192 4123 1249 4166 ore
1272 4099 1405 4200 deumfl

576 4204 670 4271 Inte
693 4207 864 4293 personuit
887 4204 1048 4293 quondam
1070 4226 1136 4269 vox
1157 4204 1243 4268 alma
1266 4203 1425 4288 magistri,

660 4308 753 4383 Quae
777 4331 869 4376 sacro
894 4309 1029 4396 sophiae
1054 4306 1187 4372 tradidit
1210 4327 1266 4372 oro
1289 4307 1401 4370 libros.

496 4432 520 4470 a
579 4411 618 4477 In
639 4420 673 4478 te
695 4415 899 4500 temporibus
923 4415 1023 4480 certis
1047 4413 1118 4477 laus
1143 4417 1258 4476 saneta
1279 4411 1424 4474 tonantis

662 4517 812 4583 Pacificis
837 4519 945 4583 sonuit
967 4517 1104 4583 vocibus
1129 4523 1228 4602 atque
1251 4514 1379 4579 animis.

317 4804 352 4857 33
370 4809 420 4859 Hic
440 4809 462 4870 Q
565 4808 600 4862 35
617 4814 765 4864 commenda
782 4831 822 4865 rna
840 4832 902 4880 rogo
920 4815 998 4864 irater
1018 4817 1040 4874 e
1143 4807 1177 4862 37
1197 4809 1296 4862 ualeZ

284 4892 377 4958 [XXII]
413 4896 467 4946 sinc
489 4897 560 4947 tituto
580 4897 605 4946 Z
612 4900 638 4964 f.
655 4897 714 4962 2‘28,
736 4896 887 4964 Qp.1t30
908 4917 933 4949 a.
952 4900 1044 4950 CCXX
1119 4941 1121 4944 .
1158 4893 1323 4960 3relingues
1349 4911 1416 4945 corr.
1439 4895 1467 4945 ia
1494 4895 1619 4961 relinguis
1637 4894 1670 4960 Z,
1697 4896 1821 4962 relinquis
1847 4895 1870 4959 Q

215 4975 451 5043 bpotsrodixit
548 4980 783 5049 8quaesotan

285 5063 391 5131 [xxm]
426 5067 505 5117 edidit
524 5068 547 5129 Q
559 5087 588 5136 p.
607 5067 744 5121 1731-32
766 5089 791 5121 a.
811 5073 928 5120 (tt‘xxfl
951 5087 1008 5120 crim
1033 5069 1086 5119 alio
1108 5068 1222 5118 carusius
1245 5083 1386 5118 connexum
1405 5084 1422 5116 a
1439 5084 1488 5132 quo
1506 5066 1652 5118 Frobcuior
1670 5086 1700 5134 p.
1717 5065 1770 5120 456
1792 5068 1822 5118 id
1838 5069 1869 5118 ob

215 5152 357 5212 armeniensi
373 5153 542 5206 diversitatem
560 5157 771 5222 rertcseparom't.
851 5153 928 5207 bore
944 5155 973 5220 Q,
991 5171 1038 5222 ope
1057 5153 1127 5203 Mac.
1145 5153 1225 5216 (alna.
1246 5155 1277 5217 ll,
1296 5149 1358 5216 346)
1435 5149 1469 5202 16
1486 5153 1609 5204 Pacificas
1621 5151 1650 5218 Q,
1668 5154 1785 5205 Pacificis
1797 5153 1869 5204 Mac.

319 5306 345 5373 1)
364 5305 462 5360 Eidem
479 5307 599 5374 sonasse
608 5307 744 5377 discipulo
755 5307 867 5376 iufeaao
880 5307 992 5377 scripsit
1005 5305 1141 5360 Atestinus
1154 5304 1303 5374 epistolam,
1322 5319 1378 5373 qua
1391 5318 1451 5356 eam
1462 5303 1609 5358 conciliare
1620 5304 1735 5369 studuit,
1753 5321 1777 5358 o.
1791 5305 1869 5358 Meu.

215 5405 323 5460 dicuin.
338 5424 368 5478 p.
386 5409 445 5464 ιΖῙΟ.
533 5412 560 5477 2)
587 5411 629 5479 eff.
648 5411 786 5464 Mobitloa
804 5411 878 5464 Ana.
897 5410 940 5473 ΙΙ,
962 5410 1027 5463 346:
1055 5409 1137 5463 Forte
1160 5409 1209 5463 hos
1232 5425 1326 5461 versus
1349 5411 1412 5477 post
1436 5409 1552 5460 mortem
1570 5407 1683 5462 Aleuini
1710 5411 1739 5462 et
1757 5407 1868 5461 Homeri

214 5527 261 5563 seu
281 5511 439 5580 Angilberti
465 5513 607 5584 scripserit
624 5515 786 5584 Fridugisus
809 5515 907 5572 abbas.
935 5513 1047 5567 Aleuini
1071 5529 1222 5572 successor,
1250 5511 1307 5579 qui,
1332 5527 1395 5564 cum
1419 5507 1525 5562 rideret
1549 5509 1736 5565 Cormarioum
1756 5511 1868 5581 proprio

215 5613 270 5667 iam
292 5615 414 5683 gaudere
436 5617 551 5681 abbate,
578 5633 678 5687 nempe
696 5617 808 5681 Iacobo,
836 5619 908 5672 hune
932 5616 1031 5670 cellam
1054 5615 1133 5682 quasi
1157 5613 1210 5668 sibi
1229 5613 1401 5667 subtractum
1420 5611 1554 5679 queritur.
1602 5613 1667 5684 Epo
1685 5631 1721 5668 ex
1738 5613 1869 5670 carminis

214 5719 365 5776 elomrtic'ne
383 5719 417 5772 de
435 5720 554 5774 dicuin-o
571 5727 684 5775 auctore
701 5721 809 5775 minime
826 5719 930 5774 dubito.

1611 5808 1665 5864 31*
