4574 6442
951 505 1089 562 VERSUS
1108 503 1225 563 LIBRIS
1243 507 1393 563 SAECULI
1413 507 1478 562 VIII
1497 507 1649 564 samari.

843 679 1039 767 Latorisque
1062 683 1110 746 tui
1134 683 1250 747 sollers
1274 691 1430 768 patronus
1454 684 1579 749 adesto.

843 889 1004 975 Asperius
1027 891 1188 975 impressa
1211 911 1326 954 manus
1349 891 1513 955 tenuando
1535 892 1660 976 polivit.

844 989 895 1055 an
918 991 1021 1057 habes
1045 993 1077 1055 iu
1100 1000 1241 1077 promtu,
1265 1013 1283 1055 o
1307 1013 1376 1072 reu,
1401 993 1486 1076 quod
1509 994 1652 1057 iusseras
1676 994 1761 1071 otim,

847 1094 995 1182 Suscipe,
1020 1103 1053 1159 et
1076 1118 1094 1160 o
1117 1097 1200 1160 felix
1221 1096 1341 1159 multos
1364 1096 1466 1160 utaris
1490 1118 1549 1182 per
1570 1119 1682 1160 annos.

891 1265 1165 1330 EPIGRAMMA
1188 1265 1350 1330 OPERIS
1375 1266 1724 1341 SUBSEQUENTIS.

845 1385 872 1448 Ο
897 1407 993 1471 quam
1016 1407 1135 1471 magna
1157 1395 1232 1449 tuae
1256 1387 1381 1450 clarent
1403 1388 1580 1472 praeconia
1601 1388 1717 1464 laudis,
1767 1453 1769 1460 χ

846 1489 920 1553 Rex
944 1488 1073 1570 Oarolc,
1096 1490 1178 1554 felix
1201 1499 1236 1553 et
1258 1497 1354 1553 notus
1377 1491 1410 1552 in
1431 1491 1582 1555 omnibus
1604 1492 1701 1555 arvis.

843 1591 981 1657 Finibus
1005 1593 1161 1656 extremis
1186 1599 1242 1655 tua
1265 1593 1531 1656 maximeiussio
1555 1593 1667 1678 pollet.

845 1692 925 1766 Quis
948 1696 1037 1760 valet
1060 1694 1183 1759 urbane
1206 1694 1320 1759 laudes
1344 1717 1493 1760 sermono
1516 1697 1619 1782 polito

846 1798 932 1878 Fari,
956 1819 1084 1883 magne,
1107 1805 1191 1879 tuas,
1214 1799 1298 1862 caeli
1322 1800 1383 1862 sub
1407 1800 1545 1864 culmine
1569 1801 1696 1864 claras?

846 1901 928 1975 Quis
950 1909 1006 1966 tua
1029 1903 1132 1965 mixta
1155 1910 1252 1966 canat
1275 1904 1357 1966 mira
1378 1904 1502 1988 pietate
1526 1904 1695 1989 trophaea,

844 2003 1052 2091 Divitiasquc
1076 2015 1149 2070 tuas
1172 2008 1269 2092 longo
1288 2007 1366 2091 ·quis
1390 2009 1532 2072 carmIne
1555 2008 1695 2093 pandat?

844 2108 925 2182 Quis
950 2111 1067 2174 saltem
1088 2111 1211 2196 poterit
1234 2111 1353 2176 seriem
1377 2133 1568 2176 enumerare
1591 2111 1758 2182 librorum,

844 2211 935 2285 Quos
958 2221 1015 2278 tua
1038 2216 1078 2280 de
1102 2216 1213 2279 multis
1237 2216 1368 2301 copulat
1391 2217 1555 2280 sententia
1578 2217 1683 2290 terris,

847 2315 1042 2382 Sanctorum
1063 2339 1225 2382 renovans
1247 2326 1376 2404 patrum
1400 2321 1586 2405 conscripta
1607 2321 1762 2404 priorum.

843 2419 930 2483 Nam
952 2422 1107 2506 quiequid
1130 2443 1258 2486 sacrum
1281 2421 1391 2486 diviua
1414 2423 1578 2486 volumina
1600 2423 1708 2487 verbis

844 2522 985 2608 Eloquia
1009 2545 1173 2610 sensuque
1197 2524 1325 2604 docent,
1349 2525 1435 2609 quod
1458 2525 1626 2610 praedicat
1648 2526 1719 2612 ipsc

810 2645 813 2650 ’
845 2628 1010 2712 Antiquos
1033 2627 1145 2692 mundi
1166 2629 1329 2713 replicans
1354 2628 1490 2692 exordia
1511 2637 1613 2700 rates,

847 2730 914 2796 Seu
937 2732 992 2795 ille
1015 2732 1170 2796 historias
1194 2739 1296 2811 texat,
1320 2754 1380 2796 scu
1401 2731 1486 2796 forte
1509 2733 1645 2816 figuras3

848 2833 943 2906 Quod
965 2834 1094 2900 diuersa
1117 2843 1203 2900 retro
1226 2836 1401 2900 multorum
1424 2844 1573 2922 tempora
1596 2857 1710 2920 regum

844 2933 926 3002 Post
947 2938 1038 3002 Ruth
1061 2938 1217 3004 succiduo
1240 2946 1416 3024 gesseruut
1439 2939 1553 3005 ordine
1576 2961 1741 3026 magnum,

846 3041 910 3107 Vel
935 3042 990 3127 qui
1012 3048 1088 3128 post
1111 3043 1287 3128 reprobum
1310 3041 1471 3106 Dauidica
1494 3065 1596 3126 regna
1619 3041 1752 3106 Saulem

846 3145 912 3218 Ter
933 3146 1181 3231 quinquagenos
1206 3147 1408 3231 scripserunt
1431 3147 1575 3210 carmine
1597 3147 1758 3231 psalmos;

844 3249 1005 3314 Pacificas
1028 3249 1182 3334 quicquid
1206 3250 1272 3312 lata
1294 3251 1380 3313 inter
1403 3257 1534 3335 sceptra
1557 3249 1712 3313 Salomon

761 3375 772 3412 r
847 3352 1031 3418 Obscurum
1055 3375 1153 3416 sensu
1177 3353 1346 3438 praeclara
1368 3353 1542 3438 proverbia
1565 3352 1668 3416 duxit.

845 3455 1005 3540 Quodque
1030 3456 1081 3519 bis
1105 3455 1213 3518 octoni
1237 3462 1313 3540 post
1336 3477 1371 3519 se
1395 3455 1506 3520 vidore
1529 3456 1720 3541 prophetae,

845 3559 941 3633 Quod
966 3561 1112 3624 clausum
1134 3558 1195 3622 Iob
1219 3558 1308 3622 mitis
1331 3560 1378 3623 ait
1401 3581 1473 3623 cum
1497 3561 1632 3624 vulnere
1655 3568 1778 3645 aperto.

845 3657 967 3728 Esther
990 3662 1068 3749 quid
1091 3684 1269 3727 memorem
1294 3670 1327 3727 et
1349 3671 1459 3727 castae
1483 3663 1654 3727 mendacia
1675 3663 1807 3727 Iudith?

846 3768 961 3833 Ornati
986 3789 1060 3831 cum
1082 3767 1196 3831 fraude
1221 3773 1350 3852 satraps
1374 3767 1563 3832 accenditur
1586 3769 1661 3848 oris,

761 3895 786 3931 rs
846 3871 928 3936 Cum
951 3880 1061 3936 manet
1084 3870 1225 3936 illudens
1249 3871 1449 3935 obscoenum
1471 3871 1593 3935 femina
1616 3873 1746 3951 lectum,

845 3974 1056 4061 Desectoque
1080 3977 1167 4040 feros
1192 3975 1373 4060 compescit
1395 3975 1518 4038 vortice
1544 3977 1643 4040 visus.

845 4079 941 4153 Quod
965 4079 1083 4144 melius
1107 4100 1245 4143 cernens
1270 4085 1402 4142 caecato
1426 4078 1458 4140 in
1481 4099 1618 4162 corporo
1642 4078 1737 4158 Tobi,

845 4182 937 4256 Quae
962 4190 1090 4246 secreta
1112 4181 1227 4245 videus
1251 4181 1443 4266 perscripsit
1465 4179 1614 4244 conditor
1635 4180 1749 4260 Erras,

846 4284 1012 4370 Quidquid
1034 4291 1110 4370 post
1133 4281 1273 4370 priscam
1297 4282 1477 4348 succedens
1500 4286 1606 4369 gratIa
1628 4285 1735 4368 legem

780 4415 781 4418 ¹
848 4391 980 4456 Intonat
1003 4399 1101 4475 atque
1123 4391 1202 4454 novi
1225 4391 1382 4455 miracula
1404 4391 1603 4454 testamenti.

843 4495 929 4560 Hinc
953 4495 1093 4559 hominis
1117 4495 1238 4558 clamat
1260 4493 1372 4561 facies.
1396 4495 1452 4573 ait,
1476 4493 1551 4558 iude
1576 4495 1691 4564 lconis,

844 4599 888 4662 Et
911 4599 1028 4684 pernix
1051 4598 1160 4682 aquila
1183 4604 1215 4661 ct
1237 4597 1331 4661 sortis
1355 4598 1534 4662 certamine
1557 4605 1686 4672 taurum

843 4701 925 4767 Inde
948 4713 1064 4786 quater
1087 4702 1172 4765 terni
1194 4702 1285 4787 puris
1309 4701 1395 4786 quod
1417 4700 1583 4764 mentibus
1607 4701 1683 4785 agni

844 4805 993 4891 Egerunt
1016 4811 1084 4869 toto
1109 4811 1303 4894 spargentes
1328 4805 1453 4869 semina
1477 4802 1612 4878 mundo;

762 4931 788 4968 sc
846 4909 905 4972 Bis
929 4914 1068 4994 septena
1089 4909 1135 4994 pii
1159 4908 1246 4993 quod
1270 4908 1394 4994 spargit
1417 4908 1557 4993 epistota
1579 4906 1684 4988 Pauli,

845 5010 940 5085 Quod
962 5010 1083 5080 Petrus
1106 5011 1325 5095 Iacobusque,
1349 5009 1436 5095 quod
1459 5009 1558 5073 Iudas
1583 5017 1616 5074 et
1639 5010 1721 5097 ipse,

845 5114 908 5188 Qui
931 5123 1109 5202 conspecta
1132 5116 1233 5180 refert
1256 5115 1341 5180 caeli
1365 5123 1494 5179 secreta
1516 5114 1691 5186 Iohannes,

845 5219 933 5293 Quin
956 5225 990 5283 et
1013 5218 1150 5284 veridici
1173 5239 1256 5303 quae
1280 5218 1421 5304 plurIma
1444 5225 1637 5282 tractatores

587 5379 876 5388 .-—.-———-..-....
1017 5378 1368 5386 ...-...---.-—.*...-.---——
1636 5379 1641 5382 -
1668 5381 1701 5384 .-
1726 5381 1811 5387 -..η-,ὴ
1842 5384 1880 5388 —
1939 5386 1953 5390 ὴ
1979 5389 2038 5397 -.,‚

586 5482 615 5534 ll
637 5481 806 5547 Lautorisqcc
826 5483 853 5547 U,
872 5482 1023 5546 latorisque
1042 5481 1140 5545 accen.
1246 5479 1280 5531 12
1297 5481 1338 5530 tic
1355 5489 1412 5532 erat
1430 5481 1540 5546 quadam
1558 5481 1635 5531 carrina
1651 5500 1739 5532 ceruus
1757 5501 1864 5533 samiam
1883 5486 1908 5534 iu
1928 5505 1975 5537 cria.
1998 5491 2136 5544 Μιιηῃήῑ

903 5571 1022 5635 Ignoscat
1040 5567 1162 5634 placidus,
1181 5569 1297 5633 ignoscat
1315 5575 1399 5618 mente
1416 5569 1544 5633 benignus

901 5655 976 5719 Quod
993 5663 1018 5705 tc
1036 5653 1194 5706 sordidulum
1208 5655 1275 5704 ¹dum
1292 5672 1371 5705 conor
1388 5654 1435 5704 rita
1452 5655 1537 5706 lavore
1556 5655 1654 5720 Eupcu.
1672 5659 1773 5722 supplet

479 5731 513 5783 13
531 5739 619 5806 Aspar-i
637 5753 683 5796 aut
703 5741 729 5804 ζ’,
749 5743 870 5809 Aspar-ius
888 5743 954 5807 Eup

592 5831 602 5894 lj
623 5829 639 5882 9
657 5828 785 5880 scrutentIa
804 5829 837 5894 (I,
865 5830 1005 5896 sapientiis?
1130 5825 1162 5877 lu
1179 5828 1303 5878 subciduo
1324 5827 1346 5877 U
