4574 6442
1084 425 1235 482 ALCUlNl
1253 427 1428 482 CARMINA.

856 600 946 665 Vasa
968 601 1159 666 ministeriis
1183 609 1355 688 praestans
1377 603 1523 689 pretiosa
1546 607 1693 670 sacratis.

855 704 1013 789 Argento,
1036 706 1174 789 gemmis
1198 728 1271 770 aras
1294 707 1426 771 vestivit
1449 715 1592 788 etcum,

858 809 971 874 Serica
992 808 1174 894 parietibus
1197 809 1336 875 tendens
1359 810 1521 875 velamina
1544 813 1661 884 saeris:

857 912 940 976 Auri
961 913 1113 977 blateolis
1137 913 1272 999 pulchre
1295 913 1450 978 distincta
1473 937 1620 996 coronas,

762 1045 765 1053 ·
859 1016 1045 1101 Sanctaque
1068 1016 1238 1103 suspendit
1260 1017 1368 1083 varias
1391 1040 1451 1104 per
1473 1026 1560 1084 tecta
1580 1021 1743 1101 lucernas,

856 1119 956 1185 Esset
978 1120 1071 1185 utin
1093 1120 1225 1206 templis
1248 1121 1331 1184 caeli
1355 1122 1517 1186 stellantis
1539 1123 1658 1208 imago,

858 1223 1136 1309 Christicolasque
1159 1244 1278 1308 greges
1301 1224 1395 1288 duxit
1416 1225 1554 1289 devotus
1577 1227 1610 1290 in
1633 1228 1716 1307 illas,

858 1327 904 1391 Ut
926 1328 1043 1392 fierent
1065 1327 1197 1391 domino
1220 1326 1334 1393 laudes
1358 1328 1429 1393 sine
1452 1329 1516 1393 fine
1540 1337 1724 1395 canentum.

858 1430 887 1494 Ο
910 1431 1026 1516 pietas,
1051 1452 1070 1494 o
1094 1432 1183 1496 celsa
1205 1431 1302 1496 fides!
1325 1453 1400 1496 nam
1424 1432 1577 1518 quioquid
1599 1434 1753 1514 habebat,

764 1555 775 1591 2
858 1533 1020 1619 Prodigus
1043 1535 1076 1597 in
1099 1533 1222 1598 domini
1244 1555 1399 1618 gazarum
1422 1537 1541 1622 sparsit
1563 1537 1738 1612 honorem;

859 1637 1066 1723 Quapropter
1088 1638 1191 1703 titulis
1214 1639 1371 1703 virtutum
1395 1638 1528 1721 claruit.
1543 1646 1640 1725 atque

861 1740 1035 1825 Signorum
1059 1741 1183 1805 celebri
1204 1741 1292 1806 fama
1316 1749 1367 1806 est
1390 1743 1542 1827 vulgatus
1565 1743 1697 1827 ubique,

860 1843 953 1918 Quae
972 1841 1069 1907 modo
1085 1865 1144 1929 per
1159 1842 1315 1908 mundum
1330 1845 1428 1909 cartis
1444 1846 1602 1930 inscripta
1615 1846 1783 1930 leguntur:

861 1946 1008 2020 Quorum
1030 1967 1135 2032 pauca
1157 1947 1240 2012 libet
1262 1948 1364 2033 lyrico
1388 1969 1474 2012 nunc
1496 1955 1631 2033 tangere
1649 1950 1784 2035 plectro,

765 2075 777 2110 a
861 2049 906 2113 Et
927 2055 1037 2135 partes
1061 2057 1176 2114 cantus
1200 2050 1325 2115 calamo
1349 2059 1500 2116 currente
1522 2053 1645 2117 referre
1656 2054 1676 2116 ¹.

861 2153 1023 2238 Tempore
1036 2173 1112 2216 nam
1127 2152 1266 2237 quodam
1282 2155 1415 2238 praesul
1431 2155 1655 2219 sanctissimus
1669 2153 1785 2220 Aedan
1905 2157 1937 2207 B.
1953 2155 2015 2220 ΠΙ,
2031 2163 2054 2202 ⁶·

862 2257 944 2322 Qum
967 2278 1045 2342 rege
1070 2263 1103 2321 et
1125 2259 1247 2343 populo
1270 2257 1437 2342 paschalia
1459 2258 1545 2322 festa
1567 2260 1711 2344 peregit;

862 2359 944 2424 Eius
967 2380 1027 2424 rex
1049 2359 1182 2424 monitis
1206 2381 1281 2423 nam
1305 2361 1393 2424 omni
1418 2362 1553 2424 servivit
1576 2362 1609 2425 in
1632 2368 1718 2425 actu.

863 2462 1010 2527 Plurima
1031 2483 1091 2548 per
1113 2464 1240 2548 plateas
1264 2463 1396 2549 inopum
1419 2470 1496 2528 tunc
1526 2465 1621 2528 turba
1651 2465 1790 2546 iacebat,

769 2593 780 2628 2
863 2567 895 2630 A
918 2587 996 2650 rege
1021 2566 1139 2652 stipem
1163 2567 1308 2651 rogitans
1331 2567 1473 2632 clamore
1497 2567 1673 2653 frequenti.

861 2669 1055 2756 Ingrediens
1077 2668 1214 2734 recubat
1235 2670 1299 2734 iam
1323 2676 1355 2734 et
1378 2692 1437 2736 rex
1462 2671 1677 2755 simulatque
1701 2671 1864 2747 sacerdos,

862 2772 1069 2857 Argentique
1091 2772 1182 2857 prius
1206 2778 1400 2858 pensantem
1423 2773 1562 2859 plurima
1585 2773 1710 2838 discum

864 2873 1016 2940 Pondera
1039 2895 1111 2938 eum
1135 2873 1274 2960 dapibus
1297 2875 1409 2938 statim
1431 2875 1552 2939 direxit
1574 2877 1699 2960 egenis.

864 2977 957 3042 Vidit
972 2985 1008 3042 ut
1029 2977 1091 3042 hoc
1107 2979 1249 3064 praesul,
1273 2976 1420 3042 dextram
1438 2979 1639 3065 comprendit
1655 2987 1688 3045 et
1703 2980 1789 3043 infit:

789 3109 791 3112 ·
868 3082 1082 3168 ‘Incorrupta,
1100 3102 1226 3167 precor,
1242 3090 1372 3146 maneat
1387 3104 1503 3147 manus
1520 3085 1582 3147 ista
1599 3105 1658 3170 per
1673 3081 1816 3148 aarum?

863 3183 958 3258 Quod
982 3184 1042 3248 fuit
1065 3183 1259 3252 etinctum:
1284 3192 1397 3248 sancto
1420 3207 1496 3249 nam
1512 3209 1590 3272 rege
1607 3195 1788 3273 perempto,

864 3287 990 3353 Gentili
1012 3287 1122 3373 gladio
1145 3289 1327 3373 praecisam
1350 3310 1370 3353 a
1390 3310 1525 3375 corpore
1548 3289 1699 3354 dextram
1903 3285 1936 3335 B.
1953 3285 2018 3352 111,
2035 3301 2070 3338 1²-

866 3391 985 3478 Stipite
1009 3391 1229 3477 suspendunt;
1253 3393 1388 3457 veniens
1412 3414 1472 3456 rex
1495 3392 1582 3456 illius
1605 3393 1733 3472 haeres,

864 3493 954 3559 Oswi
976 3515 1151 3578 germanus
1174 3495 1322 3579 germani
1345 3501 1379 3558 et
1401 3495 1568 3579 sanguinis
1591 3496 1686 3576 ultor,

798 3625 809 3660 s
868 3597 1017 3682 Arripuit
1040 3596 1200 3675 dextram,
1223 3597 1460 3683 Babbamque²
1474 3598 1601 3662 ferebat
1616 3599 1649 3662 in
1664 3599 1789 3678 urbem,

865 3700 1005 3785 Argenti
1029 3699 1174 3764 condens
1197 3701 1303 3764 loculo
1327 3700 1388 3763 sub
1411 3700 1551 3765 culmine
1571 3701 1695 3786 templi,

865 3802 960 3877 Quod
983 3804 1073 3889 prius
1097 3804 1168 3890 ipse
1193 3803 1255 3867 dec
1280 3803 1393 3867 statuit
1416 3801 1477 3866 sub
1501 3803 1631 3868 nomine
1652 3803 1753 3868 Petri.

866 3907 1036 3972 Hactenus
1052 3907 1212 3992 integram
1229 3906 1299 3971 fore
1314 3907 1408 3990 signo
1424 3912 1476 3969 est
1491 3907 1613 3991 ungula
1628 3926 1790 3988 crescens,

867 4010 1005 4075 Flexilis
1029 4018 1063 4074 et
1086 4031 1215 4090 nervus,
1238 4009 1351 4074 viridis
1374 4030 1460 4090 caro,
1483 4008 1588 4072 forma
1609 4016 1758 4074 venusta.

797 4145 801 4172 ι
866 4114 968 4179 Cuius
992 4122 1114 4198 quanta
1136 4114 1217 4179 fides
1240 4114 1347 4178 fuerat
1368 4112 1420 4178 vel
1442 4113 1491 4176 vis
1514 4113 1712 4194 meritorum,

866 4218 947 4282 Post
959 4223 1097 4282 mortem
1113 4218 1210 4281 nituit
1225 4217 1330 4301 magis
1346 4237 1383 4280 ac
1399 4215 1504 4301 magis
1517 4214 1662 4300 undique
1679 4215 1792 4300 signis.

869 4322 1018 4408 Namque
1034 4321 1091 4386 ubi
1103 4342 1162 4406 pro
1178 4320 1284 4407 patria
1299 4340 1448 4406 pugnans
1462 4326 1591 4403 agente
1603 4327 1793 4405 peremptus
1911 4319 1943 4370 B.
1959 4320 2023 4385 ΠΙ,
2038 4336 2061 4374 ⁹·

866 4426 1001 4512 Pagana
1024 4424 1153 4502 cecidit,
1176 4422 1322 4489 fiuntdc
1345 4423 1481 4509 pulvere
1505 4423 1607 4486 multa

867 4530 969 4616 Signa
992 4529 1173 4594 salutifero.
1219 4525 1359 4600 Quidam
1381 4547 1457 4590 nam
1479 4525 1563 4590 forte
1587 4525 1692 4590 viator

871 4632 951 4719 Egit
973 4633 1037 4697 iter
1059 4633 1152 4696 iuxta
1173 4631 1281 4696 iuerat
1305 4650 1369 4715 qua
1391 4649 1536 4694 scamma
1558 4627 1668 4702 duelli,

868 4735 969 4800 (luins
992 4756 1095 4821 equus
1121 4735 1226 4799 subito
1250 4733 1327 4797 totis
1350 4732 1530 4797 lassescere
1553 4731 1708 4797 membris

871 4840 1036 4926 Coeperat
1058 4846 1092 4904 et
1113 4837 1268 4903 frendens
1292 4858 1347 4901 ore
1372 4856 1526 4922 spumare
1550 4841 1685 4899 cruento
1695 4833 1717 4914 ³,

869 4944 981 5029 Atque
1004 4963 1102 5006 ruens
1125 4961 1239 5026 campo
1263 4939 1351 5004 volvi
1374 4938 1551 5002 moriturus
1576 4937 1608 5000 in
1632 4936 1698 5012 illo.

870 5048 974 5133 Inque
997 5047 1104 5110 locum
1126 5064 1262 5108 versans
1286 5043 1385 5123 venit,
1410 5062 1474 5126 qua
1496 5061 1557 5104 rex
1572 5040 1645 5126 pius
1662 5036 1797 5103 Oswald

774 5176 813 5214 azo
875 5149 1038 5215 Occubuit
1060 5147 1235 5234 quondam,
1258 5153 1336 5211 tunc
1359 5145 1469 5211 statim
1493 5164 1628 5230 corpore
1652 5162 1730 5208 sano

556 5477 608 5530 979
626 5498 731 5532 coronas
748 5481 892 5533 mandauit
916 5479 1087 5540 warardach,
1104 5478 1204 5530 coronis
1216 5478 1288 5528 Gale.
1391 5473 1443 5526 289
1461 5477 1576 5539 Quarum
1588 5471 1660 5524 Gala.
1766 5468 1818 5521 299
1837 5467 2033 5533 comprehendit
2046 5473 2121 5527 Gale

455 5560 507 5614 314
525 5565 585 5616 dum
606 5567 680 5631 Gau,
696 5567 743 5621 aad
758 5569 831 5619 uaria
848 5567 975 5619 iacturum
992 5575 1115 5631 toaqrrom
1133 5565 1280 5617 corriecturo
1297 5563 1448 5628 suppleatur.

559 5735 586 5802 l)
604 5734 698 5790 Multa
714 5734 759 5790 aa
776 5735 815 5789 ad
833 5733 947 5790 Bocdae
964 5735 1152 5789 narrationem
1170 5731 1288 5788 addidit.
1358 5731 1386 5798 2)
1403 5745 1476 5784 auno
1495 5729 1697 5798 Bomtmouplr.
1761 5726 1788 5792 3)
1808 5723 1850 5795 Cf.
1869 5723 1937 5777 Aea.
1951 5720 2011 5788 IX,
2031 5725 2098 5784 339.
