4936 6406
512 425 573 485 433
1138 410 1344 469 resonatur
1363 409 1538 468 cucuma.

510 609 652 688 aliosque
679 609 873 673 eoninncit1.
922 609 1083 688 (terasciam
1114 625 1240 686 operam
1269 603 1319 668 bis
1341 603 1522 668 rnnneribns
1543 602 1809 666 administrandis
1831 604 2003 680 novaverit,
2027 603 2182 684 capitata

511 732 565 775 ser
593 731 692 791 snpra
718 712 932 793 qnadrapinto
959 710 1003 772 ad
1023 709 1220 792 presbyteros
1243 706 1416 786 parochiae
1444 725 1520 771 snae
1549 705 1625 769 clota
1653 705 1884 784 animabant,
1907 707 2021 786 quibas
2044 711 2114 770 men
2139 706 2180 770 dc

511 814 680 893 disciplina
711 815 786 877 cleri
810 835 847 877 ac
863 813 976 893 menti
998 811 1165 874 christiani
1185 809 1246 873 sibi
1269 809 1422 873 cernaris-si
1443 808 1626 889 corripendo
1648 809 1721 890 cpit,
1744 829 1838 888 quarn
1857 812 2025 890 praecipue
2049 811 2179 875 sdrolos

511 917 686 981 condaedas
707 917 959 981 contacendocit2.
995 914 1228 978 Monaslerinm
1252 912 1284 976 S.
1307 911 1486 975 Maximini
1512 911 1704 974 Miciacense
1724 932 1823 991 prope
1843 912 2039 977 Anraianos
2064 916 2178 990 sitnm,

512 1019 670 1084 monacbis
691 1041 712 1082 a
733 1019 911 1095 Benedicta,
933 1018 1043 1082 abbate
1064 1016 1259 1093 Anionensi,
1282 1015 1405 1078 ordinis
1427 1015 1461 1080 S.
1484 1015 1649 1078 Benedicti
1674 1018 1885 1079 restauratore
1906 1019 2094 1100 venerabili,
2120 1042 2177 1084 ea·

509 1123 624 1204 petitis,
654 1122 698 1186 ad
726 1124 851 1204 repnlae
876 1124 1009 1203 ciperem
1038 1121 1165 1184 redusit
1185 1124 1215 1183 et
1234 1119 1322 1198 ccpmd
1344 1119 1595 1195 Germiniaoma,
1624 1116 1706 1198 qnod
1726 1138 1747 1179 a
1769 1117 1918 1182 blaniaco
1945 1140 2010 1183 reon
2036 1123 2176 1187 maltam

511 1225 661 1303 distabat,
683 1225 727 1288 ad
747 1227 906 1306 eccmplar
926 1225 1068 1289 ecclesiae
1089 1221 1360 1305 Aonispranensis
1380 1221 1593 1285 celeberrimae
1614 1225 1643 1282 et
1666 1221 1730 1301 ipm
1752 1220 1912 1286 basilicam
1920 1225 2177 1303 pulcherrimam

512 1329 669 1392 castronit
679 1331 701 1394 ³.
735 1329 914 1393 Bibliamrm
928 1348 1089 1392 socrarnm
1107 1325 1222 1388 coelicvs
1237 1325 1315 1388 dnos
1325 1324 1601 1404 splendidissimos,
1617 1325 1673 1404 qni
1687 1323 1788 1387 adbuc
1802 1331 1977 1405 supersint,
1992 1329 2179 1392 exorandos

514 1432 643 1507 curavit,
666 1433 778 1511 qnibns
797 1432 987 1512 pnocnrrrinm
1005 1430 1159 1509 poeticam
1172 1428 1279 1490 aurcis
1294 1426 1524 1490 eboricelcribvs
1538 1446 1719 1506 aspiressnm
1742 1428 1775 1490 in
1791 1427 1867 1492 libri
1879 1429 1983 1508 fronte
1992 1432 2176 1510 praemisit,

511 1553 567 1597 nec
595 1535 700 1597 eniteas
737 1536 877 1613 Giselae‚
911 1533 1078 1598 Srmvarici
1108 1531 1227 1596 corveias
1255 1529 1361 1607 neom,
1393 1551 1488 1608 qnam
1514 1531 1615 1608 filiae,
1647 1536 1703 1594 aret
1721 1531 1877 1611 penainoe
1903 1537 1959 1596 anl
1980 1535 2176 1613 spiritualis,

512 1638 635 1701 nornine
656 1638 798 1718 insipnit,
820 1639 921 1701 siraile
939 1637 1128 1717 psalterium
1150 1633 1311 1697 dedicavit.

624 1741 702 1805 Cam
727 1737 918 1824 Ibcvdrvlfns
947 1746 1010 1802 tarro
1036 1742 1110 1800 arete
1139 1757 1233 1816 armen
1258 1741 1330 1816 post
1357 1737 1566 1816 episapatnm
1588 1738 1760 1814 susceptam
1782 1738 1908 1817 saepius
1928 1739 2036 1802 antam
2062 1741 2178 1806 Caroli

513 1842 595 1923 repis
616 1841 735 1919 adiret,
763 1843 803 1906 ab
825 1864 859 1906 ev
881 1843 916 1905 ab
939 1843 1141 1916 vinditionis,
1165 1862 1228 1920 acca
1250 1839 1424 1915 excellebat,
1447 1839 1571 1902 laadan
1592 1844 1621 1901 ct
1637 1841 1742 1918 poesis
1764 1841 1896 1918 leporem
1916 1845 2023 1924 mapni
2044 1843 2178 1909 babilas

513 1950 568 2011 est.
613 1944 686 2024 Ipse
708 1966 786 2022 vera,
809 1947 891 2027 rep-is
908 1945 1154 2026 rrervpnitndincm
1175 1942 1340 2006 aelrnvdnm
1356 1942 1545 2016 ecclaeiratnr,
1569 1944 1689 2028 quippe
1714 1945 1775 2024 cui,
1798 1949 1834 2006 nl
1855 1945 1956 2024 ipsias
1969 1947 2072 2020 verbis
2087 1953 2176 2024 alar,

515 2049 579 2114 hoc
616 2070 747 2134 semper
781 2050 940 2113 familiare
974 2057 1041 2124 eet,
1076 2056 1111 2111 nt
1143 2055 1298 2111 exerceat
1333 2047 1504 2132 praesules
1538 2046 1580 2109 ad
1610 2055 1793 2112 sanctarum
1822 2049 2053 2134 seripturarum
2080 2050 2179 2115 inda-

515 2153 681 2238 gationem
697 2162 730 2217 et
752 2153 793 2216 ad
805 2175 917 2217 sanam
930 2153 1136 2238 sobriamque
1153 2150 1344 2228 doctrinam,
1368 2171 1497 2214 omnem
1514 2151 1636 2214 clerum
1660 2149 1701 2212 ad
1715 2149 1929 2236 disciplinam,
1953 2152 2177 2240 philosophos

515 2256 557 2320 ad
586 2278 693 2322 rerum
721 2256 903 2320 divinarum
936 2243 1215 2344 humanarumque
1246 2259 1480 2343 cognitionem,
1522 2256 1699 2320 monachos
1736 2255 1777 2319 ad
1807 2256 2016 2341 religionem,
2055 2279 2176 2324 omnes

515 2361 714 2444 generaliter
746 2358 787 2422 ad
818 2360 1039 2438 sanctitatem,
1070 2362 1227 2446 primates
1261 2361 1304 2424 ad
1333 2361 1523 2440 consilium,
1552 2358 1677 2423 iudices
1706 2357 1747 2421 ad
1775 2359 1947 2439 iustitiam,
1975 2360 2099 2424 milites
2131 2361 2177 2426 ad

516 2484 679 2527 armorum
712 2463 964 2547 experientiam,
999 2465 1163 2547 praelatos
1198 2464 1239 2528 ad
1269 2465 1502 2536 humilitatem,
1534 2462 1681 2527 subditos
1714 2461 1755 2526 ad
1789 2461 2025 2543 obedientiam,
2056 2486 2178 2532 omnes

517 2566 716 2650 generaliter
745 2564 785 2627 nd
815 2563 1036 2650 prudentiam.
1070 2567 1244 2640 iustitiam,
1277 2567 1516 2632 fortitudinem.
1540 2567 1788 2653 temperantiam
1811 2572 1909 2651 atque
1933 2567 2178 2633 coneordiam⁴.

629 2670 705 2734 Onm
732 2667 922 2747 Tbeodnlsas
953 2671 988 2731 ia
1017 2671 1122 2734 ecbola
1141 2673 1290 2751 palatina
1314 2692 1368 2735 nec
1390 2672 1545 2736 docuisse⁵
1567 2692 1621 2734 nee
1642 2670 1788 2734 didicisse
1809 2669 1875 2749 ipsc
1898 2669 2048 2746 videatne,
2070 2673 2181 2750 utpote

515 2793 603 2854 anem
626 2770 741 2834 Petras
762 2775 855 2851 atqcn
876 2771 1035 2837 Aleninns
1057 2773 1206 2854 discipali
1227 2775 1351 2838 reoneinc
1367 2775 1494 2837 avinione
1509 2775 1699 2855 sipnifianel,
1721 2773 1855 2848 nnllmn,
1877 2776 2030 2851 qrmntnm
2046 2773 2179 2851 emmas,

516 2893 680 2956 mononcen
697 2873 863 2957 familiare
885 2874 989 2938 instar
1007 2881 1175 2940 ceterorum
1194 2876 1370 2940 amdemiae
1392 2877 1481 2940 ill-ins
1500 2877 1651 2941 sociatam
1671 2877 1818 2955 aceepit⁸.
1867 2874 1974 2940 Garat
1995 2875 2087 2938 'iussa
2109 2878 2180 2938 tam

516 2975 698 3040 Fastradoe
721 2977 847 3057 rapinae
864 2997 982 3056 proram
1004 2978 1142 3044 dilectae.
1166 3000 1234 3041 arne
1257 2998 1343 3042 anno
1367 2982 1426 3042 704
1450 2980 1651 3056 moreretnr',
1673 2999 1769 3058 qnam
1790 2977 1961 3042 Hadriano
1976 2997 2085 3057 papae
2108 2981 2180 3062 repi

514 3077 702 3140 amicissimo
733 3077 869 3157 sepulcri
898 3077 1024 3141 titnlnm
1054 3081 1233 3160 mervponrit,
1267 3079 1436 3161 londasqne
1469 3081 1550 3163 repis
1576 3080 1720 3160 faeniliac
1739 3101 1962 3160 proeernrnqne
1992 3080 2060 3144 eiras
2085 3083 2181 3146 mado

516 3179 608 3244 seriis
630 3179 718 3244 inodo
734 3180 842 3243 iocosis
853 3180 993 3244 versibus
1008 3183 1180 3248 cembraeit.
1224 3181 1313 3246 Dnm
1327 3183 1469 3259 Alcninl,
1492 3182 1661 3260 Einbardi,
1684 3182 1812 3262 latona,
1832 3183 2019 3264 Anpilberti,
2034 3185 2181 3250 aliarum

512 3280 734 3361 familiaritate
756 3283 869 3357 editor,
901 3283 999 3348 Scotti
1020 3287 1182 3350 ceciresdam
1203 3285 1339 3348 bortrinis
1360 3286 1479 3349 literati
1500 3287 1536 3348 in
1557 3286 1635 3349 ambr
1656 3287 1842 3362 versantis⁸,
1864 3285 2010 3369 Dnnpali
2027 3285 2182 3370 fortasse,

514 3405 604 3466 qnam
625 3385 775 3448 acerrime
797 3386 995 3467 perstrinpit,
1018 3387 1123 3450 odiam
1144 3388 1206 3450 sibi
1227 3387 1383 3451 emeseivit.

620 3524 717 3532 ——-

871 3527 959 3533 --—-
976 3529 1029 3534 ...-
1040 3529 1488 3535 -—.--.----.---.—--.-.-.-..-..-.
1499 3531 1546 3535 .-.
1559 3530 1589 3534 .--
1601 3530 2063 3540 -.-----.-—-—-—-.———-.——

516 3606 699 3662 ambitionem
717 3609 746 3662 et
763 3623 864 3661 nomen
882 3608 935 3661 sibi
954 3611 1086 3662 conantes
1105 3609 1247 3678 imponere
1265 3609 1385 3663 sirnilem
1403 3609 1478 3663 beati
1498 3610 1574 3664 Petri
1593 3653 1599 3665 .
1619 3655 1624 3664 .
1644 3654 1650 3665 .
1670 3611 1743 3665 unde
1761 3614 1884 3668 mactat.
1903 3613 1970 3682 quia
1987 3613 2017 3666 in
2035 3633 2179 3670 summam

516 3708 653 3764 haeresim
676 3709 831 3764 incidentes
854 3711 997 3781 semetipsi
1020 3711 1190 3782 deceperunt
1215 3720 1264 3766 etc.
1310 3714 1397 3782 Quom
1420 3715 1587 3768 occasionem
1610 3715 1747 3769 Pauliana
1772 3722 1798 3770 et
1827 3715 1997 3784 lbevdalsna
2025 3718 2182 3775 Minerint

516 3813 681 3868 monasterii
698 3813 790 3866 sancti
807 3813 940 3882 Dionysii
960 3815 1026 3868 inra
1044 3815 1146 3869 rn'olore
1163 3832 1250 3884 mane
1267 3817 1420 3885 inteltepere
1437 3834 1524 3886 neque
1541 3833 1646 3887 popam
1664 3823 1719 3872 tam
1739 3820 1928 3874 contumeliose
1944 3821 1978 3874 de
1995 3821 2037 3875 eis
2054 3822 2182 3878 mutam

517 3933 573 3972 esce
591 3917 700 3970 credere
714 3932 837 3985 posenni.
876 3985 881 3989 ,

622 4021 647 4086 1)
670 4019 809 4073 abbatiae
830 4022 1025 4075 comannorum
1048 4021 1139 4076 sancti
1159 4023 1265 4076 Anioni
1289 4024 1319 4077 in
1342 4024 1476 4079 snbnrbio
1499 4026 1578 4080 vrbis
1600 4026 1807 4080 Aurelianensis
1828 4026 1899 4080 sitae
1921 4043 1981 4080 enm
1998 4028 2180 4099 praefecisse,

516 4123 588 4178 dnae
605 4121 765 4178 Htadowici
782 4123 958 4191 imperatorie
976 4125 1088 4180 obortae
1105 4142 1155 4180 nos
1173 4127 1280 4190 decern
1299 4126 1400 4196 qnibm
1419 4134 1573 4196 repetente
1591 4129 1756 4182 enonasterio
1772 4129 1816 4183 riti
1832 4134 2032 4183 antecessorum
2051 4136 2180 4188 anctori-

517 4233 586 4282 later
608 4224 780 4294 confirmarit
805 4225 904 4294 (Sicleet
930 4232 997 4282 Acta
1020 4229 1332 4300 Lndowici118,119t.
1370 4231 1413 4301 Cf.
1437 4231 1554 4301 Capilal.
1579 4247 1601 4285 c.
1621 4233 1654 4285 19
1676 4231 1705 4286 Si
1728 4232 1791 4300 quis
1814 4233 2033 4302 expresbyteris
2051 4236 2181 4294 voluerit

516 4333 648 4400 nepotem
666 4347 746 4382 auum
765 4371 790 4384 ..
810 4331 845 4384 ad
864 4332 987 4386 scholam
1005 4334 1125 4396 mittere,
1144 4336 1174 4388 iu
1192 4336 1309 4390 eeclesia
1326 4339 1439 4391 sanotae
1458 4336 1560 4399 Crucis,
1579 4338 1629 4390 aut
1647 4336 1677 4389 in
1695 4336 1864 4390 monasterio
1882 4337 1970 4391 sancti
1990 4337 2104 4404 Anioni,
2124 4347 2181 4396 aut

518 4435 607 4489 macti
626 4433 785 4498 Benedicti,
808 4437 859 4488 aut
882 4435 971 4490 sancti
991 4435 1096 4490 Liiardi
1114 4441 1165 4492 aut
1183 4439 1212 4491 in
1231 4439 1330 4493 ceteris
1348 4439 1383 4494 de
1400 4440 1444 4493 hie
1462 4439 1611 4502 coenobiis,
1630 4455 1702 4508 quae
1719 4437 1800 4492 nobis
1817 4438 1853 4492 ad
1871 4439 2025 4509 regendum
2042 4459 2181 4500 concessa

518 4541 596 4602 sunt,
624 4537 649 4591 ei
669 4536 812 4592 licentiam
831 4537 860 4590 id
878 4538 999 4594 faciendi
1017 4541 1200 4595 concedimus.
1270 4544 1299 4608 8)
1327 4541 1469 4611 Tbcodcdfi
1485 4558 1549 4611 opp.
1568 4541 1607 4594 ed.
1627 4541 1755 4594 Sirmond
1773 4541 1865 4596 1—28.
1951 4544 1979 4610 3)
2000 4544 2043 4612 Os.
2063 4547 2183 4604 Letaldi

518 4639 621 4693 Mirac.
639 4641 667 4694 S.
686 4639 841 4694 Maximini
857 4656 879 4693 c.
897 4641 914 4694 3
933 4641 1081 4708 (Mobillon
1098 4644 1169 4698 Aeta
1187 4645 1235 4698 SS.
1255 4660 1325 4698 saec.
1344 4645 1369 4708 1,
1382 4644 1459 4712 601);
1482 4644 1604 4712 Ontolop.
1623 4643 1716 4698 abbat.
1734 4643 1764 4696 F
1764 4643 1858 4698 toriae.
1877 4645 1895 4698 l.
1914 4646 1930 4699 l.
1950 4647 2096 4703 ecclesiam
2115 4655 2180 4707 tam

518 4743 626 4796 mirifici
654 4744 745 4814 operis
773 4745 939 4806 consteruit,
967 4748 999 4798 ut
1026 4747 1134 4800 nullum
1159 4747 1187 4801 in
1217 4751 1278 4802 tota
1301 4724 1433 4802 Neustria
1456 4748 1577 4802 inveniri
1605 4748 1693 4818 possit
1717 4747 1838 4802 aedificii
1860 4765 1943 4818 opus,
1970 4749 2045 4818 quod
2068 4751 2094 4804 ei
2114 4793 2121 4805 .
2144 4797 2151 4807 .
2174 4798 2180 4810 ,

519 4847 624 4900 valeret
650 4847 773 4916 aequari.
868 4849 896 4914 4)
925 4848 1003 4901 Mon.
1035 4848 1125 4902 Corol.
1154 4850 1194 4903 ed.
1222 4851 1295 4918 Ioffi
1319 4867 1349 4919 p.
1367 4852 1427 4905 413.
1453 4851 1496 4919 Os.
1519 4852 1704 4921 srapmentnm
1731 4853 1861 4921 epistolae
1886 4870 1905 4906 a
1937 4853 2058 4907 Paulino
2080 4859 2181 4924 patri-

519 4950 603 5002 arcba
626 4951 664 5003 od
688 4951 818 5004 Ceratum
840 4952 1030 5019 imperatorem
1051 4951 1133 5006 datae
1157 4952 1241 5021 (Opp.
1264 4953 1305 5007 ed.
1328 4953 1488 5008 Madrieins
1509 4972 1536 5023 p.
1556 4955 1630 5018 188),
1650 4956 1682 5008 in
1704 4971 1759 5024 qna
1782 4954 1874 5008 eadem
1896 4957 1978 5009 aerbo
2001 4963 2180 5024 repetuntur.

519 5051 545 5118 5)
575 5051 619 5119 Cf.
648 5053 758 5104 Atcnini
785 5070 825 5122 ep.
858 5055 909 5105 100
936 5053 1080 5106 Richbono
1102 5058 1131 5107 et
1158 5054 1293 5108 Teodulto
1321 5054 1457 5124 episcopi·
1486 5055 1644 5110 doctoribus
1671 5060 1700 5110 et
1727 5056 1880 5126 magistris,
1913 5057 1963 5111 166
1981 5058 2031 5112 Pio
2049 5060 2126 5127 patri
2149 5067 2181 5118 et

522 5151 654 5220 prudenti
671 5152 806 5223 magistro
825 5195 832 5207 .
851 5195 858 5208 .
878 5153 1013 5208 Teodulfo
1032 5157 1142 5223 (11424,
1160 5157 1212 5210 605
1228 5161 1253 5210 et
1265 5157 1359 5224 Iaffi).
1389 5158 1452 5210 Hoc
1470 5161 1595 5226 ampietri
1607 5174 1704 5213 nomen
1721 5160 1759 5213 ad
1771 5161 1864 5214 avlam
1876 5161 1984 5214 minime
1998 5161 2180 5230 referendam

520 5261 569 5309 eet.
639 5259 666 5314 6)
689 5256 808 5309 Larente
835 5256 971 5324 (Alenin’s
992 5256 1082 5310 Leben
1096 5275 1127 5327 p.
1148 5260 1207 5326 175)
1232 5274 1283 5314 ena
1306 5259 1425 5314 arbitrio
1445 5259 1565 5314 Pindari
1581 5276 1690 5324 nomen,
1704 5267 1804 5330 poetae
1830 5269 1895 5316 tmic
1911 5263 1994 5332 plane
2015 5264 2120 5334 ipnoti,
2152 5272 2198 5336 ei,

518 5357 635 5410 indidit!
688 5360 714 5422 7)
729 5360 794 5412 Cam
807 5358 953 5413 Fostrado
965 5359 1055 5412 cedern
1064 5367 1180 5429 tempore
1196 5362 1293 5428 obiret,
1305 5379 1359 5431 qno
1368 5363 1513 5418 concilium
1526 5363 1766 5431 Francosnrtenee
1777 5363 1975 5430 celebrabatur,
1992 5365 2179 5436 Tbeodalsnm

519 5463 582 5514 tina
593 5461 755 5528 interfuisse
767 5461 912 5515 verisimile
924 5467 973 5515 eet.
1043 5465 1069 5524 8)
1085 5465 1222 5519 Hanre'an
1234 5467 1396 5536 (Sinpnlar.
1407 5468 1504 5520 tristor.
1518 5484 1548 5534 p.
1561 5467 1606 5532 25)
1620 5467 1729 5536 aliiane,
1743 5469 1791 5536 qui
1801 5469 1872 5520 tinne
1881 5469 2000 5522 Scottum
2014 5469 2180 5525 c'tnmmem

519 5565 674 5626 norriiaont,
698 5566 803 5618 incerto
821 5571 927 5619 tontnm
950 5565 1076 5616 manacta
1095 5569 1286 5636 Sanpallerrsie
1304 5569 1335 5634 (I
1349 5588 1371 5622 e.
1390 5573 1417 5632 1)
1436 5572 1589 5626 testimonio
1606 5572 1717 5624 niariam
1730 5571 1814 5639 fidem
1831 5571 1943 5636 babent,
1966 5574 2015 5642 epa
2034 5573 2132 5626 t'oroli
2151 5583 2187 5632 eti

522 5665 682 5719 illudowici
700 5672 820 5733 tempora
839 5665 1002 5734 confodisse
1020 5667 1135 5724 videtne.
