4936 6406
1051 400 1240 456 HIBERNICI
1258 398 1388 454 EXULIS
1407 398 1582 454 CARMINA.

866 575 931 640 Hic
954 597 1030 640 nam
1052 576 1231 662 repperies,
1256 597 1320 662 quo
1344 579 1496 639 constant
1519 580 1636 637 cuncta
1657 579 1783 650 tenore,

953 679 1086 763 Organa
1108 680 1160 743 vel
1184 679 1316 742 valeant
1338 677 1500 741 artificare
1525 678 1638 740 melos.

799 809 810 843 e
868 786 961 849 Haec
983 791 1112 848 constat
1134 784 1239 869 primo
1262 781 1369 846 Tubal
1393 789 1525 845 auctore
1548 787 1689 866 reperta,

949 888 1080 953 Asserit
1101 894 1139 951 ut
1161 886 1295 971 Moyses
1319 886 1375 950 ille
1398 884 1452 949 dei
1475 885 1626 949 famulus.

865 994 1021 1078 Pitagora
1044 998 1078 1056 et
1100 991 1183 1055 Lino
1206 1011 1337 1055 necnon
1359 989 1546 1076 Amphione
1570 987 1669 1053 Greci
1688 989 1700 1028 ²

949 1096 1096 1161 Auctore
1120 1097 1287 1160 inventam
1311 1093 1395 1157 hanc
1419 1094 1520 1158 etiam
1542 1092 1699 1157 referunt.

867 1199 997 1265 Emicat
1019 1200 1101 1264 haec
1125 1198 1214 1263 omni
1236 1198 1367 1282 fulgens
1391 1196 1565 1262 dulcedine
1589 1197 1687 1276 clara,

788 1326 811 1363 ro
955 1303 1116 1368 Omnibus
1140 1310 1174 1367 et
1196 1303 1292 1366 terris
1316 1301 1545 1365 concelebrata
1567 1300 1660 1365 nitet.

866 1407 954 1472 Huic
976 1408 1063 1492 potis
1088 1413 1138 1471 est
1161 1427 1278 1470 saevos
1301 1405 1399 1469 facile
1421 1404 1565 1468 mulcere
1589 1402 1712 1480 leones,

950 1510 995 1574 Et
1015 1510 1119 1574 lenire
1143 1510 1245 1594 tigres
1268 1505 1473 1572 melifieando
1496 1513 1618 1570 truces.

1174 1647 1482 1656 -..--—--q.---

867 1834 1041 1899 Astrorum
1064 1832 1201 1918 cupidus
1225 1832 1371 1916 quisquis
1395 1837 1558 1896 scrutator
1580 1831 1677 1896 adisti

949 1936 1080 2001 Limina
1100 1936 1286 2021 praesentis
1309 1932 1472 1999 inradiata
1494 1934 1620 2015 domus,

868 2041 956 2104 Huic
978 2039 1100 2103 inferre
1122 2038 1241 2124 pedem
1265 2039 1371 2102 veloci
1392 2039 1499 2103 nitere
1522 2060 1649 2122 gressu,

952 2144 1047 2208 Haec
1070 2144 1147 2228 quia
1169 2150 1289 2206 cuncta
1311 2149 1403 2206 tenet
1425 2164 1577 2222 munera,
1601 2165 1749 2228 quaeque
1772 2145 1869 2228 petis.

800 2271 812 2306 a
869 2246 1001 2311 Dicitur
1021 2245 1167 2332 Aegypti
1190 2267 1331 2330 namque
1353 2246 1437 2310 haec
1462 2246 1495 2310 iu
1518 2246 1637 2310 finibus
1661 2253 1743 2324 orta,

951 2348 1061 2434 Atque
1085 2349 1253 2414 Abraham
1278 2356 1424 2413 sanctum
1447 2349 1532 2414 hanc
1556 2349 1707 2416 docuisse
1730 2358 1868 2436 patrem.

870 2454 972 2518 Istius
996 2461 1163 2518 auctorem
1186 2475 1261 2518 uam
1286 2452 1385 2517 Greci
1408 2453 1570 2518 Athlanta
1591 2454 1744 2534 latentur,

952 2557 1068 2622 Sidera
1092 2578 1188 2642 quem
1213 2558 1297 2622 caeli
1320 2565 1439 2622 cuneta
1461 2564 1595 2622 notasse
1618 2560 1732 2623 solunt
1741 2558 1763 2620 ².

870 2660 972 2725 Cuius
995 2661 1143 2725 notitiam
1167 2661 1316 2746 quisquis
1339 2662 1526 2747 perceperit
1549 2682 1688 2739 omnem,

790 2789 813 2825 rc
959 2763 1202 2849 stellarumque
1225 2771 1316 2828 ortus
1339 2765 1574 2850 occubitusque
1597 2771 1699 2842 notet,

871 2868 952 2932 Inde
976 2868 1159 2932 futurorum
1183 2868 1305 2953 poterit
1327 2867 1502 2953 praesagia
1522 2889 1632 2942 nosse,

952 2971 996 3036 Et
1019 2992 1102 3058 quae
1126 2974 1255 3037 occulta
1277 2971 1402 3048 iacent,
1426 2992 1505 3035 mox
1527 2972 1703 3037 manifesta
1724 2972 1805 3039 fore.

1302 3208 1356 3252 viu

867 3290 994 3357 Lucida
1016 3313 1099 3376 quae
1124 3291 1231 3356 cernis
1255 3293 1437 3356 clarescere
1462 3297 1560 3373 tecta,
1583 3292 1698 3373 viator,

955 3395 990 3458 Si
1013 3393 1176 3459 medicina
1198 3395 1259 3458 tibi
1284 3401 1335 3458 est
1358 3415 1450 3481 opus,
1475 3395 1596 3481 hospes
1621 3396 1685 3476 adi,

868 3498 934 3562 Hic
957 3499 1032 3583 quia
1055 3497 1228 3562 odoriferis
1252 3497 1453 3562 circumdata
1474 3504 1625 3584 tympora
1648 3500 1745 3564 sertis

953 3603 1031 3689 Ipsa
1054 3603 1225 3667 salutifera
1247 3623 1383 3666 munera
1406 3608 1524 3666 tractet
1547 3624 1657 3669 ovans.

799 3731 811 3766 a
870 3707 975 3781 Quam
999 3707 1145 3792 repperit
1169 3707 1292 3791 primus
1315 3705 1462 3790 phisicae
1486 3713 1642 3770 tractator
1664 3706 1796 3792 Apollo,

954 3809 1123 3896 Cumque
1148 3807 1361 3894 Scolaphius‚
1384 3814 1481 3873 uatus
1504 3809 1572 3889 hic,
1595 3810 1651 3874 ille
1674 3817 1778 3897 peter.

869 3914 950 3978 Post
973 3935 1054 4000 quos
1077 3912 1286 3999 Hypocratos
1309 3915 1407 3998 longo
1431 3921 1506 3999 post
1528 3921 1678 3998 ternpore
1702 3913 1735 3976 id
1758 3914 1865 4000 ipsum

956 4016 1176 4101 Dognratihus
1201 4017 1297 4080 claris
1321 4017 1544 4101 magnificavit
1567 4017 1680 4102 opus³.

871 4121 964 4186 Haec
988 4120 1121 4186 sorbere
1146 4121 1228 4199 lues,
1252 4121 1350 4206 longe
1374 4129 1407 4184 et
1430 4120 1597 4206 depellere
1621 4126 1743 4207 pestes,

789 4246 814 4283 ιο
957 4224 1052 4288 Haec
1074 4225 1205 4288 morbos
1230 4231 1363 4288 cunctos
1386 4245 1527 4308 namque
1550 4224 1664 4308 fugare
1688 4229 1807 4309 potest.

871 4327 950 4414 Ipsa
972 4327 1103 4412 quidem
1127 4329 1250 4412 egrotis
1273 4327 1381 4393 reddit
1404 4327 1596 4393 medicando
1621 4329 1771 4408 salutem,

955 4429 1092 4495 Munere
1116 4429 1222 4516 deque
1246 4453 1305 4495 suo
1328 4431 1483 4517 languida
1505 4431 1653 4496 membra
1674 4432 1800 4496 fovens.

1170 4608 1256 4614 -ψψ
1266 4609 1494 4616 ῳ--ᾁὺ-,ἐ-..ῃ
1500 4611 1656 4616 -.--—-.·-—-
1850 4608 2051 4615 -—-———--—-

607 4725 617 4793 ll
635 4725 682 4794 [vr]
702 4725 720 4778 3
737 4725 871 4778 eoustatP
954 4721 972 4774 4
990 4723 1111 4788 costetP,
1130 4725 1233 4776 valeant
1250 4726 1309 4776 Mai
1401 4725 1418 4777 6
1435 4727 1555 4778 AseritP
1633 4726 1644 4790 ll
1666 4724 1723 4792 [vu]
1743 4725 1757 4777 1
1776 4726 1915 4792 cupitusP
2001 4721 2019 4774 3
2038 4727 2129 4778 ueloci
2143 4729 2173 4780 P

505 4812 655 4865 lautorem
671 4812 697 4862 P
786 4809 910 4877 8queP
1004 4810 1016 4874 ΙΙ
1042 4807 1106 4875 [vm]
1126 4808 1143 4860 5
1161 4811 1258 4877 plrisice
1277 4811 1412 4862 urrcturP
1538 4810 1556 4863 8
1579 4813 1747 4864 Docmatibus
1761 4810 1786 4862 P
1919 4809 1936 4863 9
1959 4813 2030 4861 Haec
2055 4815 2171 4867 cerbere

503 4901 562 4952 luas
588 4901 685 4950 laceres
709 4899 834 4965 depellere
850 4897 881 4961 P,
906 4913 972 4946 corr.
992 4895 1049 4945 Mai
1154 4893 1187 4946 10
1205 4905 1276 4964 potes
1290 4896 1315 4946 P
1417 4897 1448 4946 11
1468 4897 1562 4964 lpseP
1665 4896 1699 4947 12
1716 4897 1856 4949 menbraP

607 5086 634 5152 1)
653 5083 696 5138 Io.
716 5085 775 5150 ΙΙΙ,
787 5082 852 5144 15,1
871 5081 979 5149 Moyses
997 5081 1068 5134 dicit
1085 5084 1254 5150 repertorem
1281 5082 1405 5137 Musicae
1422 5083 1492 5136 artis
1509 5083 1594 5137 fuisse
1612 5081 1704 5136 Tubal
1728 5125 1753 5137 ..
1773 5084 1870 5138 Graeci
1889 5101 1953 5138 vero
1972 5083 2169 5152 Pythagoram

504 5190 603 5244 dicunt
621 5187 704 5241 huius
723 5185 792 5239 artis
808 5183 948 5239 inve-nisse
966 5186 1120 5255 primordia
1139 5228 1179 5240 ...
1198 5187 1255 5240 Alii
1274 5187 1375 5240 Linum
1388 5189 1549 5243 Thebaeum
1567 5189 1595 5242 et
1608 5188 1705 5240 Zetum
1723 5190 1753 5241 et
1769 5187 1928 5256 Amphiona
1939 5187 1969 5240 in
1982 5188 2041 5240 arte
2054 5186 2170 5244 Musica

503 5292 607 5362 primos
625 5289 757 5345 claruisse
775 5289 876 5342 ferunt.
955 5290 984 5357 2)
1003 5290 1045 5344 lo.
1064 5293 1200 5359 JJJ,24‚1
1218 5294 1424 5347 Astronomiam
1443 5293 1525 5363 primi
1541 5291 1675 5362 Aegyptii
1692 5291 1861 5346 invenerunt
1874 5333 1880 5345 .
1891 5333 1897 5345 .
1910 5290 2049 5345 Abraham
2066 5295 2171 5349 autem

503 5395 647 5450 instruisse
673 5391 829 5461 Aegyptios
856 5391 1046 5462 Astrologinm
1076 5395 1209 5464 Iosephus
1241 5399 1339 5450 auctor
1365 5401 1514 5451 asseverat.
1558 5395 1655 5449 Graeci
1681 5397 1777 5449 autem
1800 5395 1910 5458 dicunt,
1933 5395 2111 5448 hancartcnr
2130 5398 2170 5452 ab

503 5499 620 5553 Atlante
639 5497 717 5567 prius
735 5493 932 5564 excogitatam.
1010 5498 1037 5564 3)
1065 5499 1107 5550 lb.
1126 5500 1146 5549 Ι
1150 5500 1176 5565 V,
1186 5497 1212 5560 3,
1227 5499 1242 5549 1
1267 5498 1424 5552 Medicinae
1442 5503 1537 5554 autem
1554 5498 1623 5552 artis
1641 5501 1739 5551 auctor
1756 5515 1790 5551 ae
1807 5499 1933 5567 repertor
1950 5494 2023 5565 apud
2042 5496 2171 5556 Graecos

505 5599 671 5672 perhibetur
689 5597 799 5666 Apollo.
841 5596 921 5650 Hauc
939 5597 1012 5652 filius
1031 5599 1090 5653 eius
1109 5600 1293 5670 Aesculapius
1312 5600 1395 5659 leude
1414 5603 1456 5656 vel
1476 5619 1559 5674 opere
1577 5600 1774 5670 amplificavit;
1792 5599 1936 5654 2..'l'unc
1947 5617 2006 5654 earu
2018 5604 2172 5664 revocarit

505 5705 534 5758 in
554 5703 645 5758 lucem
662 5701 847 5773 Hippocrates
866 5700 995 5772 Asclepio
1013 5707 1093 5774 patre
1110 5703 1231 5774 genitus.
