4666 6406
1073 369 1282 427 THEODULEI
1300 369 1476 426 casuum.

815 545 926 611 Mollis
949 550 983 611 at
1005 545 1178 632 amplexus
1199 544 1376 630 digitorum
1398 541 1638 632 dulcia'signat

897 649 1022 714 Oscula
1043 648 1196 734 coniugii,
1219 668 1303 733 quae
1327 646 1391 713 sibi
1412 653 1507 734 grata
1527 656 1671 715 manent.

734 773 757 812 rs
815 751 860 817 At
882 753 996 839 pollex
1018 773 1116 818 curvo
1140 757 1293 818 curvatus
1316 752 1357 816 ab
1380 751 1488 818 indice
1511 774 1645 839 pressus

901 853 971 920 Sex
993 854 1096 920 denos
1118 859 1288 936 monstrat,
1310 855 1410 941 inque
1433 861 1512 942 typo
1535 855 1661 937 viduas,

814 957 861 1023 Ut
882 957 1006 1044 digitus
1030 957 1178 1045 digitum,
1200 958 1261 1024 has
1284 979 1388 1045 angor
1410 980 1510 1046 saepe
1534 966 1688 1042 coarctat,

898 1060 1047 1127 Turturis
1070 1083 1109 1128 ac
1131 1063 1274 1149 gemitus
1297 1063 1440 1149 inclytus
1463 1070 1558 1130 ornat
1580 1085 1648 1130 eas.

814 1164 986 1230 Transitus
1009 1186 1029 1231 a
1050 1166 1147 1230 laeva
1168 1167 1197 1231 si
1219 1167 1253 1230 in
1276 1165 1426 1232 dextram
1449 1189 1493 1233 ex
1515 1166 1629 1234 ordine
1652 1168 1719 1250 fiat,

732 1289 759 1330 ro
902 1267 1009 1334 Index
1031 1289 1170 1355 cumque
1194 1290 1253 1334 suo
1277 1271 1398 1356 pollice
1421 1270 1552 1337 iunctus
1575 1271 1648 1352 erit,

816 1371 860 1436 Et
881 1371 1030 1458 placidus
1051 1373 1150 1437 tereti
1172 1371 1332 1438 formetur
1354 1372 1494 1442 circulus
1517 1374 1631 1453 orbe²,

899 1473 1040 1540 (lentum
1064 1473 1125 1540 sub
1147 1475 1292 1541 numeris
1315 1475 1380 1541 ista
1401 1475 1507 1561 figura
1529 1481 1631 1543 tenet.

816 1577 912 1643 Serta
933 1578 1116 1643 venustatis
1139 1584 1237 1665 typus
1259 1577 1313 1643 hic
1334 1577 1416 1659 fert,
1440 1597 1524 1665 quae
1548 1579 1633 1645 bene
1658 1580 1780 1646 sanetis

899 1679 984 1745 Sunt
1006 1677 1083 1744 data
1105 1681 1286 1765 virginibus
1310 1681 1574 1768 martyribusque
1598 1681 1673 1770 piis.

732 1804 757 1844 rs
815 1781 987 1847 Transitus
1009 1782 1072 1848 iste
1096 1788 1208 1849 monet
1230 1784 1419 1869 praesentia
1440 1791 1587 1852 temnere
1610 1785 1715 1866 laeva,

896 1884 1026 1952 Dextra
1046 1886 1157 1952 futura
1178 1887 1274 1952 bonis
1297 1888 1424 1953 actibus
1447 1895 1615 1976 appetere.

814 1989 914 2055 Nulla
935 1990 1060 2056 caduca
1082 1991 1185 2076 sequi,
1209 1992 1372 2057 mansuris
1395 1991 1500 2079 figere
1522 1999 1677 2074 mentem,

897 2093 1080 2159 Labentem
1103 2094 1260 2161 mundum
1282 2115 1449 2182 spernere,
1473 2117 1583 2164 amare
1606 2097 1720 2172 deum;

814 2196 947 2263 Caelica
971 2197 1102 2278 sectari,
1125 2203 1326 2284 postponere
1349 2204 1458 2264 terrea
1480 2206 1606 2282 cuncta,

736 2321 762 2361 so
907 2299 1064 2366 Sanctum
1087 2322 1170 2388 opus
1194 2323 1268 2383 ore,
1291 2322 1390 2368 manu
1413 2303 1592 2390 prendere,
1616 2305 1725 2387 corde,
1747 2305 1823 2372 fide.

1223 2767 1333 2835 XVII.

600 2891 661 2965 DE
687 2893 977 2968 HYPOCRITIS
1004 2894 1065 2969 ET
1092 2893 1225 2986 QUOD
1251 2894 1615 2970 APOSTOLORUM
1644 2895 1951 2969 TEMPORIBUS

449 3009 554 3083 SIVE
572 3009 741 3086 EORUM
762 3013 1111 3090 SUCCESSORUM
1128 3015 1277 3090 MAGIS
1292 3015 1551 3090 ECCLESIAE
1567 3015 1806 3090 VIRTUTES
1821 3015 2103 3133 VIGUERUNT

839 3135 978 3224 QUAM
1004 3135 1082 3210 HlS
1108 3134 1374 3211 NOVISSIMIS
1402 3137 1721 3212 TEMPORIBUS.

812 3268 926 3334 Virtus
948 3268 1024 3335 ficta
1045 3271 1144 3356 viget,
1167 3271 1386 3357 nequicquam
1408 3292 1487 3337 vera
1509 3269 1641 3352 fatiscit,

896 3372 1027 3440 Extulit
1048 3375 1106 3440 illa
1127 3382 1235 3462 caput,
1258 3375 1342 3441 haec
1364 3376 1448 3463 petit
1470 3376 1536 3440 ima
1558 3396 1705 3460 gemens,

813 3475 898 3541 Nam
920 3477 1067 3565 probitas
1090 3484 1126 3543 ut
1148 3499 1227 3544 vera
1248 3479 1348 3559 iurat,
1371 3479 1419 3544 sic
1442 3478 1526 3544 salsa
1547 3477 1692 3559 nocebit,

898 3580 1081 3648 Consulera
1104 3583 1169 3647 ista
1190 3589 1296 3669 parat,
1318 3581 1434 3648 fallere
1457 3588 1493 3646 at
1514 3582 1574 3647 illa
1594 3581 1708 3662 iuhiat,

745 3703 758 3740 s
815 3681 964 3768 Tumque
987 3683 1196 3750 sacerdotum
1218 3685 1323 3770 viguit
1345 3684 1495 3750 doctrina
1516 3685 1657 3772 piorum,

898 3785 1014 3853 Sermo
1037 3788 1234 3874 habitusque
1258 3789 1373 3853 horum
1396 3809 1511 3853 norma
1533 3787 1648 3854 salutis
1672 3793 1752 3854 erat.

817 3887 912 3956 Nunc
936 3891 1161 3957 simulatorum
1185 3891 1308 3979 duplex
1331 3912 1402 3968 cor,
1425 3891 1527 3957 verba
1550 3890 1666 3957 dolosa

895 3994 1037 4076 Pollent,
1061 4001 1094 4060 et
1116 3994 1236 4061 retinet
1258 3994 1347 4060 fictio
1371 3996 1443 4059 sola
1465 3994 1582 4060 locum.

815 4094 1012 4162 Pontificum
1034 4096 1134 4162 decus
1158 4103 1192 4162 et
1215 4098 1385 4185 specimen
1406 4102 1484 4162 tune
1508 4118 1586 4163 cura
1608 4096 1758 4183 gerebat,

732 4219 758 4257 ιο
900 4197 985 4265 Iuris
1009 4197 1183 4286 apostolici
1206 4200 1279 4286 quis
1301 4198 1392 4264 dedit
1414 4199 1494 4264 ordo
1515 4200 1679 4265 thronum.

812 4301 890 4368 Iura
911 4303 1030 4388 quibus
1052 4302 1130 4368 data
1152 4313 1229 4368 sunt
1251 4301 1400 4369 solvendi
1425 4303 1494 4368 sive
1518 4301 1654 4387 ligandi,

896 4405 998 4472 Olave
1021 4407 1133 4474 valent
1155 4428 1292 4493 quorum
1316 4427 1419 4492 regna
1440 4393 1553 4493 patere
1577 4406 1655 4493 poli.

814 4510 896 4584 Quis
919 4510 1225 4578 commendatores
1247 4518 1415 4598 pastorum
1438 4516 1550 4598 pastor
1573 4514 1607 4576 et
1629 4530 1743 4595 agnos,

899 4611 1061 4700 Quodque
1085 4612 1136 4678 sui
1158 4613 1274 4678 tribuit
1296 4612 1415 4699 pignos
1439 4611 1560 4676 amoris
1584 4631 1677 4697 opus.

737 4739 762 4777 a
821 4716 876 4782 Sic
898 4723 991 4793 tunc;
1013 4738 1099 4783 nunc
1122 4717 1187 4782 alio
1210 4716 1398 4782 discurrunt
1422 4717 1532 4782 omnia
1553 4737 1661 4795 cursu,

852 4839 853 4842 ’
896 4820 961 4885 Pes
985 4827 1139 4906 superest
1161 4821 1277 4908 ospiti,
1300 4820 1408 4905 vergit
1429 4820 1464 4884 in
1486 4819 1552 4884 ima
1575 4823 1683 4906 caput.

811 4923 918 4988 Pallia
939 4923 1124 5010 apostoliea
1145 4922 1222 4988 data
1244 4929 1322 4989 tunc
1344 4921 1385 4988 de
1410 4921 1489 4988 sede
1511 4921 1680 5008 vigebant,

895 5025 1017 5111 Iusque
1040 5026 1216 5114 potestatis
1239 5026 1342 5091 vestis
1366 5030 1400 5090 et
1423 5023 1503 5090 ordo
1526 5023 1597 5105 fuit,

782 5165 783 5168 π
811 5129 906 5196 Nunc
929 5131 1082 5197 simulata
1101 5131 1192 5197 venit
1215 5131 1332 5212 vestis,
1356 5130 1528 5196 simulatus
1552 5135 1586 5195 et
1608 5135 1733 5208 auctor,

729 5255 755 5313 ²9
898 5231 991 5307 Quae
1013 5233 1321 5301 beneeonveniant
1342 5254 1501 5320 mensque
1523 5231 1725 5318 habitusque
1749 5230 1822 5297 sibi.

516 5491 609 5561 [xvn]
644 5492 756 5549 3ch
769 5495 799 5561 S,
816 5496 882 5548 Nam
900 5511 967 5546 corr.
983 5495 1057 5546 Wott.

553 5662 579 5733 1)
598 5663 729 5720 Mera.
747 5661 903 5739 Peristcpt.
921 5665 989 5729 XII,
999 5663 1032 5718 21
1053 5664 1092 5724 Ut
1109 5667 1182 5722 tetes
1200 5663 1274 5722 orbis
1291 5664 1347 5720 iter
1364 5665 1429 5722 flexi
1447 5667 1510 5720 rota
1526 5664 1700 5742 percucurrit
1717 5662 1793 5718 anni.
