4598 6414
964 413 1152 468 HlBEIlNlCl
1172 413 1301 466 llXULlS
1320 411 1496 468 chemmin.

774 588 974 674 Scriptorem
997 587 1107 652 forsan
1132 587 1240 673 operis
1265 587 1292 650 si
1314 607 1454 650 noscere
1478 605 1583 664 curas,

852 690 946 756 Illius
969 711 1089 755 nomen
1110 690 1186 755 nolo
1210 691 1314 754 latere
1338 688 1407 752 tibi.

704 815 715 851 ι
772 794 886 859 Edidit
908 796 995 859 hunc
1017 794 1136 859 librum
1158 793 1340 857 hlotharius
1364 792 1435 878 ipse
1460 787 1624 866 sacerdos,

855 898 1059 983 Conscripsit
1082 897 1194 981 digitis
1217 897 1279 960 hoc
1304 917 1385 982 opus
1411 915 1453 958 ex
1475 893 1625 979 propriis,

773 1003 883 1087 Atque
907 1001 939 1064 in
961 1001 1086 1066 honore
1110 1000 1202 1065 dedit
1225 1007 1358 1065 sanctae
1383 1019 1477 1062 sacer
1499 998 1556 1061 ille
1579 995 1712 1074 Mariae,

858 1103 904 1168 Ut
918 1105 1032 1190 possit
1055 1105 1202 1188 requiem
1224 1103 1385 1190 prendere
1407 1107 1611 1188 perpetuam.

775 1206 931 1293 Quisquis
955 1229 1002 1287 es,
1026 1229 1044 1272 o
1069 1209 1182 1287 lector,
1205 1208 1324 1272 librum
1347 1207 1403 1291 qui
1426 1204 1547 1289 legeris
1570 1204 1679 1281 istum,

694 1332 717 1369 ιο
860 1310 937 1375 ‘Det
959 1310 1042 1390 sibi,
1065 1311 1128 1390 dic,
1150 1311 1309 1374 ‘dominus
1331 1315 1524 1395 perpetuam
1546 1305 1701 1391 requiem’
1714 1304 1735 1368 ¹.

1066 1513 1087 1556 ιι
1120 1491 1233 1556 ITEM
1255 1491 1405 1555 ALIUD.

775 1594 849 1658 Hoc
871 1596 1007 1661 recubat
1029 1597 1153 1660 tumulo
1176 1594 1358 1660 hlotharius
1380 1594 1436 1658 ille
1460 1591 1643 1672 sacerdos²‚

860 1697 925 1771 Qui
948 1700 1039 1785 prius
1063 1701 1097 1763 in
1119 1699 1239 1764 mundo
1262 1699 1345 1762 vixit
1366 1720 1476 1763 amore
1500 1697 1565 1782 pio.

775 1803 872 1868 Felix
895 1805 950 1868 ille
974 1804 1070 1884 fuitl,
1095 1802 1207 1869 mundi
1229 1809 1361 1868 terrena
1382 1801 1523 1885 reliquit,

859 1907 963 1992 Eligit
986 1914 1019 1972 et
1043 1929 1153 1972 sacras
1176 1906 1303 1971 discere
1328 1906 1500 1982 litterulas,

707 2030 718 2066 ι
775 2011 911 2076 Plenius
935 2019 971 2076 ut
994 2012 1117 2077 domini
1140 2013 1305 2098 potuisset
1327 2030 1464 2074 noscere
1488 2009 1589 2088 iussa,

857 2117 945 2180 Ante
967 2116 1030 2180 fuit
1052 2116 1195 2196 humilis,
1218 2116 1336 2201 plenus
1360 2133 1469 2177 amore
1492 2110 1556 2176 dei.

1184 2525 1295 2591 XVII.

1136 2653 1151 2724 l
1178 2652 1209 2723 T
1236 2651 1265 2722 E
1291 2649 1339 2723 M.

777 2781 933 2868 Quisquis
957 2805 993 2848 es
1017 2783 1102 2847 hune
1126 2805 1264 2848 cernens
1288 2783 1429 2864 titulum,
1453 2782 1504 2847 dic
1527 2790 1661 2869 pectore
1685 2807 1781 2870 puro:

860 2885 909 2950 Sit
932 2887 1063 2970 requies
1088 2887 1146 2968 illi,
1169 2887 1274 2951 lector
1297 2887 1415 2972 opime,
1438 2908 1564 2972 precor.

779 2987 826 3052 Te
850 3010 982 3074 precor,
1007 2990 1213 3075 omnipotens
1237 2989 1384 3074 quadrati
1407 2988 1556 3054 conditor
1578 2991 1677 3072 orbis,

857 3090 1029 3178 Dungalus
1052 3099 1088 3156 ut
1111 3093 1221 3178 vigeat
1244 3093 1339 3157 miles
1363 3092 1483 3177 ubique
1506 3099 1594 3159 tuns.

709 3217 720 3253 s
778 3194 888 3280 Atque
912 3218 1006 3260 suum
1029 3197 1150 3281 iugiter
1172 3194 1331 3260 defendas
1355 3217 1473 3281 corpus
1497 3195 1529 3259 in
1554 3217 1680 3275 aevum,

860 3298 910 3362 Ne
933 3300 1029 3385 lupus
1053 3300 1202 3363 incautus
1227 3298 1406 3362 dilacerare
1430 3306 1538 3382 queat.

779 3401 950 3467 Sidereum
973 3409 1009 3466 ut
1032 3404 1141 3467 valeat
1163 3403 1223 3468 rite
1248 3401 1470 3487 conprendere
1495 3401 1693 3488 Olinphum,

855 3504 938 3569 Cum
962 3507 1083 3570 sanctis
1106 3507 1207 3570 vitam
1229 3505 1426 3591 participare
1450 3510 1557 3588 queat.

779 3606 924 3680 Querere
947 3608 1093 3673 divinum
1115 3630 1180 3673 non
1205 3615 1315 3674 cessat
1335 3616 1431 3672 nocte
1455 3608 1572 3692 dieque

697 3732 721 3770 10
860 3712 1040 3792 Auxilium,
1063 3719 1100 3777 ut
1122 3713 1227 3798 possit
1250 3713 1380 3776 vincere
1405 3718 1522 3775 cuncta
1544 3713 1640 3778 mala.

778 3811 920 3878 Divitias
942 3816 1050 3879 varias
1074 3816 1212 3900 tempnit
1234 3813 1348 3878 mundi
1369 3815 1515 3900 perituri,

857 3918 889 3982 A
911 3918 1024 3983 mundi
1047 3920 1133 3983 curis
1156 3919 1261 3983 libera
1283 3917 1381 3983 corda
1403 3918 1503 3982 vehit.

779 4023 889 4106 Atque
912 4024 998 4108 regit
1020 4024 1185 4110 propriam
1208 4024 1293 4087 iusto
1317 4022 1538 4086 moderamine
1563 4044 1704 4102 earnem,

861 4126 924 4189 Pro
950 4127 1057 4190 carnis
1081 4128 1159 4190 vitio
1183 4148 1224 4191 ne
1248 4133 1362 4212 pereat
1384 4127 1502 4190 anima.

697 4250 721 4287 ιι
778 4227 1028 4314 Mortiferasquo
1053 4236 1146 4313 rogat
1170 4228 1279 4291 mundi
1304 4234 1535 4315 contempnere
1558 4250 1705 4315 pompas,

860 4330 1021 4396 Caelestis
1044 4333 1139 4416 regni
1162 4352 1300 4417 querere
1324 4332 1416 4396 lucra
1439 4338 1541 4415 roget,

779 4434 817 4498 In
841 4433 963 4499 domini
986 4436 1148 4501 meditans
1172 4443 1241 4500 toto
1266 4436 1436 4500 conamine
1459 4437 1544 4520 lege,

860 4537 903 4600 Et
926 4540 1026 4602 servit
1048 4537 1179 4603 domino
1203 4560 1295 4602 mens
1320 4538 1375 4623 pia
1397 4539 1467 4603 iure
1492 4561 1561 4602 suo.

778 4639 968 4725 Discipulos
991 4643 1140 4728 proprios
1164 4643 1316 4706 inlustrat
1338 4642 1460 4706 lumine
1485 4663 1588 4722 sacre,

698 4765 723 4800 ιο
862 4743 932 4807 Ceu
955 4746 1062 4830 posita
1086 4746 1117 4809 in
1142 4747 1230 4810 celso
1254 4747 1341 4810 clara
1362 4747 1495 4810 lucerna
1517 4746 1600 4810 loce.

782 4847 967 4932 Scripturas
991 4851 1111 4934 promit
1135 4857 1224 4914 casto
1249 4849 1289 4914 de
1313 4857 1446 4935 pectore
1472 4870 1590 4928 sacras,

860 4949 987 5015 Edocet
1011 4953 1154 5017 infirmos
1179 4960 1211 5017 et
1235 4953 1359 5017 validos
1382 4953 1513 5039 pariter.

553 5110 560 5115 -
568 5109 887 5115 ---·——-·⁴-*—-·-——-—----
893 5111 1231 5118 1------.-—-—.-....—...
1850 5108 1963 5117 -—----=

517 5205 532 5258 ‘l
550 5209 577 5259 in
594 5209 657 5260 hore
666 5208 698 5272 1’,
714 5209 811 5260 honore
829 5209 900 5259 Mar.
1019 5211 1035 5262 9
1053 5230 1067 5263 e
1086 5213 1199 5264 lectorP
1322 5213 1332 5278 ΙΙ
1354 5211 1391 5278 [ιι]
1410 5211 1426 5263 3
1445 5211 1589 5278 reliquidP
1689 5209 1706 5262 5
1724 5213 1821 5264 nescire
1832 5211 1861 5276 P,
1880 5213 1963 5262 dicere
1982 5209 2062 5274 Mur„

413 5296 509 5346 discere
527 5293 592 5358 Mari,
611 5311 715 5345 noscere
733 5294 880 5344 Bethnrcaa

483 5378 579 5446 [xvii]
597 5379 615 5430 4
632 5379 815 5446 DumgnlusP
898 5379 914 5430 ἴ)
934 5381 1062 5444 lldqucP
1141 5380 1155 5433 'l
1175 5384 1335 5435 SideriumP
1362 5449 1364 5454 Ι
1415 5383 1538 5436 9diuum
1550 5383 1579 5446 P,
1597 5384 1714 5434 divinum
1732 5384 1803 5433 Μαό.
1883 5380 1916 5432 19
1933 5382 2071 5448 propiosP

413 5465 449 5516 20
467 5466 571 5518 CaeuP

519 5603 544 5669 l)
558 5602 602 5654 De
616 5601 659 5654 his
672 5599 800 5655 versibus
811 5601 878 5656 dicit
889 5603 964 5656 Hirr.
981 5604 1051 5658 liter.
1067 5604 1099 5657 de
1115 5605 1142 5657 la
1154 5605 1263 5658 Fronce
1277 5603 1437 5668 112498011
1446 5603 1493 5671 n'y
1503 5603 1678 5658 deconvreni
1688 5605 1812 5659 lomense
1822 5605 1912 5674 genie,
1926 5604 1957 5658 ni
1966 5606 2069 5658 autent

414 5703 448 5756 de
467 5703 559 5772 poesie
569 5705 604 5772 (l)
667 5705 694 5772 2)
715 5705 758 5773 Os.
776 5705 927 5760 Fortunati
947 5706 1034 5762 Oarm.
1054 5709 1072 5762 l.
1092 5711 1110 5760 I
1115 5709 1205 5773 ΙΙ,9,3
1223 5707 1282 5762 Hoc
1299 5706 1434 5762 recubant
1451 5707 1567 5762 tumulo.
1625 5709 1653 5777 3)
1673 5709 1715 5762 Ib.
1736 5711 1759 5772 1,
1772 5709 1803 5762 31
1823 5708 1902 5762 Felix
1920 5707 1968 5762 ille
1986 5707 2067 5762 abiit.
