4628 6428
593 412 870 469 INSCRIPTIONFS
890 413 928 468 IN
947 411 1184 468 MONASTERIO
1206 410 1470 469 NOBILIACENSI.

566 587 680 673 Sitque
705 587 856 651 minister
878 608 980 651 eveus
1003 587 1090 650 fesso
1115 587 1238 650 servire
1260 586 1373 666 vianti,

565 690 609 754 Et
630 693 740 755 lavare
765 690 867 776 pedes
891 691 1074 776 peregrinis
1097 690 1239 775 gaudeat
1261 691 1328 755 ille.

497 816 508 852 a
565 794 658 859 Haec
683 796 835 880 exempla
858 793 947 858 dedit
970 794 1120 857 Christus
1142 794 1274 879 pietatis
1298 801 1438 857 amator:

565 896 626 962 Ille
650 899 739 984 prior
760 899 888 983 plantes
911 899 1033 961 lavavit
1055 896 1301 982 discipulerum.

566 1000 658 1065 Haec
682 1001 806 1065 faciens
829 1002 931 1064 frater
953 1007 1063 1086 speret
1087 1000 1150 1064 sibi
1174 1001 1320 1085 praemia
1343 1019 1461 1084 magna

566 1103 605 1167 Iu
628 1105 729 1168 caelis
753 1105 863 1182 tribui,
888 1103 1010 1168 Christi
1032 1111 1209 1189 praecepta
1233 1109 1375 1166 secutus.

567 1205 705 1292 Semper
727 1215 833 1272 amate
856 1207 963 1286 deum,
987 1206 1115 1287 fratres,
1138 1213 1172 1270 et
1192 1211 1322 1270 vosmet
1347 1211 1468 1269 amate:

568 1309 688 1395 Diligit
707 1311 763 1374 ille
786 1310 895 1390 deum,
918 1332 1014 1374 verus
1038 1311 1092 1395 qui
1117 1319 1168 1374 est
1191 1309 1300 1374 fratris
1324 1315 1458 1376 amator.

1010 1545 1041 1590 xr

565 1627 765 1692 Pontificalis
788 1649 885 1713 apex,
908 1629 1096 1714 praeclarus
1119 1629 1151 1692 in
1176 1629 1254 1693 orbe
1279 1627 1443 1708 sacerdes,

564 1729 731 1794 Virtutum
754 1731 880 1794 meritis
904 1730 1063 1794 Martinus
1086 1733 1249 1795 maximus
1272 1738 1396 1810 auctor,

565 1833 659 1898 Haec
682 1841 810 1898 saerata
833 1834 897 1898 sibi
921 1834 1074 1900 defendat
1097 1844 1185 1899 tecta
1207 1843 1373 1921 patronus,
1421 1823 1424 1829 ⁵

565 1936 710 2000 Adiuvet
732 1944 830 2021 atque
854 1960 970 2023 preces
995 1947 1122 2003 nostras
1146 1939 1278 2025 pietatis
1302 1959 1423 2016 amore,

547 2039 612 2114 ,Ut
635 2039 715 2104 deus
739 2041 945 2126 omnipotens
968 2041 1160 2105 famulorum
1183 2050 1259 2105 veta
1282 2063 1413 2106 suorum

565 2142 706 2229 Impleat
729 2151 762 2208 et
784 2143 878 2208 donis
901 2145 1099 2208 caelestibus
1123 2152 1243 2228 augeat
1264 2146 1347 2208 illes.

568 2245 618 2310 Sit
640 2247 715 2331 pius
740 2253 772 2311 et
795 2248 938 2312 clemens
962 2248 1056 2312 nobis
1079 2270 1139 2312 rex
1162 2249 1303 2332 optimus
1325 2248 1392 2311 ille.

565 2349 638 2414 Hae
661 2372 790 2435 quoque
814 2351 877 2414 iam
899 2357 1016 2435 pausat
1037 2352 1169 2436 praesul
1193 2351 1346 2415 Gelasius
1370 2352 1474 2416 almus

567 2451 681 2516 Clarus
705 2454 737 2516 in
761 2453 842 2517 urbe
867 2462 959 2538 pater
982 2463 1168 2538 praesente,
1193 2461 1226 2517 et
1250 2454 1364 2518 doctor
1386 2454 1555 2528 honestus,

564 2543 766 2642 Praecipuus
790 2558 924 2634 meritis,
949 2558 1045 2622 vivex
1069 2579 1219 2622 sermone
1238 2547 1369 2625 salutis.

565 2660 661 2725 Hanc
684 2662 853 2724 renovavit
875 2662 963 2724 enim
986 2662 1051 2724 iam
1075 2660 1229 2725 Gundvin
1252 2661 1425 2746 presbyter
1447 2663 1566 2738 aulam,

564 2761 691 2826 Ductus
714 2784 823 2827 amore
847 2771 985 2848 patrum,
1010 2763 1131 2826 tribuat
1154 2764 1206 2827 cui
1229 2764 1375 2849 praemia
1398 2761 1547 2826 Christus

563 2865 653 2930 Mitis
677 2867 710 2930 in
731 2873 901 2930 aeternum
924 2867 1012 2929 felici
1035 2867 1068 2929 in
1092 2865 1170 2931 sede
1196 2868 1354 2951 pelorum.

1003 3092 1044 3135 rnr

562 3173 657 3240 Haec
679 3176 752 3240 loca
775 3198 857 3260 quac
882 3175 1001 3253 cernis,
1024 3176 1137 3255 lector,
1162 3175 1359 3239 venerabilis
1382 3175 1476 3238 aulae

563 3276 717 3342 Partibus
740 3278 911 3357 ecclesiae,
935 3277 1064 3341 luerent
1086 3277 1226 3341 ecelesia
1249 3277 1423 3361 quondam.

565 3378 630 3443 Sed
653 3387 747 3465 pater
770 3387 803 3444 et
824 3388 936 3466 pastor
959 3380 1100 3465 supplex
1123 3378 1212 3442 Ate¹
1236 3379 1368 3442 sustulit
1391 3379 1453 3442 ista

562 3481 590 3544 Ε
613 3484 719 3560 terris,
743 3483 895 3568 quoniam
919 3484 1019 3547 nimio
1043 3483 1159 3546 dilexit
1182 3503 1303 3560 amore,

565 3585 669 3672 Virgo
692 3585 807 3666 lieris,
831 3585 884 3649 dei
908 3587 1052 3670 genitrix
1075 3595 1109 3650 tu
1132 3586 1256 3649 intacta
1279 3587 1431 3652 tonantis.

564 3689 616 3754 Tu
637 3690 751 3774 regina
773 3690 852 3775 poli,
875 3691 963 3754 vitae
987 3711 1062 3775 spes
1086 3690 1229 3752 rrraxirua
1252 3697 1395 3768 nostrae,

564 3792 610 3856 Ut
633 3793 693 3856 tibi
717 3793 835 3870 cultus,
859 3792 962 3857 honor
985 3793 1079 3857 fieret
1102 3792 1324 3856 memorabilis
1348 3792 1430 3867 istie,

563 3894 614 3959 'l'u
637 3916 765 3981 quoque
789 3895 972 3980 respiceres
997 3895 1093 3959 solita
1115 3895 1238 3981 pictate
1261 3903 1432 3982 precantes

562 3998 627 4063 Hic
650 3998 790 4064 famulas
813 3999 1016 4084 famulosque
1041 3999 1104 4080 dei,
1128 3999 1301 4063 mitissima
1323 3999 1425 4083 virgo.

565 4102 616 4167 Tu
638 4103 793 4188 precibus
815 4103 935 4168 nostris
959 4125 1090 4189 semper
1113 4104 1292 4168 clementer
1314 4102 1438 4182 adesto,

563 4205 673 4291 Atque
696 4206 767 4271 dies
790 4215 921 4272 nostros
944 4207 1097 4292 precibus
1120 4229 1198 4292 rege
1224 4228 1354 4293 semper
1375 4207 1506 4291 ubique,

561 4308 606 4373 Ut
629 4331 689 4374 nos
713 4319 886 4376 conservet
909 4310 987 4376 Iesu
1010 4312 1065 4397 pia
1087 4313 1194 4396 gratia
1218 4310 1352 4375 Christi.

997 4546 1050 4589 xm

561 4626 670 4692 Huius
694 4627 747 4691 hie
769 4634 888 4714 pausat
909 4630 1097 4714 praeclarus
1120 4629 1294 4715 episcopus
1319 4629 1411 4693 urbis

643 4731 783 4796 Nomine
807 4730 1003 4812 Iohannem,
1027 4732 1076 4796 vir
1099 4733 1171 4817 pius
1195 4739 1293 4816 atque
1316 4732 1433 4796 bonus.

562 4834 628 4899 Hic
651 4835 829 4921 requiescit
851 4835 952 4920 Aper,
976 4834 1071 4899 huius
1094 4835 1292 4900 venerabilis
1315 4836 1417 4900 abbas

645 4938 828 5018 Ecclesiae,
852 4949 964 5024 pastor
985 4947 1155 5026 promptus
1178 4942 1212 5003 in
1234 4962 1329 5005 omne
1352 4941 1473 5006 bonum
1482 4941 1504 5003 ³.

494 5063 506 5098 ὁ
566 5040 631 5105 Sed
654 5043 794 5127 pedibus
817 5044 931 5128 pepuli
954 5043 1083 5108 fuerant
1106 5044 1231 5109 calcata
1253 5045 1437 5130 sepulchra.

645 5144 715 5210 Nec
738 5146 846 5231 parics
870 5146 982 5227 cinxit,
1006 5155 1041 5210 ut
1063 5145 1175 5211 decuit
1196 5147 1356 5232 patribus.

299 5373 310 5436 ll
332 5371 376 5439 [Ἠ]
403 5371 523 5434 8ῗῖΜο
591 5371 722 5438 1³¹¹&th
747 5369 875 5437 P⁸¹¹⁸sslF
1011 5370 1042 5420 ll
1055 5372 1169 5424 Gunduu
1188 5373 1318 5439 mepribus
1334 5375 1371 5438 Q,
1399 5391 1439 5426 me
1464 5376 1534 5441 prius
1553 5375 1581 5426 F
1595 5379 1629 5444 es.
1649 5378 1722 5444 infra
1736 5376 1852 5444 xxm

195 5455 555 5526 ll[xrrl‘210carcorruptru
658 5456 675 5508 4
694 5459 727 5509 Et
742 5457 770 5520 Q,
791 5457 898 5508 Ell'ett.
1015 5458 1027 5522 ll
1048 5455 1110 5524 [1111]
1130 5456 1302 5521 bsueruntQ

305 5595 332 5659 1)
351 5593 479 5648 Basilica
496 5592 701 5648 Nobiliacmst's
713 5592 885 5646 beatissimae
896 5592 1014 5660 cirpinis
1035 5599 1059 5647 et
1077 5593 1167 5646 sancti
1177 5593 1295 5646 laniari
1311 5595 1418 5648 nomine
1436 5596 1571 5665 inaipaitc
1588 5597 1646 5664 fait
1663 5597 1701 5666 cf.
1713 5597 1850 5652 Mabilloa
1881 5563 1882 5566 Ἴ

195 5695 267 5749 Aac.
287 5694 332 5758 ΙΙ,
350 5695 410 5749 307.
487 5695 942 5765 2)11‚Ptcravmrireptscopus.
1021 5699 1047 5764 3)
1068 5695 1112 5764 t's.
1131 5696 1217 5751 Pauli
1238 5697 1303 5752 tire.
1322 5697 1445 5767 Lanqot.
1464 5698 1504 5752 ΙΙ
1519 5713 1542 5753 c.
1560 5699 1593 5753 13
1612 5705 1637 5754 et
1655 5715 1743 5770 supra
1757 5717 1788 5770 p.
1808 5703 1850 5756 56.
