4936 6406
966 423 1013 477 DE
1031 423 1147 478 REBUS
1165 425 1311 481 DIVINIS.

672 597 869 684 ‘Numquid'‚
892 597 939 662 eit
960 595 1112 662 dominus
1123 597 1144 678 ¹,
1167 599 1274 664 ‘verso
1296 600 1330 664 in
1353 600 1519 667 contraria
1540 599 1652 683 voto²‚

592 725 617 763 ιο
759 702 885 768 Probra
907 701 981 787 quis
1004 700 1146 787 accipiet
1169 707 1263 786 grata
1285 703 1427 789 petendo
1451 709 1603 790 patrem?

672 806 760 870 Num
782 826 841 892 pro
865 825 927 890 ope
950 804 1023 890 quis
1045 805 1140 891 panis
1163 804 1283 892 lapidis
1306 806 1480 873 tribuendo
1503 808 1657 894 rigorem,

752 908 909 974 Poscenti
930 907 1031 974 faciet
1053 909 1086 974 in
1109 929 1170 974 sua
1192 915 1269 974 vote
1291 909 1406 976 satis?

673 1014 822 1100 Namque
846 1013 944 1080 deum
967 1019 1001 1078 et
1024 1013 1161 1078 fratrum
1183 1013 1279 1100 panis
1302 1013 1455 1099 designat
1477 1035 1633 1096 amorem,

758 1118 832 1193 Quo
856 1118 1052 1203 quicumque
1076 1124 1177 1199 caret,
1200 1139 1304 1184 saxea
1328 1118 1426 1184 eorda
1449 1119 1544 1205 gerit.

592 1246 616 1284 u
674 1221 763 1288 Num
784 1243 844 1307 pro
867 1223 958 1308 pisce
981 1219 1075 1285 dabit
1096 1221 1230 1288 sinuosa
1252 1223 1391 1308 ambage
1415 1222 1617 1308 chelydrum,

756 1325 839 1390 Oum
861 1325 958 1390 modo
981 1325 1083 1413 piscis
1106 1326 1183 1407 alat,
1206 1327 1376 1413 improbus
1399 1327 1456 1393 ille
1479 1334 1598 1394 necet?

672 1427 734 1494 Ille
757 1427 856 1494 fidem
878 1428 997 1513 signat,
1021 1428 1143 1516 rapidis
1166 1452 1251 1516 quae
1275 1432 1395 1497 crescit
1416 1432 1450 1498 in
1472 1430 1579 1514 undis,

755 1530 861 1618 Inque
883 1531 1104 1618 procellarum
1126 1533 1257 1600 turbine
1280 1535 1369 1600 laeta
1391 1535 1479 1599 eluit

673 1633 761 1699 Huic
784 1632 996 1699 incredulitas
1021 1635 1193 1715 contraria,
1217 1657 1336 1702 saevus
1359 1643 1396 1701 ut
1418 1636 1547 1723 anguis,

592 1760 620 1798 ro
763 1737 928 1804 Perfidiae
951 1738 1064 1824 lingua
1085 1739 1229 1824 pereutit
1251 1745 1351 1825 atque
1374 1747 1481 1807 necat.

674 1841 742 1907 Aut
765 1841 793 1906 si
816 1863 914 1906 ovum
937 1847 1083 1927 quaerat,
1106 1840 1237 1908 dabitur
1258 1844 1335 1909 huic
1359 1838 1518 1931 scorpius,
1540 1865 1645 1910 uncae

758 1944 848 2010 Ense
871 1945 948 2010 ferit
971 1945 1106 2027 caudae,
1131 1946 1201 2012 sire
1225 1947 1369 2012 minatur
1390 1954 1497 2012 atrox.

673 2046 759 2112 Nam
781 2049 837 2134 pia
858 2046 945 2113 dona
968 2048 1039 2134 spei
1061 2049 1161 2114 tereti
1183 2050 1354 2135 signantur
1376 2051 1410 2115 in
1433 2071 1505 2132 oro,

757 2151 917 2237 Tegmine
940 2151 1170 2217 obumbratum
1193 2151 1279 2238 quod
1302 2152 1394 2218 vehit
1414 2152 1502 2218 intus
1525 2151 1667 2216 habens:

592 2275 617 2312 rs
677 2252 723 2318 Ut
745 2255 872 2341 pullum
893 2274 957 2320 ova
978 2260 1105 2341 tegunt,
1129 2256 1176 2321 sic
1200 2277 1292 2342 spem
1315 2257 1504 2343 praesentia
1526 2257 1644 2337 celant,

757 2357 822 2423 Hie
845 2365 938 2445 patet
960 2365 1092 2440 exutus,
1114 2359 1171 2425 illa
1194 2360 1305 2425 futura
1326 2365 1430 2446 parat.

672 2460 761 2527 Huic
784 2460 923 2528 adversa
944 2469 1057 2528 manet
1077 2483 1154 2528 nam
1176 2461 1364 2549 desperatio
1387 2462 1535 2546 laedens,

756 2564 864 2639 Quem
886 2567 973 2631 male
994 2586 1081 2653 pone
1105 2567 1192 2648 ferit,
1214 2567 1262 2632 ire
1286 2587 1348 2632 nee
1371 2573 1448 2632 ante
1474 2567 1563 2633 sinit.

675 2667 712 2734 Si
735 2668 822 2754 quod
844 2690 930 2756 pone
953 2669 1040 2751 ferit,
1065 2669 1196 2757 sopiant
1219 2671 1342 2736 oblivia
1365 2670 1474 2756 digna,

594 2795 620 2833 co
765 2772 880 2859 Teque
903 2772 946 2837 ed
969 2795 1010 2838 ea
1032 2773 1193 2840 extendas
1217 2795 1280 2860 quo
1304 2774 1471 2840 anteriora
1492 2780 1622 2839 vocant.

676 2875 758 2942 Cum
780 2876 884 2941 Paulo
906 2897 1059 2963 superam
1082 2877 1194 2964 capies
1218 2897 1319 2964 super
1341 2877 1479 2944 aethera
1501 2879 1653 2964 palmam,

755 2975 852 3044 Serta
873 2981 1056 3045 venustatis
1078 2980 1185 3046 laetus
1208 2981 1240 3045 in
1266 3001 1341 3046 arce
1365 3001 1496 3066 gerens.

675 3079 823 3167 Cumque
846 3081 945 3148 fidem
965 3083 1079 3169 piscis,
1098 3104 1192 3170 spem
1208 3104 1316 3166 ovum,
1339 3091 1431 3170 aptet
1446 3085 1540 3171 panis
1556 3104 1711 3166 amorem,

756 3183 905 3270 Quisque
928 3191 1021 3250 caret
1042 3185 1148 3251 tribus
1170 3186 1233 3266 his,
1256 3194 1308 3252 sat
1330 3189 1431 3253 miser
1454 3187 1511 3252 ille
1533 3193 1654 3253 manat.

593 3308 617 3345 ss
677 3285 760 3352 Oum
782 3307 869 3352 nunc
892 3307 999 3372 aequa
1019 3296 1141 3372 meent,
1164 3295 1313 3355 remeent
1335 3295 1369 3354 et
1391 3290 1503 3374 iniqua
1524 3288 1683 3370 dolenter,

760 3388 854 3455 Haeo
876 3391 940 3454 tria
962 3410 1037 3454 cum
1059 3392 1172 3456 multis
1196 3397 1273 3456 sunt
1295 3391 1463 3478 tepefacta
1485 3391 1593 3456 bonis.

675 3493 719 3557 Et
743 3494 897 3579 quoniam
920 3493 1114 3578 improbitas
1137 3495 1236 3574 valet,
1259 3494 1371 3576 instet,
1393 3494 1508 3580 pollet,
1531 3494 1686 3578 abundat,

757 3596 854 3663 Eheu
878 3598 1053 3663 multorum
1076 3618 1176 3686 saepe
1200 3598 1338 3684 refriget
1359 3599 1477 3663 amori

1096 4127 1193 4196 XIII.

453 4275 515 4349 DE
540 4271 917 4348 DISPENSATIONE
944 4273 1122 4364 DIVINA,
1151 4273 1283 4363 QUAE
1308 4273 1459 4347 SAEPE
1486 4273 1711 4349 OCCULTA
1737 4274 1826 4348 EST

810 4411 1054 4502 NUMQUAM
1080 4413 1246 4487 TAMEN
1271 4413 1477 4488 INIUSTA.

677 4559 790 4639 Oris,
814 4558 970 4644 edecus,
995 4583 1014 4626 o
1038 4561 1163 4627 excelsi
1186 4561 1293 4647 gloria
1314 4583 1442 4644 sensus,

760 4663 853 4737 Quae
876 4664 989 4729 mirari
1012 4685 1137 4747 omues,
1160 4686 1298 4731 noscere
1320 4687 1418 4732 nemo
1441 4668 1542 4734 valet.

678 4765 783 4832 Multa
804 4767 878 4852 regi
900 4767 991 4833 varie
1018 4767 1073 4852 qui
1096 4766 1240 4833 humana
1259 4768 1295 4833 in
1318 4776 1418 4854 gente
1440 4770 1600 4853 videmus,

755 4869 931 4956 Ignarique
957 4891 1083 4954 sumus,
1107 4893 1166 4938 cur
1188 4870 1266 4957 quid
1289 4877 1323 4936 et
1345 4871 1432 4938 unde
1455 4871 1523 4939 fiat.

609 4996 621 5032 s
677 4973 763 5038 Nam
775 4972 864 5037 mala
878 4993 979 5060 saepe
998 4972 1114 5058 bonos,
1131 4974 1290 5061 reprobos
1306 4975 1394 5040 bona
1409 4997 1510 5062 saepe
1523 4984 1715 5062 sequuntur,

757 5076 803 5142 Et
824 5076 912 5142 bona
935 5099 1037 5165 saepe
1059 5078 1164 5144 bonos
1187 5083 1221 5142 et
1243 5077 1331 5143 mala
1353 5099 1453 5164 saepe
1474 5079 1590 5148 malos.

419 5405 446 5474 1)
474 5404 543 5460 Lac.
566 5404 656 5470 11,11
683 5403 751 5470 Quis
776 5406 872 5459 autem
897 5420 932 5459 ex
955 5403 1033 5458 vobis
1056 5406 1165 5474 patrem
1188 5404 1262 5475 petit
1285 5421 1399 5476 panem,
1423 5402 1560 5472 numquid
1582 5402 1706 5474 lapidem
1728 5403 1808 5458 dabit
1825 5403 1890 5457 illi?
1916 5403 1975 5458 Aut

314 5509 432 5579 piscem,
459 5508 596 5576 numquid
620 5526 670 5578 pro
693 5509 769 5579 pisce
792 5509 950 5579 serpentem
976 5507 1057 5562 dabit
1080 5508 1144 5562 illi?
1180 5510 1214 5563 12
1241 5508 1299 5562 suc
1322 5508 1345 5562 si
1370 5505 1486 5577 petierit
1508 5523 1605 5572 ovum,
1632 5507 1769 5577 numquid
1790 5506 1916 5578 porriget
1932 5506 1975 5560 iili

315 5612 506 5683 scorpionem?
580 5613 607 5680 2)
627 5612 761 5666 Prudent.
779 5615 878 5668 contra
896 5615 998 5683 Syram.
1017 5612 1119 5680 ΙΙ,308
1137 5611 1166 5665 in
1184 5612 1325 5666 contraria
1342 5611 1434 5665 vertit.
1513 5611 1540 5676 3)
1560 5609 1660 5665 Manu.
1678 5612 1771 5676 24,12
1788 5612 1825 5666 Et
1841 5611 1974 5680 quoniam

315 5716 471 5770 abundavit
488 5714 632 5782 iniquitas,
652 5715 814 5784 refrigescet
832 5716 934 5770 carium
952 5716 1110 5770 multorum.

1717 5811 1767 5863 oo*
