4666 6406
620 392 857 447 COMPARA'I'IO
877 393 979 448 LEGIS
998 394 1187 459 ANTIQUAE
1205 395 1250 448 ΕΤ
1271 394 1481 450 MODEItNAE.

590 566 685 632 Haec
709 567 880 632 benedicta
901 568 980 632 boat
1001 568 1084 653 legis
1108 587 1246 632 censura
1268 569 1421 649 tonantis,

671 670 765 735 Haeo
787 670 959 736 retinenda
981 671 1073 736 iubet
1096 676 1130 734 et
1152 669 1304 734 facienda
1325 672 1463 736 monet¹.

508 795 532 832 ⁴⁵
594 776 717 842 Omnes
741 777 871 842 diverso
894 798 980 841 nunc
1004 782 1137 841 currunt
1160 776 1289 840 tramite
1313 778 1416 862 leges,

672 879 804 960 Nescio,
829 881 895 944 sint
916 882 1007 966 leges
1032 901 1073 944 an
1096 901 1192 964 mage
1216 880 1323 965 sitque
1345 879 1461 944 furor-².

591 981 757 1067 Sanguine
781 1005 839 1069 pro
862 985 954 1071 porci
975 984 1050 1048 fuso
1074 982 1169 1047 datur
1189 983 1288 1048 immo
1312 990 1411 1071 ceput
1434 985 1509 1064 iam,

669 1085 734 1150 Pro
758 1087 884 1172 pecude
905 1087 1067 1151 humanus
1091 1086 1237 1151 funditur
1260 1107 1336 1152 ecce
1361 1103 1465 1152 cruor.

588 1187 759 1254 Hirsutum
783 1191 889 1277 rapiat
912 1192 941 1254 si
963 1192 1074 1255 forsan
1098 1190 1236 1275 quisque
1260 1190 1429 1276 capellam,

507 1312 532 1349 ⁵⁰
676 1293 795 1379 Stipite
820 1315 999 1381 suspensus
1023 1293 1228 1358 excruciatus
1253 1292 1331 1357 obit.

590 1394 625 1458 Si
648 1395 841 1462 furibundus
865 1404 958 1462 atrox
982 1397 1132 1461 homines
1155 1395 1357 1482 percusserit
1379 1417 1504 1472 amens,

673 1499 717 1564 ut
739 1483 829 1566 caior
852 1502 1004 1566 exanima
1027 1501 1163 1565 menbra
1186 1500 1348 1585 relinquat
1369 1500 1461 1580 ebes,

589 1602 665 1668 Vile
689 1603 784 1667 datur
805 1605 948 1690 pretium
970 1604 1053 1668 tanti
1075 1625 1134 1690 pro
1160 1603 1294 1668 crimine
1317 1603 1396 1668 facti

656 1705 725 1770 Aut
746 1709 869 1771 nummi
891 1714 948 1772 eut
970 1707 1105 1793 pecudis
1129 1713 1185 1771 aut
1208 1705 1289 1771 rude
1313 1727 1413 1792 saepe
1436 1707 1586 1774 metum-³.

507 1828 531 1864 ss
591 1805 677 1872 Gara
699 1811 841 1875 creatori
863 1817 1016 1875 maneant
1040 1830 1113 1874 cum
1136 1816 1254 1874 cuncta
1277 1815 1395 1888 creata,

668 1911 783 1977 Carior
804 1915 838 1978 in
861 1915 996 1994 cunetis,
1019 1912 1126 1994 crede,
1151 1918 1280 1978 creatur
1303 1913 1417 1978 homo:

588 2013 660 2080 Nee
682 2017 740 2080 vili
761 2017 867 2103 pretio
890 2017 1026 2104 pecudis
1049 2037 1110 2081 nec
1135 2036 1260 2100 aequus
1282 2014 1397 2080 haberi

670 2117 798 2184 Celsior
821 2121 854 2184 in
877 2121 1002 2184 eunctis
1025 2120 1089 2184 iste
1112 2118 1275 2204 putandus
1299 2119 1370 2182 erit.

587 2220 661 2286 Lex
683 2223 817 2309 antiqua
839 2223 893 2287 dei
916 2229 1057 2302 veteres,
1081 2223 1128 2286 sio
1151 2222 1271 2307 probra
1292 2219 1453 2301 recidens,

506 2345 532 2382 rc
677 2324 760 2390 Tum
783 2325 896 2391 docuit
918 2327 1067 2390 homines
1090 2331 1125 2390 et
1148 2325 1221 2411 pius
1245 2324 1322 2389 ordo
1346 2325 1446 2406 dedit,

587 2427 723 2514 Iamque
746 2450 829 2495 novo
853 2436 983 2495 veteres
1006 2429 1203 2516 pepulerunt
1223 2429 1347 2520 iumine
1371 2428 1485 2493 sordes

672 2531 782 2598 Tenea
805 2534 961 2598 creatoris
985 2533 1098 2618 stipite
1121 2533 1269 2597 membra
1292 2532 1409 2597 crucis.

588 2633 725 2700 Censuit
747 2637 803 2702 ille
826 2637 900 2722 pius
924 2635 1081 2721 rapientis
1103 2635 1215 2700 vivere
1238 2635 1384 2721 corpus‘‚
1428 2659 1430 2662 ·

669 2738 713 2804 Et
735 2741 844 2825 potius
867 2740 1010 2804 lacrimis
1034 2739 1082 2802 sic
1106 2739 1215 2802 scelus
1239 2758 1334 2801 omne
1358 2739 1449 2810 mori,

505 2863 530 2898 εει
589 2841 659 2907 Nec
682 2844 769 2907 mala
791 2864 915 2929 proque
938 2842 1044 2922 malis,
1068 2841 1190 2906 crimen
1213 2863 1272 2927 pro
1297 2841 1432 2906 crimine
1455 2841 1572 2921 dirum,

668 2947 760 3014 Neve
784 2951 889 3015 vinem
912 2951 1038 3016 laesum
1061 2948 1198 3014 reddere
1223 2949 1311 3033 cogit
1333 2949 1435 3013 erus⁵.

589 3049 656 3114 Sed
678 3053 807 3138 potiora
829 3054 930 3133 iubet,
954 3054 1061 3118 saevis
1085 3053 1233 3117 conferre
1256 3052 1410 3137 benigne,

668 3155 733 3221 Pro
758 3178 910 3222 sermone
933 3178 1075 3241 nequam
1098 3156 1222 3241 gratius
1247 3177 1321 3220 esse
1345 3156 1446 3220 iubet.

587 3256 750 3330 Quattuor
773 3261 908 3345 egregie
931 3260 1069 3324 reboant
1091 3265 1151 3345 per
1174 3259 1317 3344 compita
1339 3257 1469 3322 mundi⁶

466 3371 470 3382 “
505 3379 530 3416 ⁷0
673 3360 767 3427 Haec
789 3383 954 3449 proceres,
978 3382 1115 3446 quorum
1137 3382 1201 3425 vox
1225 3366 1319 3425 sonat
1341 3381 1407 3425 una
1429 3361 1536 3426 simul.

588 3464 721 3531 Intonat
743 3468 864 3532 emissa
886 3467 1014 3551 ingenti
1036 3466 1099 3530 hoo
1122 3465 1252 3529 turbine
1275 3464 1371 3529 Pauli

670 3569 746 3634 Vox
768 3569 983 3636 tremebunda
1006 3569 1093 3656 polo,
1116 3569 1257 3654 perculit
1279 3567 1365 3632 unde
1388 3567 1492 3632 nefas.

568 3671 623 3736 Sic
646 3673 693 3736 ait
715 3673 836 3760 exiguo
858 3679 1041 3760 prostratus
1066 3693 1203 3759 corpore
1226 3673 1368 3736 terrae.

672 3776 813 3862 ‘Proque
836 3779 922 3842 nraio
945 3777 1026 3840 nulli
1048 3775 1186 3840 reddere
1210 3796 1292 3860 cogo
1315 3776 1446 3856 malum,

508 3899 532 3939 τι
589 3880 766 3946 Proridcat
788 3882 897 3968 potius
919 3886 1029 3946 vestra
1052 3881 1199 3945 sollertia
1221 3880 1348 3945 cunctis

669 3984 761 4058 Quae
784 3984 926 4050 iucunda
948 3990 1091 4065 manent,
1114 4005 1179 4048 non
1202 3983 1352 4048 nocitura
1374 3982 1495 4048 ferat⁸.'

590 4088 645 4153 Sic
667 4089 788 4154 virtute
811 4089 930 4166 nitens,
954 4088 1044 4153 fandi
1067 4086 1226 4153 facundus
1250 4089 1283 4152 in
1307 4093 1387 4164 arte,
1472 4163 1474 4166 ¹

673 4191 729 4257 Sic
753 4214 904 4258 sermone
928 4199 1046 4279 potens
1069 4191 1198 4256 mistica
1220 4192 1314 4278 plura
1337 4191 1434 4255 canit.

591 4293 619 4358 O
643 4295 766 4360 utinam
790 4318 875 4361 nunc
897 4296 981 4361 forte
1004 4296 1090 4360 foret
1113 4315 1251 4360 censure
1273 4295 1404 4380 quietae

506 4418 532 4457 ιο
676 4399 789 4485 Legis,
812 4400 853 4464 ab
875 4406 1008 4466 aeterea
1031 4421 1125 4485 quam
1149 4398 1238 4464 dedit
1261 4419 1336 4464 arce
1360 4396 1452 4476 deus,

329 4573 397 4582 μμ...
407 4575 670 4584 .--—--.-—.—.-..-—-
937 4577 954 4583 —
1153 4573 1769 4582 -.—...-.———-..-—----—-—-...--—----

343 4689 380 4743 44
397 4694 528 4744 retinendo
540 4692 574 4743 H
660 4692 694 4746 45
711 4696 803 4747 Omnia
815 4696 848 4745 H
935 4692 970 4746 46
988 4696 1009 4745 ei
1028 4696 1098 4762 leges
1110 4695 1144 4744 H
1228 4691 1262 4745 47
1280 4695 1353 4762 pueri
1371 4695 1429 4746 fueo
1445 4695 1521 4745 datur
1539 4709 1613 4744 emno
1631 4692 1754 4759 caputH,
1771 4695 1873 4758 porci..

226 4779 303 4829 immo
327 4817 350 4829 ..
375 4780 426 4829 iem
443 4795 510 4830 corr.
530 4780 616 4846 Hiert,
635 4799 671 4831 aa
688 4782 754 4832 tauri
773 4819 796 4832 ..
815 4799 847 4832 en
866 4821 889 4832 ..
909 4782 1011 4847 ipsum?
1136 4777 1170 4830 52
1188 4780 1328 4846 exiguaH,
1350 4780 1468 4830 exanima
1484 4779 1585 4830 correai
1707 4777 1741 4830 53
1759 4786 1828 4832 tanto
1846 4779 1877 4829 H

223 4861 258 4914 54
291 4865 364 4915 numi
382 4863 415 4914 H
517 4882 577 4932 sepe
604 4873 700 4918 metum
727 4866 769 4928 H,
802 4884 839 4916 arr
874 4867 975 4918 solum?
1120 4863 1153 4916 57
1176 4882 1224 4916 nec
1251 4883 1349 4931 aequus
1367 4865 1401 4914 H
1538 4862 1573 4915 59
1597 4865 1676 4931 proba
1698 4866 1829 4916 recidaens
1846 4865 1880 4915 H

224 4947 259 5002 60
276 4951 341 5002 Cum
359 4951 444 5002 decuit
461 4952 572 5002 hominis
590 4951 627 5016 H,
644 4970 711 5003 corr.
733 4953 813 5004 Edere
923 4949 956 5003 61
976 4953 1075 5018 pepulit
1092 4968 1152 5002 cum
1164 4950 1198 5001 H
1296 4949 1330 5001 64
1347 4952 1448 5002 stenelus
1460 4951 1494 5000 H
1591 4948 1625 5001 66
1643 4952 1733 5016 Neque
1750 4951 1834 5001 uicem
1846 4949 1880 5000 H

223 5035 258 5088 68
275 5054 411 5103 nemquam
428 5039 640 5105 gratiusecceH
721 5037 755 5090 69
767 5039 929 5107 aegregieH
1013 5037 1046 5088 71
1058 5039 1107 5090 hoc
1119 5038 1212 5089 hocH
1301 5036 1446 5089 72NoxH
1510 5036 1637 5089 undueH
1702 5034 1879 5103 ·‘i4cogeH

224 5120 258 5174 75
275 5131 361 5175 noetro
373 5122 403 5173 H
516 5121 549 5174 79
567 5125 686 5176 Butinam
705 5142 775 5176 nnnc
787 5125 821 5174 H
931 5123 967 5175 80
984 5123 1110 5175 etereaH
1174 5131 1228 5175 orte
1241 5123 1275 5173 H

329 5295 354 5360 1)
375 5293 418 5362 Ofi
436 5309 523 5363 supra
546 5311 576 5363 p.
590 5295 642 5349 494
660 5309 685 5349 ι.
711 5296 753 5348 44.
828 5295 855 5362 2)
876 5295 918 5362 Os.
941 5309 1029 5363 supro
1046 5311 1073 5362 p.
1088 5293 1139 5346 516
1156 5309 1182 5347 o.
1205 5292 1426 5360 9161ncipitet
1448 5292 1519 5362 legis
1541 5309 1641 5347 nomen
1664 5291 1766 5347 habere
1792 5293 1875 5346 furor.

222 5395 251 5462 3)
271 5395 634 5460 communalem
653 5397 720 5450 rude
738 5396 822 5451 missa
839 5397 937 5451 solum.
1024 5396 1053 5463 4)
1074 5395 1117 5464 Cf.
1136 5394 1205 5448 Luc.
1223 5393 1319 5459 23,43.
1399 5394 1427 5462 5)
1448 5393 1490 5463 Os.
1501 5395 1570 5450 Luc.
1583 5395 1607 5464 6,
1619 5394 1713 5458 2129.
1783 5396 1810 5461 6)
1831 5394 1874 5463 Cf.

224 5498 443 5567 suprapfltiu.
455 5500 498 5564 48,
512 5517 543 5570 p.
552 5500 605 5553 494
622 5516 645 5552 u.
656 5500 698 5566 19,
714 5499 757 5564 20,
779 5499 908 5554 Caurino
918 5499 959 5554 ed.
970 5498 1100 5554 Sirmoad
1113 5501 1153 5561 II,
1164 5497 1222 5551 143.
1297 5497 1324 5565 ἵ)
1342 5499 1402 5550 Act.
1421 5497 1445 5566 9,
1463 5498 1488 5552 4.
1557 5499 1584 5564 8)
1602 5498 1682 5553 Rea.
1693 5497 1734 5561 12,
1753 5497 1785 5550 17
1803 5496 1874 5551 nulli

223 5601 328 5655 malum
353 5621 404 5672 pro
427 5604 501 5657 malo
530 5602 677 5657 reddentes
684 5624 691 5667 ;
718 5604 895 5673 providentes
923 5604 996 5660 bona
1023 5619 1080 5658 non
1108 5604 1220 5657 tantum
1246 5618 1338 5656 coram
1366 5602 1426 5666 deo,
1445 5602 1492 5656 sed
1520 5601 1604 5656 etiam
1627 5617 1719 5658 coram
1746 5600 1874 5656 omnibus

222 5705 388 5764 hominibus.
