4694 6428
1126 375 1277 430 secuml
1295 373 1471 429 canulas.

830 551 917 614 Dum
940 571 1041 628 mare,
1064 548 1142 612 dum
1164 549 1282 624 fontes,
1306 549 1475 633 proprium
1498 547 1574 611 dum
1598 547 1706 612 sidera
1728 567 1871 613 cursum

916 655 1073 740 Quaeque
1097 676 1192 718 suum
1216 659 1349 718 servant
1372 653 1434 717 sub
1457 653 1647 718 moderante
1671 653 1751 718 deo:

765 785 776 820 s
832 761 985 825 Carmina
1008 781 1066 823 eur
1087 765 1195 823 taccat
1218 757 1326 822 subito
1351 779 1411 821 sua
1434 757 1571 821 Flaccus
1594 757 1739 821 Homero
1752 758 1773 836 ¹,

913 864 1018 928 Filius
1040 871 1138 948 atque
1161 863 1258 949 patri,
1282 883 1340 926 eur
1362 867 1471 925 taccat
1494 860 1625 924 subito?

831 969 919 1042 Heu,
943 990 1002 1033 eur
1021 973 1112 1032 muta
1136 968 1235 1031 silent
1257 988 1314 1030 ora
1337 967 1402 1030 iam
1425 967 1516 1029 vocis
1540 987 1655 1051 egena,

916 1071 1093 1136 Mellifluos
1117 1069 1279 1155 quondam
1303 1091 1386 1154 quae
1410 1070 1561 1133 cecinere
1586 1075 1704 1133 sonos?

833 1175 902 1239 Nos
926 1174 1131 1240 venerandus
1154 1196 1246 1238 amor
1270 1175 1360 1261 pacis
1383 1195 1444 1260 per
1466 1173 1601 1238 foedera
1624 1173 1740 1250 iunxit,

920 1276 1026 1350 Quem
1048 1300 1114 1363 pax
1137 1285 1250 1342 nostra
1273 1277 1354 1341 deus
1377 1277 1535 1364 perficiat,
1559 1283 1703 1358 vegetet.

831 1383 990 1447 Pacificas
1013 1383 1095 1446 deus
1120 1382 1153 1445 in
1176 1401 1348 1445 numerum
1372 1381 1435 1444 sibi
1458 1379 1560 1466 prolis
1584 1378 1748 1465 adoptat²,

917 1485 1183 1570 Quisquis‘amat
1206 1505 1332 1569 pacem,
1356 1489 1406 1546 cst
1429 1483 1516 1546 filius
1537 1482 1608 1568 ipse
1632 1481 1696 1545 dei.

832 1588 963 1652 Rancor
985 1609 1114 1652 amoma
1137 1588 1202 1664 abi,
1226 1587 1344 1651 redeas
1368 1585 1544 1650 eoncordia
1566 1584 1682 1656 dulcis,

916 1691 981 1754 Hic
1005 1692 1137 1776 fugiens
1160 1698 1285 1777 percat,
1310 1691 1367 1754 illa
1390 1696 1507 1754 tenens
1530 1695 1671 1752 mancat.

833 1795 862 1860 Ο
885 1801 921 1859 tu
944 1793 1049 1858 dulcis
1072 1816 1172 1872 amor,
1197 1815 1261 1878 qua
1285 1803 1316 1858 te
1340 1815 1425 1858 nunc
1448 1800 1541 1879 parte
1566 1793 1754 1877 requiram?

917 1897 1003 1961 Num
1026 1903 1123 1962 natus
1146 1897 1297 1982 proprius
1320 1898 1424 1982 possit
1448 1896 1557 1960 odisse
1581 1900 1729 1980 patrem?

835 1999 902 2065 Sed
926 2001 1023 2064 eitius
1047 2000 1170 2080 redcat,
1194 2000 1304 2064 odium
1328 2001 1382 2084 qui
1406 2000 1531 2085 pellere
1555 1999 1669 2085 possit.

916 2102 1074 2188 Iungatur
1096 2104 1182 2188 patri
1205 2109 1300 2166 natus
1325 2110 1358 2166 et
1381 2103 1453 2187 ipse
1474 2123 1544 2165 suo.

833 2207 985 2272 Carmina
1006 2214 1083 2272 tunc
1106 2207 1229 2292 poterit
1252 2207 1317 2269 iam
1340 2205 1448 2270 dulcia
1473 2205 1612 2268 Flaccus
1636 2203 1782 2268 Homero

921 2310 1071 2395 Pangcrc
1094 2310 1255 2385 versifica
1279 2310 1335 2394 qui
1357 2308 1454 2372 modo
1478 2329 1583 2394 pauca
1605 2309 1702 2372 canit.

836 2412 986 2478 Christus
1009 2415 1050 2478 ab
1074 2415 1141 2478 alto
1165 2413 1246 2478 deus
1269 2420 1417 2477 nostrum
1442 2413 1619 2497 coniungat
1642 2431 1804 2474 amorem:

917 2517 979 2594 Tu,
1002 2523 1092 2596 natc,
1116 2518 1239 2588 valcas,
1266 2516 1371 2580 dulcis
1395 2516 1541 2580 Homere
1564 2537 1667 2579 meus.

839 3029 932 3105 Quae
955 3037 988 3094 te
1011 3030 1129 3093 dextra
1151 3029 1233 3092 mihi
1254 3030 1377 3115 rapuit,
1409 3029 1563 3108 luscinia,
1594 3028 1731 3108 ruscia³‚

923 3133 986 3196 Illa
1007 3154 1100 3196 meac
1123 3133 1230 3197 fuerat
1253 3133 1364 3196 invida
1388 3133 1545 3198 laetitiae.

840 3235 892 3300 Tu
914 3257 988 3300 mea
1011 3235 1190 3300 dulcisonis
1214 3237 1359 3322 implesti
1381 3241 1515 3322 pectora
1537 3237 1649 3312 musis,

922 3339 1034 3424 Atque
1058 3340 1200 3402 animum
1224 3346 1386 3404 moestum
1410 3341 1553 3404 carmine
1576 3339 1743 3404 mellifluo.

749 3498 754 3504 .
841 3441 1050 3528 Quapropter
1072 3443 1204 3506 veniant
1226 3443 1395 3507 rolucmm
1419 3444 1515 3508 simul
1537 3442 1681 3528 undiquc
1705 3447 1833 3520 coetus,

868 3589 872 3596 -
924 3545 1077 3610 Carmine
1101 3553 1133 3609 te
1157 3567 1284 3610 meeum
1308 3548 1465 3633 plangere
1488 3547 1610 3614 Pierio.

841 3647 960 3734 Spreta
984 3650 1093 3712 colore
1117 3655 1227 3713 tamen
1250 3650 1361 3713 fueras
1383 3672 1449 3713 non
1473 3657 1585 3736 spreta
1607 3648 1762 3726 canende,

922 3750 1006 3814 Lata
1029 3749 1089 3814 sub
1112 3757 1252 3834 angusto
1276 3758 1407 3835 gutture
1431 3774 1495 3816 vox
1519 3755 1637 3833 sonuit,

841 3853 947 3918 Dulce
971 3854 1075 3918 melos
1100 3853 1223 3917 iterans
1247 3855 1337 3926 vario
1360 3855 1582 3920 modulamine
1606 3855 1732 3926 Musae,

930 3957 1041 4041 Atque
1066 3963 1248 4020 creatorem
1273 3979 1402 4044 semper
1425 3959 1459 4023 in
1483 3981 1537 4024 ore
1562 3981 1694 4024 canens.

839 4060 998 4124 Noctibus
1022 4060 1055 4123 in
1077 4059 1180 4123 furvis
1204 4082 1365 4144 nusquam
1388 4063 1530 4127 cessavit
1552 4063 1592 4126 ab
1616 4064 1688 4126 odis

923 4162 1000 4226 Vox
1022 4162 1209 4226 veneranda
1233 4165 1351 4244 sacris,
1382 4186 1400 4228 o
1425 4164 1524 4229 decus
1548 4173 1645 4251 atque
1668 4165 1776 4230 decor.

841 4264 928 4340 Quid
950 4267 1082 4340 mirum,
1108 4266 1294 4345 cherubim,
1319 4268 1484 4353 seraphim
1507 4269 1534 4332 si
1557 4290 1639 4333 voce
1660 4275 1830 4333 tonantem

923 4370 1088 4456 Perpetua
1110 4370 1255 4450 laudent,
1279 4370 1355 4434 dum
1378 4378 1435 4435 tua
1458 4373 1504 4436 sic
1527 4373 1653 4458 potuit?

843 4474 940 4538 Felix
963 4495 981 4538 o
1004 4474 1158 4554 nimium,
1182 4474 1348 4538 dominum
1370 4481 1532 4560 nocteque
1556 4475 1674 4561 dieque

927 4576 991 4650 Qui
1014 4577 1122 4641 studio
1146 4578 1204 4640 tali
1228 4599 1357 4663 semper
1380 4579 1413 4641 in
1437 4599 1493 4642 ore
1517 4579 1613 4642 canit.

840 4681 915 4745 Non
938 4681 1030 4745 cibus
1055 4688 1151 4765 atque
1175 4688 1272 4768 potus
1295 4682 1402 4746 fuerat
1424 4683 1485 4746 tibi
1507 4681 1634 4746 dulcior
1657 4681 1739 4760 odis,

923 4785 1072 4849 Alterius
1095 4786 1265 4849 volucrum
1289 4806 1350 4848 nco
1375 4786 1496 4849 sociale
1520 4785 1640 4869 iugum.

843 4887 917 4952 Hoc
939 4895 1058 4952 natura
1080 4887 1181 4968 dedit,
1204 4895 1341 4952 naturae
1365 4896 1399 4953 ct
1422 4887 1571 4952 eonditor
1593 4890 1709 4968 almus,

757 5013 782 5051 eo
929 4988 1034 5064 Quem
1057 4998 1093 5054 tu
1116 4991 1259 5055 laudasti
1281 4992 1417 5056 vocibus
1440 4991 1596 5056 assiduis:

582 5151 612 5156 —.
769 5149 1361 5157 ———...-...—...--.-...——-,—.—-.—-
1593 5147 1808 5155 -—-—-.-—-—-
1823 5148 1939 5158 —-..-
1954 5156 2004 5162 „-

579 5249 612 5301 16
629 5253 695 5302 Cum
713 5251 781 5311 Boc,
798 5253 867 5303 Num
884 5251 964 5302 Frob.
1067 5249 1102 5301 20
1119 5259 1194 5302 canet
1206 5251 1265 5301 aar.

544 5333 625 5402 [LXI]
661 5337 739 5387 edidit
754 5339 777 5399 Q
784 5356 812 5404 p.
826 5335 890 5387 1721
903 5355 929 5387 rr.
941 5339 1043 5402 CXCII,
1063 5337 1174 5387 codicem
1193 5337 1324 5386 Ruti-ibon.
1337 5339 1441 5387 corrodit
1453 5337 1482 5387 F
1480 5339 1597 5388 rubenius
1605 5356 1634 5403 p.
1647 5335 1699 5386 (320
1768 5334 1822 5386 lte
1835 5337 1998 5396 detraxeris
2012 5348 2134 5400 luscinia
2151 5350 2173 5411 Q

477 5418 494 5469 8
512 5429 612 5487 pectore
630 5422 719 5483 ron
844 5421 878 5474 13
895 5424 987 5485 sinat)
1126 5420 1158 5472 l‘l
1176 5430 1253 5488 potus
1271 5440 1375 5474 somnus
1391 5424 1413 5485 Q
1551 5422 1584 5473 19
1602 5424 1676 5474 almis
1691 5423 1713 5484 Q

580 5571 605 5638 1)
624 5573 791 5640 Anerlberto.
862 5575 890 5642 2)
909 5574 1010 5628 Mottlr.
1029 5575 1080 5636 5,ss
1098 5573 1179 5627 Batti
1197 5573 1315 5643 pacifici,
1334 5575 1468 5644 quoniam
1486 5574 1537 5630 filii
1555 5574 1599 5630 dci
1619 5573 1800 5630 vocabuntur.
1874 5575 1907 5644 3)
1925 5581 1976 5648 Cf.
1991 5601 2115 5648 carmen
2134 5589 2173 5648 ad

476 5670 643 5728 Eboracene.
659 5675 769 5743 fratrea
787 5693 815 5748 p.
832 5677 883 5732 273
901 5695 924 5732 v.
943 5679 960 5733 5
977 5677 1070 5736 rutilis
1088 5675 1207 5732 luscinia
1224 5677 1318 5736 ruscia.
