4612 6414
924 407 1112 463 SMARAGDI
1130 409 1339 476 (annosum)
1357 411 1533 466 CARMINA.

777 581 841 645 Hic
865 580 1123 668 patriarcharum
1146 589 1241 668 gesta
1264 583 1447 648 clarissima
1469 593 1589 660 narrat,

697 707 722 742 ro
864 685 974 770 Atque
998 684 1231 771 prophetarum
1256 685 1394 772 mystica
1416 686 1519 751 verba
1541 693 1641 766 tonat,

776 787 885 852 Noxia
906 809 947 854 ne
970 795 1118 853 nostrum
1141 795 1275 854 teneant
1297 787 1430 853 fastidia
1452 796 1579 874 pactus,

863 890 1007 977 Carpere
1031 912 1104 956 cum
1126 891 1253 977 typicos
1277 891 1425 977 coeperit
1448 913 1505 958 ore
1529 892 1632 957 cibos.

778 995 843 1060 Hic
864 996 984 1060 retinet
1006 995 1091 1080 legis
1116 994 1206 1080 Syna
1228 994 1269 1060 dc
1293 1003 1404 1061 monte
1427 997 1572 1061 tonantis

861 1098 974 1164 Verba
995 1098 1124 1176 decem·
1144 1099 1282 1163 nimium
1305 1101 1444 1185 mystica
1466 1100 1567 1165 verba
1588 1100 1654 1180 dei,

697 1224 721 1262 rs
779 1203 871 1278 Quae
894 1211 1023 1268 nosmet
1045 1203 1140 1268 nobis
1164 1224 1319 1288 germano
1342 1202 1475 1269 iocdcrc
1498 1203 1646 1288 iungunt,

862 1305 906 1371 Et
928 1305 1058 1372 domino
1081 1314 1151 1371 toto
1176 1313 1323 1372 sternere
1348 1306 1445 1372 corde
1469 1313 1600 1372 canunt.

780 1411 845 1476 Hic
867 1417 1001 1477 resonat
1023 1410 1128 1475 dulcis
1151 1411 1276 1498 plectro
1299 1411 1439 1476 feriente
1463 1409 1617 1488 Camena,

862 1514 1068 1578 Psalmorum
1090 1521 1124 1578 et
1146 1514 1249 1599 lyrico
1273 1513 1416 1578 carmine
1440 1519 1570 1599 compta
1592 1520 1692 1591 tonat,

780 1618 901 1684 Elcvct
921 1624 958 1682 ut
981 1639 1109 1682 sursum
1132 1639 1323 1703 magnorum
1347 1616 1446 1682 corda
1467 1619 1620 1699 virorum,

699 1743 725 1782 nr
868 1721 933 1795 Qui
957 1721 1091 1808 cupiunt
1114 1720 1245 1786 domino
1267 1720 1350 1786 haec
1373 1720 1560 1786 meditando
1582 1721 1656 1787 frui.

781 1825 933 1890 Carmine
957 1825 1111 1890 Citherco
1133 1825 1309 1911 discriptos
1332 1845 1471 1911 namque
1494 1825 1625 1890 libellos

864 1929 946 1994 Tres
971 1929 1156 1993 Salomonis
1179 1928 1289 2009 habet,
1313 1928 1368 2014 qui
1391 1928 1477 1994 benc
1501 1927 1600 1994 corda
1622 1927 1751 1993 docent.

782 2032 901 2097 Ethica
923 2054 996 2096 cum
1021 2032 1148 2120 phisico
1172 2039 1360 2118 conponunt
1383 2029 1535 2116 dogmate
1557 2037 1712 2111 mentem,

864 2138 991 2203 Rursus
1013 2145 1050 2201 ut
1072 2136 1113 2202 ad
1136 2137 1256 2202 loicum
1278 2134 1472 2221 quandoque
1495 2135 1609 2201 tendat
1631 2158 1724 2224 opus.

701 2263 726 2301 ss
785 2241 850 2307 Hic
874 2242 1067 2327 euangelica
1089 2241 1210 2328 promit
1233 2239 1392 2326 quadriga
1414 2237 1550 2304 rotando

866 2345 1030 2432 Quicquid
1052 2348 1086 2410 in
1109 2347 1243 2411 excelso
1266 2345 1376 2432 possis
1399 2343 1520 2410 habere
1544 2345 1670 2409 throno.

785 2448 896 2515 Aurea
918 2471 1020 2535 regna
1043 2449 1146 2532 dabit,
1169 2450 1198 2514 si
1220 2449 1374 2535 plumbea
1395 2447 1542 2534 pondera
1563 2470 1676 2534 ponas,

867 2553 973 2620 Nemo
995 2555 1105 2640 gravis
1127 2554 1249 2640 poterit
1271 2574 1374 2638 regna
1397 2550 1506 2617 subire
1527 2553 1605 2638 poli.

784 2655 849 2721 Hic
874 2664 908 2722 et
930 2657 1130 2745 apostolicus
1153 2655 1265 2721 mundi
1287 2678 1347 2744 per
1369 2656 1513 2742 compita
1534 2661 1647 2720 tensus

703 2783 729 2820 sc
874 2760 989 2826 Sermo
1012 2767 1129 2826 tonans
1152 2761 1288 2825 nimium
1311 2759 1417 2846 mugit
1439 2780 1549 2825 amore
1571 2760 1637 2845 pic.

784 2866 830 2931 Ut
852 2871 964 2931 teneat
986 2865 1111 2950 gremio
1134 2871 1228 2928 natos
1251 2862 1419 2928 desiderat
1441 2885 1564 2943 omnes,

868 2967 961 3033 More
984 2969 1086 3054 patris
1109 2967 1222 3048 nutrit,
1246 2967 1359 3032 matris
1381 2988 1493 3032 amore
1514 2967 1616 3032 fovet.

785 3074 905 3139 Dulcia
926 3071 1098 3157 depromit,
1121 3071 1281 3159 promittit
1304 3077 1337 3136 et
1359 3092 1459 3136 aurea
1480 3093 1593 3156 regna,

868 3176 992 3240 Lactea
1014 3196 1089 3239 cunr
1113 3173 1217 3238 solido
1241 3175 1359 3260 pocula
1381 3195 1465 3261 pane
1489 3174 1606 3239 dabitl.

704 3301 729 3340 rs
754 3327 756 3332 ,
786 3278 976 3344 Muneribus
1000 3278 1102 3342 sacris
1125 3279 1241 3365 plenus
1265 3285 1317 3342 est
1338 3278 1400 3342 iste
1423 3277 1566 3357 libellus,

872 3381 1073 3468 Scripturam
1096 3382 1226 3462 retinet,
1250 3382 1464 3466 grammatica
1487 3381 1623 3447 redolet.

785 3486 880 3550 Nunc
903 3485 1063 3572 scriptura
1085 3483 1182 3550 docet
1204 3484 1328 3576 domini
1350 3484 1540 3570 perquirere
1564 3507 1713 3570 regnum,

867 3588 1032 3674 Linquere
1055 3594 1196 3668 terrena,
1221 3586 1378 3652 scandere
1402 3609 1504 3672 regna
1527 3588 1604 3674 poli.

786 3692 953 3756 Promittit
976 3691 1101 3757 cunctis
1124 3691 1283 3756 caelestia
1304 3690 1390 3755 dona
1411 3689 1532 3770 beatis,

703 3816 729 3855 ro
873 3795 996 3860 Vivere
1020 3816 1093 3859 cum
1117 3793 1249 3858 domino
1273 3813 1404 3880 semper
1426 3799 1458 3858 et
1482 3815 1556 3858 csse
1580 3815 1648 3857 suo.

786 3897 931 3962 Grandia
953 3897 1105 3962 retribuit
1128 3918 1202 3961 caro
1227 3896 1408 3981 seduloque
1431 3896 1555 3981 legenti

868 4001 1022 4066 Praemia
1045 4001 1258 4086 grammatica
1280 4021 1333 4064 ars
1358 4001 1535 4065 miserante
1559 3999 1632 4064 dcc.

788 4102 978 4170 Sordidulas
1001 4104 1095 4188 nigro
1119 4104 1218 4189 tergit
1241 4103 1281 4169 de
1305 4103 1403 4194 corde
1427 4104 1593 4182 tenebras,

869 4206 919 4272 Nc
943 4213 1074 4272 maneat
1096 4213 1210 4271 nostra
1233 4227 1333 4271 caeca
1356 4205 1482 4293 pupilla
1504 4205 1571 4269 diu.

705 4331 729 4369 rs
787 4308 854 4374 Sed
875 4308 986 4373 videat
1009 4331 1136 4389 sensus,
1160 4309 1244 4394 legis
1267 4307 1433 4374 discernat
1457 4316 1490 4374 ct
1512 4315 1614 4386 actus,

869 4411 914 4476 Et
936 4417 1047 4477 teneat
1070 4420 1176 4477 rectas
1200 4433 1332 4498 semper
1353 4411 1474 4497 ubique
1498 4410 1578 4475 vias.

786 4515 875 4601 Ergo
898 4515 987 4580 celer
1009 4516 1101 4580 ocius
1126 4535 1268 4601 campos,
1291 4522 1328 4578 tu
1351 4515 1487 4580 candide
1510 4514 1646 4596 lcctor²,

870 4617 960 4691 Quos
984 4623 1085 4700 terret,
1108 4619 1292 4704 ingredere,
1316 4618 1472 4683 candidus
1495 4619 1559 4683 iste
1582 4619 1676 4698 liber,

787 4721 901 4786 Possis
923 4727 959 4784 ut
981 4722 1111 4805 ignotos
1135 4722 1236 4786 calles
1260 4719 1431 4786 dinoscere
1455 4743 1631 4806 gramme,

706 4848 731 4884 sc
872 4822 963 4896 Quos
985 4824 1071 4888 benc
1094 4824 1265 4909 praeteriti
1288 4825 1352 4888 iam
1375 4824 1524 4890 cecinere
1549 4825 1619 4888 viri.

528 5085 544 5137 9
562 5085 738 5139 clarissimat'
846 5082 879 5134 10
896 5085 994 5134 mistica
1010 5084 1067 5135 ΟΡ
1173 5084 1204 5136 11
1224 5094 1310 5138 taceat
1323 5087 1345 5136 t*
1448 5083 1482 5135 12
1499 5085 1589 5151 tipicos
1603 5083 1657 5134 ΟΡ
1723 5085 1839 5150 cybosO
1940 5081 1972 5133 13
1989 5081 2080 5133 sinat]

423 5169 454 5222 19
472 5174 593 5224 LauatG
694 5168 730 5222 20
745 5171 882 5223 meditante
896 5171 919 5221 Ο
954 5179 958 5186 '
1020 5168 1052 5220 21
1072 5173 1178 5237 sydereo
1192 5173 1215 5223 0
1315 5169 1350 5223 23
1368 5172 1475 5224 Aethion
1489 5171 1516 5234 O,
1538 5171 1647 5236 litthyoa
1660 5170 1684 5219 P
1750 5170 1856 5236 physico
1869 5169 1894 5218 P
1995 5165 2030 5219 24
2047 5175 2077 5218 ut

420 5277 468 5309 om.
487 5257 513 5307 P
621 5255 655 5308 25
673 5256 875 5323 acuangolicat'
992 5253 1027 5305 26
1050 5258 1137 5307 exclso
1155 5258 1178 5308 0
1291 5257 1325 5309 ⁶27
1346 5259 1458 5324 deponas
1475 5257 1500 5307 P
1611 5255 1647 5307 30
1664 5257 1742 5307 nimio
1761 5257 1782 5306 t'
1893 5253 1928 5306 32
1949 5270 2034 5305 amara
2053 5252 2077 5304 θ

420 5341 454 5395 34
481 5346 573 5410 pocula
599 5343 642 5395 nel
664 5343 757 5410 poculo
772 5341 829 5393 (ΞΡ
944 5339 979 5391 36
1000 5343 1233 5408 grammaticam&
1342 5341 1377 5394 42
1399 5344 1515 5394 Prcamia
1530 5345 1552 5393 t'
1660 5339 1695 5393 43
1719 5341 1866 5392 Sordidulos
1880 5340 1908 5404 0,
1933 5341 1976 5392 ual
1993 5339 2031 5390 lrs
2045 5339 2077 5400 G,

420 5429 565 5480 Sordidolas
578 5428 604 5478 P
705 5425 740 5479 44
758 5429 793 5478 Ut
810 5435 911 5478 mancat
925 5427 948 5478 0
1047 5425 1082 5477 45
1099 5435 1169 5479 actos
1181 5428 1208 5478 P
1306 5427 1341 5481 47
1359 5417 1427 5494 calor
1444 5429 1545 5480 ouuso

524 5595 550 5660 1)
570 5594 656 5649 Hebr.
674 5597 699 5663 5,
719 5597 751 5649 12
768 5596 836 5650 facti
856 5595 935 5662 estis,
954 5594 1056 5662 quibus
1074 5595 1147 5649 lacte
1166 5611 1235 5665 opus
1254 5597 1298 5661 sit,
1317 5615 1373 5651 non
1392 5596 1480 5652 solido
1493 5596 1563 5652 cibo.
1633 5595 1661 5666 ⁶2)
1681 5597 1728 5652 Ov.
1752 5597 1835 5652 urica
1857 5597 1884 5663 1,
1903 5598 1943 5663 11,
1959 5596 1994 5651 35
2011 5613 2076 5650 can·

420 5696 486 5750 dide
503 5697 597 5754 lector.
