4628 6428
548 388 824 444 INSCRIPTIONES
845 390 882 444 IN
902 390 1137 446 MONASTERIO
1157 391 1183 446 S.
1203 392 1494 448 SALISBURGENSI.

777 585 808 628 rx
842 563 889 627 IN
913 562 1006 627 ARA
1030 562 1267 627 STEPHANI.

559 667 631 731 Hac
657 665 843 752 Stephanus
868 667 985 731 colitur
1007 688 1144 751 magnus
1168 668 1375 753 protomartir
1398 668 1431 730 in
1455 688 1520 746 ara,

644 769 811 834 Grandine
835 771 890 855 qui
913 769 1057 855 lapidum
1081 792 1184 854 regna
1206 770 1304 834 beata
1325 770 1416 850 vidit,

559 873 603 937 Et
624 874 777 960 precibus
802 874 904 946 cuius,
928 874 1063 937 nimium
1087 874 1237 939 mirabile
1260 873 1360 954 dictu,

643 977 762 1042 Saulus
786 984 857 1041 erat
880 977 989 1041 subito
1012 977 1135 1040 Paulus
1158 977 1192 1041 in
1215 978 1293 1043 orbe
1316 979 1400 1064 pius,

492 1102 504 1137 s
561 1079 675 1144 Bestia
698 1101 792 1144 mane
817 1101 930 1166 rapax,
955 1080 1061 1165 spolia
1084 1101 1167 1163 quae
1190 1101 1329 1166 vespere
1353 1087 1487 1144 tractat:

600 1199 605 1208 ·
629 1183 697 1247 Iste
720 1204 837 1270 preces
860 1190 990 1246 nostras
1013 1182 1147 1246 adiuvet
1170 1204 1248 1248 ccoe
1273 1184 1350 1247 suis.

735 1419 756 1462 x
792 1397 854 1461 AD
879 1396 1091 1461 SANCTAII
1116 1395 1311 1461 CRUOEM.

560 1500 705 1586 Quisque
730 1501 859 1565 domum
882 1508 1026 1565 nostram
1050 1501 1187 1565 veniens
1210 1501 1348 1565 intrabis
1371 1502 1505 1582 amicus,

643 1605 730 1669 Ante
754 1611 828 1668 tuos
854 1605 965 1668 oculos
989 1603 1100 1689 aspice
1125 1603 1357 1687 sigmensis,

560 1709 653 1783 Quae
676 1716 790 1773 contra
811 1708 947 1771 insidias
970 1713 1111 1794 possunt
1134 1713 1166 1771 tc
1190 1729 1316 1772 armare
1340 1709 1473 1788 inimici,

645 1811 681 1876 si
705 1812 793 1897 geris
818 1812 875 1875 illo
897 1811 957 1874 tibi
980 1819 1123 1896 pectore,
1148 1811 1265 1890 fronte,
1289 1811 1364 1877 lide.

493 1938 504 1973 s
561 1915 650 1979 Mors
674 1916 759 1978 mala
781 1936 841 2000 per
864 1914 1029 1978 hominem
1052 1913 1196 1999 paradisi
1219 1935 1261 1978 ex
1285 1914 1401 1978 arbore
1426 1915 1529 1978 fluxit.

561 2018 625 2081 Per
648 2025 770 2082 tactum
793 2018 874 2102 ligni
897 2016 1084 2102 paradisum
1108 2017 1270 2081 clauserat
1293 2016 1410 2092 Adam,

559 2120 687 2204 Perque
711 2120 817 2184 erucis
840 2120 965 2204 lignum
990 2118 1140 2184 Christus
1163 2121 1323 2183 reseravit
1346 2119 1522 2204 Olimpum.

928 2357 959 2400 xr
994 2335 1115 2400 ITEM.

561 2438 706 2524 Adspice
730 2445 776 2520 tu,
799 2440 913 2520 lector,
935 2446 1067 2504 nostrae
1091 2439 1146 2524 pia
1169 2440 1263 2523 signa
1286 2439 1410 2521 salutis,

561 2541 731 2607 Ecclesiae
755 2542 788 2606 in
810 2543 918 2606 medio
942 2542 1064 2606 Christi
1088 2542 1236 2606 mirabile
1259 2541 1394 2606 donum:

559 2647 624 2711 Pro
647 2646 758 2711 mundi
781 2648 850 2711 vita
872 2646 984 2711 mundi
1007 2647 1072 2710 iam
1095 2646 1351 2732 vitapependit,

560 2751 624 2815 Pro
648 2752 752 2816 servis
777 2752 914 2814 moritur
936 2751 1102 2815 dominus:
1126 2771 1223 2836 quam
1247 2757 1361 2815 sancta
1384 2752 1549 2815 voluntas!

491 2878 502 2914 a
559 2854 697 2918 Viveret
719 2860 756 2917 ut
779 2875 903 2935 servus,
928 2854 1047 2940 empsit
1071 2874 1145 2917 cum
1169 2855 1327 2938 sanguine
1352 2875 1492 2919 servum.

558 2957 632 3021 Hoc
649 2965 872 3036 memoresto,
897 2977 1026 3021 erucem
1043 2956 1220 3041 videasque
1244 2958 1277 3020 in
1301 2957 1422 3021 lumine
1440 2941 1590 3038 stantem,

559 3060 603 3124 Et
625 3081 702 3124 mox
724 3067 800 3124 ante
824 3060 877 3124 dei
900 3061 1018 3125 facicm
1041 3060 1183 3125 feliciter
1206 3082 1272 3125 ora.

560 3163 704 3249 Corpore
729 3171 837 3228 sterne
861 3165 977 3244 solum,
1002 3164 1122 3228 scande
1147 3164 1205 3228 scd
1228 3171 1364 3250 pectore
1388 3164 1525 3242 caelum,
1617 3165 1618 3168 ’

559 3265 688 3350 Proque
711 3267 776 3331 tuis
800 3267 904 3352 culpis
928 3267 1078 3330 lacrimas
1102 3267 1232 3330 effunde
1256 3268 1414 3331 calentes.

481 3390 504 3427 ro
562 3368 612 3432 Sit
634 3369 694 3432 tibi
718 3375 806 3432 certa
830 3370 944 3432 salutis
968 3391 1044 3454 spes
1068 3370 1191 3454 pietate
1214 3371 1362 3455 perenni,

562 3471 626 3545 Qui
649 3470 779 3535 redimit
801 3472 955 3535 mundum
977 3473 1172 3536 inmaeulato
1197 3474 1354 3557 sanguine
1378 3478 1492 3550 totum,

562 3574 690 3660 Quique
714 3574 782 3638 suis
804 3574 934 3638 famulis
958 3575 1103 3639 clemens
1125 3582 1262 3661 peecata
1284 3575 1437 3639 remittit:

561 3678 627 3742 Hic
650 3699 777 3763 quoque
802 3679 845 3741 sit
867 3678 962 3741 nobis
986 3699 1098 3742 sacrae
1123 3700 1199 3763 spes
1224 3699 1342 3762 magna
1365 3678 1489 3754 salutis,

563 3782 705 3868 Agmine
729 3782 911 3867 apostolico
934 3783 1087 3867 quoniam
1109 3782 1192 3847 haec
1216 3803 1273 3846 ara
1293 3782 1446 3867 refulget,

483 3909 506 3944 a
563 3885 607 3950 Et
629 3887 724 3950 simul
746 3885 896 3949 Helenae
919 3886 1044 3950 meritis
1067 3886 1235 3950 vivacibus
1257 3886 1372 3964 almae,

564 3988 657 4062 Quae
679 3989 844 4053 invenisse
869 3990 976 4052 erucis
999 3989 1102 4053 fertur
1123 3989 1310 4053 venerabile
1332 3989 1468 4073 lignum,

563 4090 602 4154 In
626 4112 688 4176 quo
714 4090 863 4155 Christus
886 4091 991 4156 honor
1012 4092 1134 4173 mundi,
1157 4093 1239 4172 laus,
1262 4091 1329 4155 vita
1351 4089 1518 4177 pependit.

562 4194 650 4258 Dum
674 4195 736 4259 luit
757 4195 953 4259 altithronus
975 4217 1034 4282 pro
1056 4197 1152 4260 nobis
1176 4197 1254 4260 talia
1276 4216 1404 4282 passus,

564 4297 650 4371 Quid
672 4320 732 4362 nos
756 4320 841 4362 nunc
865 4300 977 4363 famuli
1000 4298 1157 4365 debemus
1180 4299 1221 4364 ob
1246 4300 1316 4364 eius
1339 4319 1483 4362 amorem

482 4424 507 4460 20
562 4399 632 4464 Iam
654 4401 719 4465 nisi
740 4423 825 4467 nunc
850 4402 897 4465 illi
921 4409 1048 4467 nosmet
1071 4423 1199 4488 quoque
1222 4402 1351 4467 tradere
1375 4406 1482 4466 totos?

565 4505 615 4568 Sit
637 4503 787 4569 dominus
810 4505 905 4571 nobis
928 4507 1047 4570 caritas
1070 4514 1104 4570 et
1126 4513 1195 4571 tota
1216 4507 1377 4586 voluntas,

566 4607 665 4689 Laus,
689 4609 793 4673 honor
815 4615 849 4673 et
871 4610 984 4690 virtus,
1007 4617 1114 4695 potus,
1138 4611 1240 4692 cibus,
1265 4610 1373 4674 omnia
1396 4607 1557 4674 Christus.

332 4843 374 4887 xu
407 4822 456 4886 IN
478 4821 700 4887 ECCLESIA
724 4769 889 4888 SANCTI
912 4825 1161 4891 MICHAELIS
1185 4823 1440 4897 SANCTIQUE
1463 4821 1722 4887 BENEDIOTI.

565 4943 705 5010 Michael
729 4944 895 5009 aetherius
918 4946 1072 5031 princeps
1096 4947 1285 5034 primusque
1308 4945 1459 5010 minister

647 5048 785 5112 Aeterni
808 5047 895 5132 regis
919 5069 1063 5112 summus
1086 5051 1120 5112 iu
1142 5070 1216 5113 arce
1240 5048 1317 5134 poll,

315 5340 325 5404 ΙΙ
346 5340 393 5409 [tx]
412 5344 441 5392 In
452 5370 485 5379 -
494 5343 616 5410 Stephani
628 5341 659 5408 P,
681 5341 703 5405 Q
709 5361 737 5408 p.
750 5340 816 5392 1696
829 5361 853 5394 rr.
867 5344 924 5394 CIV
1010 5343 1027 5394 4
1040 5345 1087 5411 piis
1102 5345 1124 5406 Q
1213 5343 1224 5407 ΙΙ
1246 5341 1280 5409 [x]
1299 5344 1339 5393 Ad
1351 5359 1496 5393 -crucem
1508 5341 1535 5392 P
1618 5339 1634 5392 6
1651 5343 1714 5394 Post
1725 5348 1821 5393 tactum
1832 5340 1857 5390 P

198 5425 208 5490 Η
226 5425 271 5492 [xtl
293 5429 356 5479 Item
373 5428 403 5494 P,
424 5429 447 5491 Q
462 5447 491 5494 p.
508 5426 574 5478 1736
598 5447 624 5479 a.
643 5430 794 5480 CCXLVIII
815 5427 828 5478 l
849 5429 941 5495 Aspice
954 5428 980 5478 Ρ
1085 5427 1317 5491 acutissimo
1419 5426 1437 5479 4
1454 5429 1568 5494 quch
1671 5427 1688 5480 5
1705 5445 1805 5494 sempor
1822 5428 1855 5478 sit

199 5514 296 5575 cqu
408 5513 424 5565 9
442 5515 601 5577 kalendasQ
715 5515 747 5567 10
765 5516 834 5567 salus
852 5517 905 5582 spei
923 5516 945 5578 Q
1064 5515 1095 5568 ll
1115 5517 1220 5568 redemit
1232 5515 1258 5566 P
1374 5513 1408 5566 14
1425 5515 1526 5566 refulsit
1545 5515 1567 5576 Q
1680 5513 1713 5566 15
1731 5516 1818 5566 elenae
1831 5513 1857 5564 P

202 5599 234 5650 16
252 5601 400 5661 mirabileQ
487 5599 519 5652 19
537 5602 611 5664 Quod
629 5602 702 5652 nobis
718 5601 739 5662 Q
831 5599 865 5653 21
884 5605 922 5654 Sit
939 5603 1003 5654 deus
1021 5603 1064 5653 illc
1081 5603 1104 5664 Q
1155 5603 1273 5669 voluptas
1292 5619 1359 5652 corr.
1379 5600 1457 5651 Froc.
1476 5617 1502 5665 p.
1520 5596 1572 5651 219
1669 5599 1681 5665 ΙΙ
1702 5597 1761 5667 [xu]
1780 5602 1853 5652 In-

199 5685 330 5736 Benodicti
343 5685 373 5746 P,
386 5685 407 5746 Q
419 5703 447 5750 p.
468 5681 536 5736 1690
552 5705 578 5736 a.
597 5688 669 5736 LXII
704 5688 737 5752 cs.
756 5703 837 5752 supra
849 5706 878 5753 p.
897 5685 991 5740 3071,
1010 5689 1060 5738 XII

270 5781 373 5828 Porrus
386 5791 469 5828 mmm
480 5793 539 5830 arvr
551 5781 676 5830 Canosuu
689 5781 708 5830 1.
1616 5777 1652 5832 43
