4988 6434
1244 405 1431 460 BONll'A'l'll
1451 405 1626 460 CARMINA.

969 564 1232 666 Almisonaeque
1259 602 1375 666 preces
1404 581 1500 644 claris
1524 601 1596 644 cum
1627 578 1777 644 laudibus
1806 601 1871 643 una

877 697 916 734 ³⁴⁵
969 683 1064 748 Clam
1097 691 1250 770 pereunt,
1284 683 1387 748 factor
1418 685 1444 746 si
1473 705 1538 746 non
1567 691 1619 747 est
1647 689 1760 746 cautus
1789 683 1820 746 in
1848 691 1934 746 actu.

967 786 1068 851 Talia
1096 795 1279 873 patrantem
1310 788 1454 851 vocitant
1480 808 1532 850 me
1562 787 1664 870 ‘virgo
1696 786 1860 870 maligna'.

966 890 1086 955 Aurea
1113 898 1270 955 venturae
1299 891 1354 976 qui
1383 899 1543 975 quaerunt
1570 911 1706 954 munera
1736 891 1837 960 vitam

965 993 1048 1058 Non
1078 1017 1172 1059 cesso
1200 995 1344 1079 spolians
1372 995 1482 1079 plures
1510 992 1662 1058 mercede
1686 993 1806 1057 lutura.

965 1097 1164 1183 Terrigenas
1198 1097 1320 1160 Christi
1347 1103 1539 1183 pervertens
1572 1097 1682 1160 omnia
1709 1102 1844 1181 tempto,

875 1213 905 1249 ³³¹
966 1200 1175 1265 Intemcrata
1205 1200 1288 1264 fides
1316 1221 1474 1284 nusquam
1502 1206 1538 1263 ut
1560 1199 1709 1264 videatur
1735 1199 1768 1262 iu
1785 1185 1892 1272 orbe,

966 1302 1117 1368 Aeterna
1145 1304 1261 1369 infelix
1289 1303 1405 1390 perdet
1432 1303 1620 1367 habitacula
1648 1303 1753 1378 miles,

965 1405 1009 1469 Et
1037 1428 1168 1491 gemma
1197 1415 1230 1472 et
1258 1429 1372 1472 aurum
1402 1414 1435 1470 ct
1462 1407 1581 1483 vestis,
1619 1407 1774 1491 lanugine
1799 1413 1915 1470 texunt

966 1509 1071 1583 Quam
1106 1511 1205 1575 Seres
1233 1503 1378 1590 vermes,
1413 1511 1544 1596 propria
1573 1510 1615 1573 ad
1643 1531 1716 1574 mea
1744 1510 1816 1574 iura
1844 1517 2025 1574 recurrunt.

966 1611 1084 1677 Omnia
1111 1614 1263 1678 humanis
1291 1636 1356 1678 non
1385 1614 1572 1678 necessaria
1600 1613 1710 1694 rebus,

878 1729 914 1766 '5⁵
968 1716 1060 1789 Quae
1089 1717 1237 1783 homines
1267 1720 1364 1803 longe
1392 1701 1524 1802 lateque
1554 1717 1676 1782 habere
1704 1715 1866 1792 videntur,

967 1818 1090 1885 Usibus
1119 1843 1197 1886 ecce
1229 1822 1311 1886 meis
1341 1822 1488 1885 serviunt
1516 1817 1575 1884 sub
1604 1827 1713 1885 mente
1744 1820 1895 1906 superba.

965 1924 1094 1989 Falsior
1122 1926 1207 1990 inter
1233 1946 1293 1989 nos
1323 1925 1480 2011 probatur
1508 1923 1599 1988 nulla
1623 1945 1780 1989 sororum.

1186 2139 1528 2228 [neocaesaria
1555 2137 1652 2226 Am]

964 2279 995 2343 N
1003 2302 1045 2345 on
1074 2288 1125 2347 est
1153 2284 1186 2348 in
1217 2285 1313 2348 terris
1342 2305 1394 2349 me
1425 2283 1517 2369 virgo
1546 2282 1676 2347 stultior
1703 2283 1780 2358 ulla,

964 2383 1129 2451 Existens
1161 2389 1286 2452 cunctis
1317 2389 1472 2472 neglectu
1499 2385 1653 2450 audacior
1682 2407 1756 2449 una.

965 2486 1089 2554 Grates
1118 2489 1277 2576 dedignor
1304 2490 1435 2555 domino
1467 2490 1656 2576 persolvere
1683 2488 1810 2573 dignas,

963 2592 1122 2679 Limpida
1149 2615 1279 2680 quoque
1306 2594 1402 2659 modo
1431 2594 1632 2681 perlustrent
1661 2595 1786 2658 lumina
1817 2601 1932 2674 terras,

965 2695 1016 2761 Et
1046 2697 1128 2762 caeli
1158 2699 1302 2783 speciem
1332 2697 1512 2783 depingant
1543 2695 1652 2761 sidera
1681 2696 1861 2782 pulchram,

967 2800 1092 2865 Gentis
1122 2801 1283 2866 humanae
1314 2809 1369 2865 aut
1399 2800 1550 2865 dominus
1583 2800 1655 2884 quis
1685 2798 1834 2864 conditor
1862 2807 1962 2872 esset,

967 2902 1025 2967 Ex
1055 2926 1118 2989 qua
1146 2927 1180 2970 re
1209 2905 1316 2969 varias
1343 2905 1502 2968 voluisset
1533 2904 1658 2988 fingere
1688 2903 1818 2967 formas.

874 3037 877 3046 ¹
964 3006 1044 3072 Non
1077 3009 1192 3092 ignara
1219 3009 1297 3073 mali
1309 3009 1331 3087 ¹,
1360 3009 1441 3072 recti
1472 3029 1543 3071 sum
1573 3009 1686 3071 nescia
1714 3008 1838 3071 virens.

965 3110 1036 3175 Tot
1064 3111 1232 3176 hominum
1261 3112 1354 3196 leges
1387 3117 1421 3173 ct
1451 3110 1542 3173 iussa
1570 3111 1730 3174 altissima
1760 3109 1882 3174 Christi

964 3214 1156 3300 Infringens
1188 3237 1317 3300 semper
1346 3212 1530 3301 epemendo
1563 3234 1701 3298 querere
1730 3214 1816 3294 nolo,

964 3317 1038 3381 Aut
1066 3317 1144 3402 quid
1173 3319 1379 3404 praeciperet
1409 3318 1604 3382 mortalibus
1635 3317 1759 3382 arbiter
1790 3316 1889 3394 orbis,

964 3420 1083 3486 Ardua
1111 3443 1177 3487 uon
1205 3423 1316 3507 cupio,
1350 3443 1469 3486 vereor
1497 3443 1563 3486 non
1592 3422 1657 3484 ima
1684 3420 1845 3506 profundi.

875 3551 903 3580 ίι
965 3525 1009 3590 In
1040 3534 1127 3592 terra
1155 3532 1293 3590 mortem
1322 3525 1440 3602 timeo,
1474 3547 1538 3590 non
1570 3527 1679 3589 vivere
1708 3547 1797 3606 euro,

965 3628 1109 3693 Talibus
1140 3630 1325 3695 exuberans
1354 3629 1445 3694 dicor
1472 3630 1678 3694 ‘stultissima
1712 3629 1826 3713 virgo'.

1155 3844 1429 3934 [rancorem
1455 3841 1705 3930 noemma]

962 3983 1071 4068 Ignea
1099 4003 1170 4047 sum
1197 3983 1364 4063 servens²‚
1393 3981 1488 4046 turbo
1517 3979 1687 4067 precordia
1714 3980 1821 4058 bellis,

965 4085 1132 4149 Rixarum
1161 4086 1286 4149 iactans
1316 4086 1437 4170 iugiter
1467 4106 1526 4171 per
1553 4083 1652 4148 corde
1680 4105 1854 4162 venenum,

964 4189 1134 4274 Antiquos
1164 4211 1261 4253 sceve
1290 4187 1465 4252 lacerando
1495 4186 1618 4272 dissipo
1650 4187 1783 4253 amicos.

875 4316 912 4352 *a
965 4293 1089 4358 Caram
1118 4293 1338 4376 iustitiamque
1361 4291 1416 4356 dei
1443 4311 1520 4356 mox
1547 4291 1676 4356 disseco
1705 4289 1851 4356 demens.

964 4397 1233 4482 Uiribusatque
1261 4396 1344 4461 meis
1374 4397 1468 4460 valeo
1500 4395 1667 4482 depellere
1700 4416 1826 4476 sensus,

705 4691 757 4744 345
775 4696 796 4744 si
815 4711 865 4744 nou
883 4711 910 4744 es
928 4690 1016 4757 factor]
1036 4692 1089 4742 scil.
1109 4709 1124 4740 0
1139 4691 1161 4740 ζ’
1174 4697 1230 4740 acto
1248 4708 1314 4740 corr.
1333 4709 1350 4742 u
1364 4691 1391 4740 Ε
1475 4689 1525 4743 346
1544 4691 1711 4758 purrautcurE
1778 4690 1901 4756 uocitant]
1920 4693 1973 4742 scil.
1987 4694 2091 4758 persenti
2109 4694 2223 4744 hominos
2237 4695 2260 4743 (¹

601 4777 652 4830 348
670 4781 757 4846 spoliis
776 4780 803 4830 Ε
905 4777 955 4829 349
975 4795 1107 4846 pererrans
1125 4777 1152 4826 E
1267 4775 1316 4827 351
1336 4787 1361 4828 et
1384 4779 1444 4828 felix
1469 4778 1495 4827 Ε
1607 4775 1658 4826 3ῦῖ
1676 4781 1758 4841 Quem
1781 4794 1896 4843 geumraa
1920 4797 2064 4846 aurumque
2086 4789 2111 4830 et
2135 4781 2213 4829 vestio
2238 4781 2260 4829 t'

600 4863 700 4930 texunt]
720 4868 830 4918 induunt
851 4867 873 4916 Ε
979 4863 1031 4915 333
1049 4866 1119 4927 Quas
1138 4880 1177 4913 res
1196 4865 1245 4913 iani
1263 4864 1329 4914 facio
1347 4873 1376 4914 ut
1393 4865 1508 4930 propriae
1527 4864 1561 4929 {id
1580 4873 1619 4913 cst
1636 4865 1688 4913 acsi
1707 4873 1792 4914 esseut
1809 4861 1889 4927 mesre]
1908 4864 1939 4913 ad
1963 4882 2017 4915 mou
2040 4883 2099 4916 rura
2122 4867 2218 4916 recurri
2238 4869 2260 4915 t'

602 4949 654 5002 3524
672 4950 823 5018 Onruiaque]
846 4953 899 5002 scil.
925 4953 981 5002 dieo
1002 4953 1023 5001 (J'
1090 4947 1239 5014 necessaria]
1262 4951 1315 5000 scil.
1335 4968 1390 5001 esse
1411 4951 1433 5000 U
1538 4948 1589 5001 355
1611 4951 1660 5000 Sed
1683 4968 1732 5016 que
1753 4953 1775 5000 (l
1880 4947 1932 4999 356
1955 4953 2112 5003 lirnnrluutur
2134 4961 2218 5003 nreutc
2238 4954 2260 5002 (¹

600 5033 654 5089 &37
673 5056 719 5088 uos
737 5047 807 5088 extat
824 5056 864 5090 me
879 5038 901 5088 0
1000 5039 1011 5103 ΙΙ
1030 5039 1070 5088 lle
1086 5037 1289 5103 neglegentiae,
1307 5038 1475 5103 Neglcgentia
1493 5037 1520 5087 Ε
1609 5032 1661 5086 358
1679 5037 1753 5101 uirgo
1771 5052 1811 5086 me
1825 5037 1847 5085 (l
1895 5035 2038 5088 stulciorI'
2120 5035 2172 5087 359
2185 5039 2258 5088 Exsi-

601 5131 671 5174 stcua
691 5127 713 5174 (ι’
778 5125 893 5176 audicior
910 5124 936 5174 P
1036 5122 1086 5174 361
1106 5142 1208 5190 (quoque
1226 5122 1309 5188 ruodo]
1328 5125 1354 5174 id
1372 5133 1410 5175 est
1428 5125 1496 5190 quali
1515 5139 1594 5174 cursu
1615 5123 1636 5171 (Ι
1704 5123 1858 5188 perlustrant
1872 5123 1898 5184 Ε,
1916 5123 2093 5188 perlustrctE
2160 5125 2257 5176 luminu

600 5208 689 5274 ternis]
707 5211 733 5261 id
751 5219 790 5262 est
808 5212 944 5262 luminaria
962 5209 999 5261 sol
1018 5219 1043 5260 et
1060 5211 1123 5261 luua
1137 5211 1159 5260 0
1242 5207 1294 5260 362
1311 5210 1489 5277 depinguntC
1538 5208 1674 5276 pulchrum
1687 5207 1714 5256 Ε
1802 5205 1854 5258 365
1872 5209 1934 5258 recti
1952 5210 1996 5258 sed
2012 5208 2036 5256 P
2119 5207 2170 5260 367
2189 5229 2256 5277 spcr·

600 5297 683 5360 gendo
704 5295 727 5344 1³
830 5295 882 5347 368
899 5300 969 5348 Aaut
987 5295 1012 5345 P
1078 5296 1188 5362 quodC'
1294 5294 1345 5346 369
1363 5298 1487 5362 concupio
1506 5296 1533 5344 Ε
1600 5294 1702 5343 uomina
1724 5293 1748 5341 Ε
1848 5290 1900 5343 370
1919 5297 2046 5345 Internum
2067 5295 2097 5360 P,
2121 5298 2220 5348 Interea
2238 5299 2260 5346 ί*

601 5381 662 5430 baut
686 5382 761 5431 timeo
787 5383 809 5432 t*
923 5382 972 5435 371
998 5400 1142 5450 exuperans
1168 5384 1190 5432 U
1319 5383 1330 5446 ll
1351 5384 1390 5433 De
1413 5384 1451 5433 ira
1470 5383 1502 5444 (¹,
1523 5401 1571 5430 orn.
1586 5379 1623 5440 ‚E
1738 5378 1790 5430 372
1814 5381 1883 5446 lguis
1907 5381 1926 5430 (J
2043 5379 2095 5432 373
2112 5399 2210 5433 uexaus
2230 5385 2256 5446 (Ρ,

601 5467 725 5517 iniectans
744 5467 770 5516 Ε
837 5471 967 5535 preconiis
985 5471 1014 5532 Ε,
1033 5471 1154 5536 precorda
1173 5468 1203 5532 P,
1228 5470 1269 5535 pia
1287 5470 1363 5518 corda
1381 5487 1480 5520 ueneno
1499 5469 1521 5517 (ζ’
1630 5463 1681 5516 374
1699 5483 1760 5518 seue
1780 5468 1802 5516 Ε
1911 5465 1963 5518 3Ῑῖ)
1983 5470 2111 5520 Perfectus
2134 5486 2257 5534 uirosque

600 5553 642 5602 diu
656 5554 677 5600 (ζ’
743 5555 842 5605 Claram
862 5555 887 5604 P
954 5558 1045 5607 dissice
1065 5556 1094 5620 P,
1113 5553 1220 5618 russeo]
1239 5555 1371 5624 dissiungo
1392 5557 1414 5602 (¹
1497 5554 1549 5605 37⁴3
1568 5551 1667 5616 sensus]
1688 5555 1728 5603 uel
1747 5563 1845 5606 urentes
1859 5555 1881 5606 (ζ’

706 5725 730 5788 l)
755 5724 830 5792 Vero.
850 5728 916 5778 Aen.
937 5726 961 5793 Ι,
981 5727 1039 5778 630.
1110 5726 1138 5793 2)
1157 5725 1308 5779 Prudentii
1326 5723 1470 5792 Psychen.
1492 5726 1537 5777 161
1558 5722 1730 5792 moriturque
1749 5725 1805 5778 suis
1824 5726 1867 5778 Iro.
1886 5727 1970 5794 ignea
1988 5726 2061 5780 telis.
