4936 6406
1016 398 1243 457 raoouumn.
1897 409 1959 472 395

303 575 524 660 lnoqdunensis
546 594 640 654 opera
662 573 710 655 (p.
735 572 816 656 406)
845 578 999 654 receptum
1026 578 1085 650 est,
1114 573 1168 638 scd
1196 594 1386 654 quamquam
1408 573 1588 655 Stephanus
1609 575 1770 641 Balneius
1795 579 1831 640 in
1857 578 1961 643 altera

303 679 466 762 Aqobardi
497 677 630 742 editione
661 677 708 761 (p.
736 679 796 766 120
803 697 815 754 ;
847 675 936 742 Bibl.
952 679 1038 756 patr.
1060 675 1206 757 Lioqdun.
1229 674 1326 755 XIV,
1356 677 1433 758 328)
1463 677 1637 756 exemplum
1662 678 1730 742 eius
1756 683 1878 744 secutus
1907 685 1960 759 est,

303 780 506 863 Apobardnm
528 784 686 845 auctorem
703 778 806 864 fuisse
828 780 897 842 sine
918 779 996 843 tultis
1017 780 1211 862 arqnmentis
1232 780 1288 842 via
1309 779 1458 843 coniicere
1485 779 1596 845 licebit.
1640 779 1808 846 Nonnulla
1834 804 1873 848 ee
1897 785 1961 864 epi·

302 884 532 967 qrammatibns
547 885 583 947 in
592 884 700 964 priori
714 883 827 947 codicis
840 883 942 946 nostri
950 886 1045 962 parte
1060 881 1264 946 existentibus
1278 880 1451 945 traduntur
1465 882 1559 946 ctiam
1572 882 1671 948 codice
1681 883 1961 968 Bruxellensiffl)

305 989 475 1052 8860-67
493 1006 571 1051 socc.
588 983 671 1065 Χῖ).
688 986 738 1062 34,
760 984 875 1066 splloqe
897 984 959 1047 illo
980 983 1167 1068 hymnorum
1188 985 1319 1065 copioso,
1342 1005 1435 1066 quam
1458 984 1523 1048 iam
1544 1004 1643 1066 supra
1658 987 1670 1069 (
1671 1007 1707 1067 p.
1727 990 1801 1072 125)
1818 988 1962 1053 medovi-

305 1109 382 1168 mus,
405 1089 499 1154 atde
521 1093 645 1154 anctore
667 1108 772 1151 corum
794 1087 877 1150 nibil
899 1086 972 1150 inde
994 1087 1102 1152 elicere
1117 1105 1287 1167 possumus
1309 1087 1360 1168 (cf.
1382 1086 1487 1151 Neues
1508 1088 1605 1155 Arcto.
1628 1089 1690 1168 IV,
1717 1092 1801 1176 156).
1951 1165 1956 1176 ,

412 1194 456 1258 ln
477 1195 580 1257 altera
608 1192 720 1257 codicis
743 1196 839 1271 parte
867 1191 994 1270 saepius
1023 1211 1134 1254 nomen
1160 1189 1349 1254 Bernoroini
1373 1191 1508 1272 episcopi
1534 1194 1681 1270 occurrit,
1711 1193 1749 1257 de
1776 1194 1865 1259 cuius
1892 1194 1962 1258 sule

304 1297 388 1361 nibil
409 1297 574 1360 memoriae
595 1294 743 1361 traditur.
789 1293 828 1360 Si
849 1295 932 1358 enim
954 1293 1115 1358 Mobillon
1145 1294 1246 1375 (Ann.
1270 1292 1320 1368 II,
1345 1296 1436 1374 399),
1466 1315 1557 1376 quem
1583 1298 1768 1362 recentiores
1797 1297 1962 1377 scriptores

306 1419 409 1464 mnam
431 1399 527 1463 secuti
549 1402 631 1476 sunt,
658 1398 742 1462 bunc
763 1397 832 1461 idco
852 1386 1084 1461 Arvermensem
1105 1397 1279 1476 episcopum
1300 1395 1401 1476 fnisse
1422 1398 1626 1477 existimarit,
1652 1400 1729 1481 quia
1750 1400 1897 1480 templum
1925 1401 1962 1464 in

307 1503 451 1567 bonorem
471 1503 575 1567 sancti
597 1501 706 1566 lllidii
731 1499 926 1565 Clarmnonti
947 1500 987 1564 ab
1009 1520 1042 1564 eo
1064 1500 1220 1565 conditum
1242 1502 1284 1564 sit
1301 1499 1350 1582 (S.
1366 1500 1472 1564 Allire
1492 1501 1531 1568 dc
1553 1500 1733 1581 Olermont),
1755 1502 1837 1568 banc
1858 1507 1962 1567 tamen

309 1606 373 1668 oiri
394 1605 509 1687 eqreqii
531 1605 738 1668 coniecturam
754 1604 838 1667 enini
849 1602 1056 1683 fundamento
1071 1623 1176 1667 carere
1190 1602 1413 1666 concedendum
1426 1604 1494 1667 erit.
1539 1603 1674 1686 Siqnum
1695 1605 1766 1669 ‘ille’
1788 1606 1825 1668 in
1838 1605 1962 1670 Borma

306 1708 385 1772 mini
420 1706 613 1772 mrmimibus
647 1706 812 1788 aliquoties
846 1708 1005 1784 iterotm,
1044 1705 1126 1787 qnod
1156 1725 1267 1770 nomen
1300 1705 1510 1787 quodcumque
1541 1707 1687 1771 omissum
1717 1710 1827 1772 notare
1850 1711 1962 1788 potest,

307 1811 454 1876 illidium
476 1810 562 1875 baud
583 1815 661 1874 recte
682 1811 906 1890 interpretatus
927 1815 980 1874 cst.
1031 1809 1118 1876 Unde
1145 1809 1230 1873 nibil
1251 1809 1344 1873 aliud
1363 1830 1403 1873 erc
1420 1814 1597 1889 poematum
1625 1810 1752 1875 illorum
1781 1811 1963 1892 ombapibns

306 1935 413 1979 eruere
435 1915 514 1992 licet,
534 1914 600 1977 nisi
621 1913 704 1994 quod
723 1912 938 1977 Bernowinus
963 1911 1078 1998 Coreto
1098 1912 1273 1991 imperante
1293 1911 1436 1976 ccclesiae
1458 1912 1633 1977 condendae
1662 1933 1787 1994 operam
1815 1913 1901 1978 dedit
1924 1933 1963 1979 ac

301 2019 438 2100 posteris
460 2016 600 2080 cersidros
622 2017 689 2080 suis
710 2015 805 2079 buius
826 2015 873 2078 rei
893 2014 1074 2078 numeriam
1095 2013 1232 2094 reliquit.

418 2119 480 2201 Qui
501 2138 570 2184 cum
591 2117 833 2183 acrosticbcrum
854 2117 1093 2182 amantissimus
1117 2115 1217 2197 suerit
1243 2116 1279 2179 in
1300 2117 1409 2181 multis
1434 2137 1540 2182 eorum
1560 2118 1780 2202 Anqilbertum
1807 2118 1963 2200 quendam

307 2229 343 2291 ut
362 2223 519 2305 fautorem
540 2242 578 2287 ac
594 2227 768 2302 patronum
790 2222 931 2286 celebrat.
975 2219 1073 2284 Hunc
1101 2239 1173 2283 vcro
1199 2239 1268 2283 cum
1298 2218 1408 2284 abbate
1433 2219 1617 2286 Oentrdcnse
1643 2223 1804 2286 notissimo
1832 2222 1963 2304 confun-

307 2328 442 2393 dendum
465 2345 537 2403 esse,
560 2325 633 2389 inde
655 2325 874 2390 concludamus
896 2327 1020 2404 oportet,
1043 2322 1125 2404 quod
1140 2360 1179 2369 —
1195 2327 1345 2404 utsupra
1361 2322 1410 2408 (p.
1425 2326 1502 2408 357)
1525 2325 1589 2389 iam
1604 2325 1846 2390 demonstratum
1861 2330 1907 2391 est
1921 2363 1962 2374 —-

307 2432 369 2495 dno
390 2451 428 2494 ee
451 2429 653 2506 carminibus,
678 2428 866 2493 Bernoroini
888 2429 1014 2491 nominc
1035 2431 1158 2490 tantum
1179 2430 1306 2505 inuncto,
1334 2428 1375 2492 ab
1396 2429 1552 2511 Hariulfo
1573 2430 1759 2512 Anqilberto
1779 2435 1886 2495 nostro
1906 2429 1963 2495 ad·

296 2532 497 2600 scribuntur.
531 2531 744 2596 Bcrnoninns
758 2532 857 2614 iqitur
870 2531 992 2595 sacmclo
1006 2549 1088 2593 nono
1104 2530 1230 2594 ineunte
1245 2551 1313 2594 cum
1328 2531 1513 2614 Anqilbcrto
1527 2533 1695 2598 literarum
1709 2553 1770 2598 usu
1781 2535 1963 2600 coniunctus

307 2641 344 2702 iu
364 2637 483 2702 ricinia
509 2635 644 2717 fortasse
668 2636 852 2698 monasterii
880 2634 970 2698 illius
999 2633 1191 2697 domicilium
1216 2633 1333 2698 babuit.
1377 2635 1557 2716 Epitaphia
1585 2637 1693 2702 vitiose
1720 2638 1852 2718 scripto,
1883 2657 1963 2719 quoe

307 2761 418 2825 aqmen
440 2739 613 2803 carminum
637 2738 749 2802 codicis
770 2740 872 2803 nostri
893 2739 1060 2817 claudunt,
1090 2741 1198 2801 utrum
1224 2738 1264 2803 ab
1286 2759 1320 2804 eo
1340 2759 1385 2803 on
1407 2741 1447 2805 nb
1468 2741 1534 2806 alio
1555 2742 1680 2806 condita
1701 2743 1781 2821 sint,
1811 2744 1848 2806 in
1870 2743 1963 2807 dubio

306 2845 524 2925 relinquamus
544 2859 663 2906 necesse
684 2829 760 2908 est,

765 3015 783 3052 Ι

1118 3083 1145 3148 Ι.

674 3185 703 3251 Ο
726 3186 807 3250 deus
831 3187 1049 3274 omnipotens,
1073 3208 1241 3254 convexae
1265 3189 1415 3254 conditor
1437 3190 1532 3271 areis,

674 3288 849 3354 Terrarum
872 3298 906 3355 et
928 3292 1026 3354 maris
1051 3297 1190 3376 atquae
1213 3297 1325 3356 tantus
1348 3295 1494 3358 continet
1517 3295 1617 3376 orbis,

676 3392 814 3479 Suscipe
839 3401 916 3459 vota
939 3401 1015 3459 tuae
1038 3395 1146 3481 plebis
1157 3396 1178 3476 ¹,
1202 3394 1338 3480 dignare
1362 3404 1497 3482 rogatus

675 3496 827 3561 Caesaris
851 3498 964 3562 eximii
986 3497 1102 3563 Karoli
1123 3499 1253 3564 firmare
1277 3500 1434 3575 salutem;

675 3600 877 3686 Multiplices
900 3601 1001 3665 vitam
1023 3601 1233 3688 protendens,
1256 3608 1375 3684 rector,
1398 3603 1432 3667 iu
1454 3622 1569 3685 annos,

675 3701 819 3788 Imperio
845 3724 1003 3768 oceanum
1027 3705 1223 3789 consignans
1246 3703 1360 3768 ordine
1383 3711 1514 3786 metam,

675 3803 838 3870 Hostibus
863 3807 1032 3893 oppressis
1054 3807 1182 3871 firmata
1203 3828 1284 3893 pace
1308 3808 1456 3893 pereuni,

677 3909 810 3996 Optime
833 3910 920 3996 quod
942 3911 1096 3998 princeps
1120 3910 1270 3975 sedatum
1293 3912 1354 3976 rite
1378 3910 1551 3996 gubernet,

676 4015 906 4081 Permuleente
930 4037 990 4080 sua
1012 4015 1122 4080 divino
1146 4036 1280 4080 munere
1304 4014 1430 4080 dextre.

677 4119 771 4184 Unus
795 4120 830 4184 in
853 4119 1010 4186 aetherea
1032 4121 1209 4185 altitonans
1234 4119 1290 4204 qui
1312 4117 1480 4204 praesidet
1502 4118 1592 4192 aula;

678 4224 838 4290 Convenit
861 4231 894 4290 et
918 4226 1024 4290 solum
1046 4225 1144 4290 terris
1167 4245 1306 4310 regnare
1331 4223 1391 4288 sub
1415 4225 1482 4306 illo,

679 4327 742 4401 Qui
764 4330 882 4394 merito
906 4330 1033 4395 eunctis
1055 4335 1227 4416 praestans
1250 4328 1444 4393 mortalibus
1468 4335 1568 4394 esset.

679 4432 860 4498 Discedant
882 4435 992 4500 variae
1017 4441 1139 4517 sectae,
1162 4433 1311 4498 discedat
1333 4439 1367 4498 et
1390 4453 1481 4499 error

678 4537 855 4624 Antiquus,
879 4538 1042 4623 quondam
1064 4539 1150 4604 male
1174 4559 1291 4602 suasus
1314 4536 1355 4601 ab
1379 4557 1435 4601 ore
1458 4535 1604 4621 maligni.

601 4661 624 4698 u
683 4639 804 4705 Sancta
826 4641 908 4706 fidas
930 4643 1034 4707 niteat
1057 4642 1251 4706 comitanter
1274 4640 1443 4725 gressibus
1465 4639 1552 4719 altis,

682 4743 764 4808 Cum
786 4743 902 4808 Karoli
923 4746 1034 4831 magni
1056 4751 1093 4809 ut
1115 4751 1244 4809 vastum
1266 4743 1446 4829 perlustret
1468 4747 1502 4808 et
1524 4743 1648 4822 orbem,

680 4847 823 4934 Imperio
847 4848 999 4933 dictoque
1022 4849 1118 4913 simul
1141 4847 1272 4913 domitis
1294 4847 1415 4911 virtute
1439 4845 1600 4932 superbis.

383 5075 418 5145 [1]
439 5079 510 5141 Quae
527 5079 556 5128 in
568 5075 594 5126 P
609 5075 760 5127 antecedunt
778 5077 808 5125 In
826 5075 929 5125 nemine
947 5074 1026 5139 patris
1044 5080 1069 5124 et
1086 5073 1134 5124 filii
1151 5083 1176 5124 at
1195 5075 1299 5140 spiritns
1317 5074 1399 5125 munti
1417 5073 1453 5123 ad
1463 5073 1510 5124 boe
1522 5089 1626 5123 carmen
1637 5089 1691 5123 mon
1697 5071 1828 5140 pertinere
1840 5069 1965 5120 videtum.

312 5163 330 5216 4
347 5166 425 5216 caroli
443 5164 469 5214 P
570 5161 587 5215 5
604 5163 739 5230 protendas
752 5159 782 5226 P,
800 5161 937 5228 protendas
954 5160 1082 5226 Murteae,
1100 5162 1253 5228 protendens
1268 5160 1328 5211 Mai
1395 5177 1463 5211 anno
1476 5159 1502 5209 P
1603 5156 1618 5209 'l
1637 5159 1737 5208 firmato
1749 5156 1780 5220 P,
1797 5157 1897 5207 firmata
1908 5154 1967 5205 Mai

312 5249 471 5318 Bgubernes
485 5251 516 5314 P,
528 5251 655 5318 gubernet
666 5248 737 5299 Mar.
828 5245 861 5297 10
873 5245 1032 5314 pressidetP
1116 5245 1147 5298 ll
1162 5247 1233 5299 solus
1245 5247 1276 5314 P,
1289 5247 1372 5299 solum
1384 5246 1456 5297 Mar.
1544 5242 1578 5296 13
1590 5241 1782 5296 DiscendantP
1867 5239 1900 5293 14
1913 5259 1967 5292 ma·

312 5339 431 5389 hsuasus
443 5337 470 5387 P
572 5333 605 5386 16
623 5335 701 5386 enred
720 5333 745 5383 P

419 5506 445 5572 1)
465 5505 510 5574 Cf.
530 5503 656 5574 Dunqnli
673 5503 780 5574 epistol.
798 5503 882 5570 (Ioffi
900 5503 976 5558 Mon.
996 5505 1087 5559 (torol.
1104 5503 1180 5570 400):
1199 5519 1250 5557 nos
1262 5519 1356 5556 omnes
1370 5542 1376 5555 .
1388 5543 1410 5555 ..
1424 5501 1574 5555 clamemus
1586 5499 1622 5553 ad
1634 5499 1776 5554 dominum
1789 5502 1818 5552 et
1830 5513 1967 5568 rogemus,

314 5611 347 5663 ut
374 5610 461 5663 nostri
484 5609 586 5680 optimi
608 5607 714 5662 domini
737 5607 851 5677 augusti
875 5607 971 5662 Karoli
999 5609 1155 5679 triumphos
1178 5606 1362 5677 multiplicet,
1391 5605 1540 5676 imparium
1564 5605 1676 5668 dilatet,
1697 5620 1803 5658 sacram
1825 5604 1969 5660 conservet

314 5713 490 5785 progeniem,
513 5711 664 5768 sanitatem
688 5712 844 5776 confirmet,
867 5711 956 5766 vitam
979 5712 1009 5767 in
1032 5713 1136 5768 multos
1154 5712 1289 5767 extendat
1306 5727 1441 5768 annornm
1460 5709 1618 5766 eurnculm.

1708 5803 1761 5857 w*
