4612 6414
354 1419 974 1580 urrunnun
1036 1421 1206 1581 An
1261 1421 1789 1676 PAULUM.

345 1821 512 1918 Editorcs
534 1852 618 1931 libri,
640 1853 691 1918 eni
713 1852 898 1918 inscribitur
920 1852 1085 1917 ‘Nouoeon
1107 1854 1204 1919 troiti
1223 1853 1260 1917 de
1282 1852 1516 1935 diplomatiquc'
1549 1852 1593 1939 (Ι,
1617 1854 1704 1940 293),
1734 1854 1770 1918 in
1796 1853 1895 1917 codiee

242 1956 437 2022 bibliothecae
459 1956 654 2022 Purisiensis
674 1976 803 2022 numero
826 1959 909 2020 7530
934 1955 1290 2041 (Tetteriono-Rcmensi
1315 1957 1389 2042 170)
1412 1958 1543 2038 siponto,
1566 1958 1622 2038 qui
1649 1956 1756 2024 Caroli
1777 1955 1895 2038 Mopni

242 2063 373 2140 tempore
395 2060 510 2125 litteris
531 2059 780 2142 Lonpobordicis
800 2060 936 2140 scriptus
957 2063 1009 2137 est,
1031 2060 1115 2123 inter
1142 2060 1290 2140 musculo
1306 2061 1513 2144 prommotioo
1532 2059 1710 2145 rhythmum
1730 2080 1769 2126 en
1790 2080 1895 2124 eorum

241 2162 387 2242 opinione
413 2185 435 2227 u
464 2163 566 2226 Paulo
592 2162 736 2227 Dincono
765 2162 923 2228 eonditum
949 2163 1149 2240 inuenerunt,
1176 2161 1370 2242 eiusdemque
1398 2161 1551 2242 specimen
1584 2162 1745 2226 dederunt.
1798 2164 1895 2244 Quom

241 2286 432 2347 quemquam
454 2266 612 2331 Henricns
634 2267 710 2331 Keil
732 2287 801 2330 eum
828 2265 865 2330 de
887 2265 1000 2330 codicis
1025 2268 1208 2348 orpnmento
1236 2266 1388 2346 copiosius
1415 2264 1564 2331 disseruit
1591 2265 1818 2354 (Grammatiei
1838 2268 1894 2333 lot.

242 2367 267 2432 l
272 2367 303 2446 V,
325 2367 428 2453 XLI)
452 2369 577 2434 silentio
591 2369 768 2450 proeteriit,
791 2369 835 2435 H.
859 2367 992 2434 Suebicr
1013 2369 1128 2450 eollepo
1149 2367 1250 2432 donem
1272 2371 1427 2448 repertum
1455 2388 1494 2432 cn
1519 2373 1611 2449 purte
1631 2369 1806 2452 descripsit,
1823 2373 1896 2452 post

243 2489 333 2551 quem
353 2493 375 2535 o
399 2473 531 2555 Georpio
551 2473 656 2539 Wuite
677 2477 770 2554 otqm
791 2494 813 2536 o
834 2492 881 2536 me
902 2491 1005 2552 nuper
1026 2472 1107 2535 tiber
1127 2474 1315 2536 retractatus
1336 2475 1391 2536 est.

350 2575 395 2639 In
416 2575 523 2654 codiee,
546 2575 583 2640 de
597 2595 657 2657 qno
672 2577 803 2658 opimius,
824 2575 936 2656 incipit
956 2573 1033 2656 folio
1048 2577 1078 2638 5‘
1101 2575 1315 2640 commentatio
1331 2574 1472 2656 pedestri
1492 2593 1631 2641 sermone
1653 2577 1695 2642 de
1719 2572 1894 2664 speciebus

243 2678 392 2762 preteriti
418 2678 557 2764 perlecti
579 2678 754 2758 conscripto
776 2679 826 2742 bis
847 2677 964 2743 uerbis:
998 2677 1117 2742 Omnia
1138 2678 1241 2742 verba
1262 2677 1362 2742 trium
1385 2679 1651 2764 coniugationum
1675 2701 1735 2745 seu
1757 2699 1893 2766 praece·

242 2779 342 2845 dente
364 2781 430 2844 alia
452 2782 598 2866 qualibet
619 2783 729 2846 littera
750 2782 855 2847 vocali
878 2782 1002 2868 primae
1024 2801 1185 2869 personae
1210 2781 1356 2846 olittera
1371 2781 1440 2847 siue
1458 2788 1658 2847 consonante
1675 2781 1894 2847 antecedente

242 2883 275 2947 in
298 2885 455 2970 preterito
478 2891 625 2972 tempore
647 2886 795 2974 perfeeto
818 2885 936 2950 XXXI
959 2885 1105 2950 efficiunt
1127 2884 1248 2949 formas
1265 2885 1415 2972 exceptis
1432 2884 1603 2950 defectivis
1627 2891 1660 2950 et
1676 2882 1894 2973 inpersonali-

242 2985 304 3050 bus
328 2993 361 3051 et
384 2987 593 3053 inchoativis:
617 2990 722 3074 prima
744 2988 930 3073 coniugatio
953 2988 1074 3053 formes
1096 2987 1198 3053 habet
1214 2994 1376 3072 quattuor,
1394 2987 1539 3053 secunda
1552 2987 1631 3070 VII,
1645 2989 1745 3054 tertia
1759 2988 1825 3053 XX
1841 3039 1849 3055 .
1864 3036 1894 3053 ..

244 3091 347 3171 Quom
369 3090 656 3177 disputationemf.
681 3097 710 3156 7⁴
739 3094 789 3158 bis
810 3092 933 3158 uocibus
952 3092 1136 3174 linientem¹
1163 3098 1200 3156 ut
1221 3091 1320 3157 induo
1345 3092 1438 3157 inrue
1461 3091 1560 3157 indue
1592 3091 1685 3156 inrue
1709 3098 1743 3156 et
1765 3090 1895 3156 adiecta

242 3215 277 3258 re
301 3194 428 3278 syllaba
450 3195 574 3260 faciunt
596 3197 791 3261 infinitivum
818 3202 855 3260 ut
884 3201 960 3282 pete
983 3202 1097 3283 petere
1129 3193 1228 3260 indue
1256 3194 1404 3260 induere.
1449 3194 1596 3282 Explicit
1622 3193 1785 3276 rhythmus
1806 3194 1895 3259 nullo

240 3294 306 3376 fore
326 3296 428 3376 spatio
449 3297 626 3362 intermisso
653 3299 743 3378 prior
764 3299 920 3380 sequitur,
947 3298 1003 3378 qni
1028 3296 1164 3377 stropbis
1192 3296 1360 3362 seeundum
1386 3297 1547 3378 obibobeti
1575 3294 1715 3361 ordinem
1735 3297 1895 3378 dispositis

239 3417 371 3478 prorsus
386 3419 489 3480 poene
511 3401 547 3464 in
568 3399 731 3465 Diomedis
752 3405 820 3465 orte
839 3400 1048 3482 prommotieo
1071 3399 1266 3484 (Grnmmot.
1291 3399 1345 3464 lot.
1369 3399 1513 3472 cernue
1534 3399 1564 3477 l,
1587 3398 1779 3486 seo-371)
1800 3400 1841 3464 ob
1862 3420 1895 3464 eo

242 3502 398 3582 cupressis
418 3503 519 3567 uerbis
541 3503 673 3568 tondete
694 3504 854 3570 innititur.
899 3503 995 3568 Hune
1016 3499 1194 3588 rbptbmum
1216 3503 1298 3567 ulter
1319 3502 1518 3585 subsequitur
1539 3501 1579 3567 ob
1606 3501 1766 3582 ulpbobeti
1786 3500 1895 3566 ordine

244 3605 383 3683 alienus,
417 3606 473 3687 qui
503 3605 547 3669 ool
573 3607 694 3687 prioris
725 3608 827 3672 simite
861 3606 1021 3686 exemptor
1052 3605 1267 3686 supplemento
1304 3605 1413 3685 affert,
1451 3605 1516 3670 sed·
1541 3605 1621 3670 totio
1651 3608 1687 3669 nt
1721 3604 1761 3670 ab
1793 3605 1896 3670 eodem

244 3711 370 3772 emtore
395 3709 554 3790 proficisci
584 3730 648 3775 non
672 3711 822 3792 potnerit.
865 3710 962 3774 'Inter
984 3713 1152 3791 utrumqne
1177 3707 1356 3790 rbptbmum
1381 3708 1418 3772 in
1450 3708 1599 3774 interiore
1621 3707 1775 3791 foliorum
1802 3711 1894 3773 tus

245 3811 387 3893 moryine
419 3815 546 3877 exstont
578 3813 672 3878 uerbo
704 3813 851 3878 Paulus
885 3813 965 3878 ieci
1004 3812 1119 3877 litteris
1151 3811 1331 3877 uncialibus
1362 3811 1497 3891 scripto,
1530 3831 1610 3892 quoe
1642 3810 1685 3875 od
1717 3832 1816 3876 unum
1847 3811 1896 3876 ol·

165 3909 167 3916 ’
245 3918 379 3978 terumoe
413 3916 569 3995 pertinere
597 3916 768 3998 probabile
793 3919 847 3980 est.
905 3915 960 3980 Eo
992 3935 1053 3996 quo
1088 3915 1221 3998 editores
1250 3914 1323 3979 novi
1355 3918 1509 3980 tractatus
1537 3914 1730 3995 diplomatici
1757 3913 1896 3979 Paulum

245 4015 425 4081 Diaconum
456 4023 611 4084 auctorem
641 4018 753 4104 juisse·
775 4022 854 4084 recte
880 4019 958 4083 milei
986 4019 1121 4098 effecisse
1145 4018 1305 4097 videntur,
1330 4019 1517 4099 praesertim
1541 4039 1611 4084 eum
1638 4017 1777 4083 Paulum
1806 4015 1896 4084 (lesi-

245 4138 371 4184 nensem
393 4123 458 4184 tom
485 4122 521 4185 in
542 4122 649 4186 studio
668 4123 882 4204 prommotioo·
896 4123 1011 4188 acriter
1031 4121 1209 4199 incubuisse
1230 4141 1325 4202 quom
1346 4121 1505 4204 rlptbmos
1525 4121 1728 4203 composuisse
1752 4120 1896 4196 sununs,

245 4221 339 4285 codex
361 4243 432 4288 vcro
457 4227 487 4289 ct
513 4245 582 4289 cum
597 4225 682 4290 'oeoo
705 4228 826 4314 etcum
848 4224 963 4306 patrio
990 4225 1057 4290 eius
1081 4226 1181 4306 plone
1208 4225 1377 4289 emoeniot.
1429 4226 1531 4306 Quom
1559 4225 1686 4289 obrem
1713 4223 1768 4288 bos
1788 4241 1896 4288 rusus

245 4326 439 4390 memoriales
459 4348 497 4393 oc
517 4329 743 4410 discipulorum
762 4329 837 4392 usui
851 4328 1097 4416 ¹accommodatos
1119 4327 1168 4393 bic
1190 4329 1226 4393 in
1247 4327 1417 4409 appendice
1438 4327 1598 4392 odnectme
1626 4347 1735 4408 operae
1759 4325 1897 4406 pretinm

245 4428 347 4492 uisum
378 4433 433 4496 est.
487 4431 553 4496 Eos
584 4434 740 4516 outenrju
763 4419 914 4508 'librario'
927 4430 1056 4496 indocto
1084 4431 1134 4497 bic
1159 4431 1227 4496 illio
1257 4431 1443 4512 depravatos
1471 4450 1509 4495 oo
1535 4429 1610 4495 loeis
1629 4429 1751 4512 aliquot
1772 4428 1897 4492 bnnmro

246 4551 383 4597 corrosos
404 4553 468 4600 esse
488 4531 579 4600 oolde
599 4534 763 4600 dolmrdum
785 4538 862 4619 est,
894 4589 898 4594 .
946 4621 947 4624 Ἴ

582 4833 670 4908 -uu
698 4765 951 4908 succinens
979 4831 1272 4907 Puuunuuu
1298 4830 1544 4904 Puusucu.

530 4972 557 5031 l.
591 4967 720 5032 Adsunt
742 4973 894 5052 quattuor
916 4966 948 5031 in
971 4967 1076 5053 prima
1098 4966 1263 5031 iunctione
1287 4965 1432 5052 speeies:

591 5093 611 5136 a
633 5093 676 5138 ex
699 5073 747 5137 eis
770 5073 875 5159 prima
896 5073 996 5137 habet
1018 5073 1052 5137 in
1074 5073 1221 5160 perlecto
1245 5077 1402 5156 tempore,

590 5197 655 5240 una
678 5174 805 5261 syllaba
825 5176 909 5262 plus,
932 5181 969 5240 ut
991 5181 1042 5240 est
1063 5174 1218 5240 famulari
1241 5171 1396 5238 lamulo².

649 5353 721 5359 —-—
1046 5350 1223 5359 .--.-..------Ἰ
1641 5345 1794 5352 ——--—

352 5469 379 5537 1)
408 5468 452 5536 Os.
470 5466 613 5522 Diomedis
638 5471 700 5522 Art.
725 5483 838 5538 promm.
856 5468 911 5522 t.I
933 5467 996 5535 (Gr.
1015 5467 1062 5522 lat.
1080 5466 1121 5521 ed.
1139 5466 1204 5520 Keil
1222 5465 1248 5532 1,
1265 5465 1336 5534 349).
1404 5465 1433 5534 2)
1451 5463 1595 5518 Diomedis
1625 5467 1678 5518 ort.
1707 5479 1817 5531 mamm.
1845 5460 1899 5516 l.1

245 5590 276 5644 p.
293 5571 345 5626 364
362 5568 575 5640 coniugationis
592 5568 698 5639 primsc
717 5569 849 5641 temporis
867 5569 983 5640 perlecti
1002 5569 1105 5624 formae
1124 5570 1190 5623 sunt
1208 5569 1342 5637 quattuor
1361 5608 1386 5622 ..
1405 5567 1496 5637 prims
1514 5569 1556 5621 est
1568 5566 1597 5620 in
1609 5584 1666 5635 qua
1678 5582 1785 5635 semper
1796 5581 1814 5619 a
1826 5564 1899 5620 inest

250 5678 279 5730 ct
290 5689 347 5730 uns.
360 5672 487 5728 abundat
498 5672 607 5742 syllaba
626 5713 632 5728 .
646 5715 652 5728 .
670 5673 776 5728 lamule
788 5669 922 5726 famulari
941 5713 948 5725 .
961 5712 967 5724 .

318 5775 422 5828 Porrus
434 5785 518 5825 uentu
531 5785 590 5824 nem
602 5767 728 5825 eunoun
743 5772 763 5824 I.
1661 5761 1693 5815 79
