4694 6428
659 440 705 496 DE
724 441 842 497 CLADE
860 439 1185 496 LINDlSFARNENSlS
1205 437 1439 496 MONASTERII.

586 614 667 687 Quis
690 615 760 680 sine
784 616 837 680 vel
861 614 955 679 miles
978 615 1086 700 capiat
1109 615 1287 680 certamine
1310 615 1462 701 palmam,

668 720 764 784 Bella
786 717 927 783 nefanda
950 717 1072 783 dabunt
1096 721 1242 805 praemia
1264 739 1383 804 magna
1406 719 1485 783 suis.

584 823 650 888 Per
671 820 808 907 gladios,
833 829 966 902 mortes,
989 828 1111 908 pestes,
1135 843 1195 907 per
1217 822 1293 902 tela,
1317 844 1377 908 per
1399 821 1495 906 ignes

669 923 828 1009 Martyrio
853 924 956 988 sancti
979 945 1081 1008 regna
1101 923 1199 988 beata
1221 929 1346 1010 petunt.

491 1050 507 1086 r·
587 1027 766 1092 Stemmate
789 1027 854 1091 iarn
877 1024 999 1112 gaudet
1021 1027 1110 1105 belli,
1133 1025 1188 1111 qui
1213 1031 1384 1090 stemmate
1398 1024 1510 1103 vineita

668 1129 801 1194 Praelia
822 1135 897 1214 post
919 1135 1026 1194 terrae
1050 1136 1166 1214 regnat
1188 1129 1221 1193 in
1244 1150 1318 1194 arce
1341 1129 1419 1214 poli.

587 1234 622 1298 si
645 1232 723 1320 quid
746 1231 912 1330 displicuit
935 1233 1066 1298 Christo
1089 1234 1158 1298 iam
1177 1239 1294 1298 ennete
1317 1230 1452 1312 videnti,

668 1336 814 1402 Moribus
838 1337 870 1402 in
894 1338 1012 1402 vestris
1035 1338 1188 1423 corrigite
1211 1338 1272 1403 hoc
1296 1336 1401 1416 citius,

586 1442 632 1507 Ut
653 1443 727 1528 pius
750 1443 921 1528 egregium
945 1449 1117 1507 conservet
1139 1447 1252 1527 pastor
1273 1440 1370 1520 ovile,

673 1545 723 1610 Ne
746 1545 868 1631 rapidis
893 1545 1000 1630 capiat
1021 1545 1084 1609 hoc
1108 1545 1203 1630 lupus
1226 1543 1364 1607 insidiis.

583 1647 658 1713 Non
682 1655 734 1713 est
756 1649 876 1734 quippe
900 1647 981 1713 deus
1004 1648 1119 1733 poeuis
1143 1646 1325 1733 culpandus
1348 1647 1382 1710 in
1405 1645 1488 1724 istis,

667 1749 732 1816 Sed
755 1757 868 1816 nostra
890 1752 924 1815 in
946 1751 1064 1834 melius
1087 1751 1155 1814 vita
1177 1749 1312 1815 ferenda
1336 1750 1410 1829 cito,

584 1855 628 1919 Et
650 1855 705 1940 pia
726 1851 889 1918 flectenda
911 1859 962 1918 est
984 1837 1137 1939 precibus
1161 1853 1335 1918 elementia
1357 1852 1489 1921 nostris,

669 1957 838 2030 Quatenus
862 1978 883 2020 a
903 1955 999 2020 nobis
1023 1955 1199 2020 transferat
1221 1957 1292 2040 ipse
1315 1955 1444 2040 plagas:

491 2083 528 2119 ss
587 2059 696 2144 Atque
721 2061 789 2124 suis
813 2061 957 2124 clemens
980 2065 1127 2144 praestet
1149 2059 1271 2122 solacia
1295 2059 1410 2137 servis,

668 2162 832 2246 Tempora
855 2160 1039 2228 concedens
1062 2183 1220 2247 prospera
1242 2167 1358 2226 cuncta
1381 2159 1510 2254 qqibus‚

586 2265 802 2352 Hymnidices
826 2268 912 2331 laets
933 2264 1047 2332 laudes
1071 2271 1107 2329 ut
1128 2270 1238 2330 mente
1263 2259 1417 2329 canamus

668 2367 867 2434 Oelsitlrroni
890 2369 997 2434 cuncti
1022 2389 1152 2454 semper
1173 2367 1294 2452 ubique
1317 2368 1424 2447 simul,

584 2471 672 2536 Laus
696 2473 757 2550 eui,
774 2473 890 2554 cultus,
906 2473 1019 2554 honor,
1036 2472 1150 2554 virtus,
1165 2471 1365 2551 benedictio,
1379 2491 1510 2535 carmen

674 2574 812 2663 Semper
833 2577 867 2640 in
890 2583 1060 2642 aeternum
1083 2576 1188 2662 gloria
1211 2595 1329 2662 magna
1351 2574 1424 2640 deo.

886 2975 889 2982 ,
949 2947 995 3006 l!
1028 2920 1071 2984 X.

583 3041 671 3106 Urbs
694 3047 828 3106 aeterna
848 3039 912 3120 dei,
935 3046 1043 3105 terrae
1067 3039 1126 3120 sal,
1149 3039 1272 3104 lumina
1292 3039 1404 3104 mundi
1417 3041 1437 3118 ¹,

582 3145 641 3209 Bis
665 3167 725 3210 sex
749 3146 843 3229 signa
875 3145 973 3230 poli²,
1002 3165 1134 3208 menses
1157 3149 1192 3208 ct
1214 3149 1265 3208 ter
1286 3153 1401 3230 quater
1423 3145 1509 3224 anni,

583 3247 692 3333 Atque
708 3247 773 3312 diei
789 3247 899 3326 horae,
922 3244 1114 3332 lapidesque
1137 3247 1170 3309 in
1187 3253 1359 3312 stemmate
1376 3247 1509 3326 Christi,

583 3349 704 3413 Vestra
726 3349 855 3435 aperire
878 3350 989 3434 polum
1013 3350 1135 3434 poterit
1150 3349 1204 3413 vel
1220 3349 1372 3415 claudere
1389 3351 1509 3435 lingua.

584 3451 749 3516 Doctores
772 3452 869 3532 vitae,
893 3472 1032 3537 magnae
1056 3459 1090 3517 et
1113 3450 1276 3518 medicina
1298 3453 1423 3531 salutis,

583 3555 653 3618 Vos
676 3555 783 3619 fontes
807 3555 882 3636 vivi,
905 3555 1048 3641 paradisi
1072 3563 1106 3620 et
1127 3556 1260 3620 flumina
1283 3577 1396 3630 sacra;

582 3657 652 3721 Vos
676 3657 776 3722 decus
799 3658 973 3738 ecelesiae,
996 3658 1108 3743 populi
1132 3679 1219 3743 spes,
1242 3658 1340 3721 ianua
1361 3657 1460 3730 lucis;

583 3761 701 3826 Inclita
723 3763 909 3848 progenies,
933 3760 1118 3826 Salomonis
1142 3761 1252 3826 nobile
1276 3761 1444 3846 templum.

630 3865 784 3947 Perses,
808 3886 827 3929 o
850 3872 972 3951 patres,
994 3871 1106 3930 nostro
1131 3865 1190 3929 sub
1213 3871 1361 3950 tempore
1385 3871 1455 3930 tota

584 3969 750 4034 Virtutum
773 3969 900 4033 meritis
923 3968 1063 4034 fecundo
1084 3968 1280 4032 Britannia⁸
1303 3969 1407 4034 floret.

583 4073 654 4138 Vos
677 4072 773 4136 simul
794 4073 966 4137 unanimes
990 4071 1114 4136 Christi
1136 4069 1303 4136 defendite
1327 4078 1445 4147 eastra,

583 4176 627 4241 Et
650 4177 765 4263 clypeo
791 4174 867 4241 fidei
891 4176 958 4240 tela
981 4182 1179 4262 exsuperate
1203 4174 1354 4240 nefanda.

584 4281 722 4346 Pectore
747 4278 936 4360 concordes,
960 4279 1062 4345 fortes
1085 4280 1206 4345 virtute
1231 4300 1382 4366 superna,

357 4445 411 4450 ---
418 4447 431 4450 ..
440 4443 582 4449 „ffl.
600 4441 725 4447 ——--—-
734 4439 1035 4446 --..1-.—.....-‚,..-,...-.-

319 4543 372 4596 223
383 4547 471 4596 mortis
490 4544 523 4594 H
623 4539 676 4592 225
693 4543 803 4593 Stemate
816 4541 849 4590 H
948 4538 999 4590 227
1017 4541 1103 4592 omnia
1119 4549 1212 4592 cuncta
1229 4541 1263 4590 H
1360 4541 1412 4594 229
1430 4559 1529 4610 semper
1547 4546 1614 4596 ovile
1633 4545 1666 4594 H
1762 4541 1815 4596 230
1832 4546 1872 4595 Hc

216 4633 320 4699 rapidus
348 4633 429 4700 rapiat
448 4631 480 4681 H
586 4625 729 4680 231-240
751 4637 850 4680 metant
871 4628 899 4677 in
917 4627 943 4677 Z
950 4629 976 4694 s.
996 4624 1047 4678 233
1163 4624 1216 4676 232
1234 4628 1325 4678 melius
1342 4637 1430 4680 nostra
1447 4630 1480 4680 Π
1595 4627 1648 4681 236
1665 4631 1827 4682 concedentis
1845 4630 1878 4680 H

217 4727 310 4769 crinem
327 4717 409 4768 tribus
423 4717 455 4767 H
554 4713 605 4767 237
623 4717 686 4767 letus
699 4715 731 4764 H
797 4723 822 4766 et
840 4713 962 4775 nienteQ
1046 4711 1098 4764 238
1115 4713 1276 4764 Celslthrono
1288 4713 1322 4763 H
1396 4717 1491 4782 ubique
1509 4717 1597 4784 procul
1609 4716 1643 4766 H
1721 4713 1775 4768 240
1792 4718 1832 4768 dci
1845 4717 1878 4766 H

286 4801 329 4869 [x]
367 4803 390 4865 Q
402 4821 430 4869 p.
450 4800 517 4853 1718
534 4819 559 4853 a.
579 4803 709 4862 CLXXX,
727 4800 766 4852 ed.
786 4799 854 4866 leffe
870 4817 901 4850 eo:
925 4799 1028 4864 V(cod.
1045 4817 1108 4850 mus.
1128 4799 1193 4849 Brit.
1213 4799 1269 4850 bibl.
1285 4799 1380 4850 Cotton.
1396 4799 1498 4866 Vesper.
1519 4803 1543 4851 A
1557 4804 1618 4852 xlv
1636 4819 1654 4854 e.
1669 4804 1714 4854 XI.
1726 4800 1877 4869 fillsstl'

217 4887 349 4952 (Trecener'
367 4887 434 4940 1165
452 4905 471 4938 r.
485 4889 562 4951 12.)Ι
575 4886 628 4951 51),
661 4933 662 4938 ,
692 4886 731 4950 (S.
748 4887 820 4936 Galli
836 4883 885 4936 271
904 4903 924 4936 e.
943 4887 987 4936 IX.
998 4904 1025 4951 p.
1040 4883 1090 4948 17),
1112 4884 1142 4935 K
1157 4885 1229 4946 (norw.
1243 4883 1309 4935 Brit.
1321 4884 1405 4952 Kiaqs
1423 4887 1480 4936 libr.
1498 4885 1516 4938 8
1532 4887 1560 4937 E
1574 4889 1623 4937 XV
1640 4905 1660 4938 e.
1674 4890 1779 4940 lx-X.
1791 4890 1817 4955 s.
1838 4886 1872 4952 7),

218 4974 244 5023 P
257 4974 352 5036 (Paris.
370 4972 439 5026 3244
456 4992 476 5025 a.
494 4975 554 5038 ΧΙΙ)
665 4972 678 5024 1
698 4982 765 5024 terra
787 4973 812 5022 T
917 4969 934 5022 3
952 4973 979 5022 dr
998 4971 1023 5020 V
1087 4979 1192 5022 stemate
1210 4970 1240 5020 K
1340 4969 1358 5021 6
1375 4973 1493 5038 paradysi
1508 4971 1532 5020 V
1631 4969 1649 5022 8
1666 4974 1802 5026 mamonis
1819 4975 1844 5024 T
1851 4977 1874 5026 G

217 5057 234 5110 9
252 5062 332 5112 nostri
349 5060 380 5111 K
390 5060 414 5109 V
496 5069 610 5127 tempora
627 5058 657 5109 K
667 5059 691 5108 V
808 5054 842 5108 10
858 5058 960 5123 reliquo
977 5058 1068 5109 ἅεετιπί
1089 5057 1117 5106 ia
1138 5055 1172 5122 P,
1199 5057 1242 5106 redi
1265 5057 1394 5121 sementia
1406 5059 1480 5124 solio
1497 5057 1651 5110 wacena-ar.
1687 5057 1821 5112 Britannia
1838 5062 1873 5126 K,

217 5147 360 5198 Brittannia
379 5145 433 5196 VG
572 5142 606 5196 12
623 5143 749 5212 clipeol⁷‚
776 5144 870 5210 glypeo
896 5143 918 5192 (l
1021 5149 1158 5210 superante
1185 5141 1218 5206 Τ,
1247 5142 1311 5192 telus
1337 5151 1455 5210 superate
1479 5143 1576 5196 VGK
1677 5146 1799 5198 nefaudos
1821 5146 1875 5199 ΓΘ

319 5315 346 5382 1)
373 5313 417 5382 Cf.
440 5314 585 5383 eps'rtolom
602 5312 773 5367 Aedtllsorclo
794 5311 989 5366 commerear
1007 5311 1214 5382 archiepiscopo
1237 5311 1396 5380 (reo-805)
1421 5313 1560 5382 scriptam,
1587 5329 1703 5383 quacum
1729 5314 1759 5368 ἤι’
1775 5331 1871 5370 aerem

216 5419 355 5473 coniuncti
373 5421 438 5473 suat
456 5419 546 5488 (Mon.
558 5419 667 5473 Alesia.
686 5437 713 5488 p.
726 5418 802 5486 205);
821 5417 877 5472 Vos
895 5416 968 5480 estis,
987 5417 1098 5472 dicente
1116 5417 1242 5480 veritate,
1262 5417 1309 5472 lux
1322 5415 1409 5472 totius
1423 5415 1586 5480 Brittaniae,
1605 5417 1646 5470 sal
1665 5421 1763 5484 terrae,
1776 5418 1875 5473 civitas

216 5539 299 5592 snper
324 5525 446 5576 montem
469 5521 574 5591 posita,
597 5523 710 5576 lucerna
733 5539 816 5592 super
841 5521 1038 5588 candelabrum
1060 5522 1181 5580 elevata:
1209 5520 1297 5576 Mart.
1321 5523 1346 5584 5,
1365 5521 1399 5574 13
1422 5519 1478 5573 Vos
1497 5520 1563 5574 estis
1581 5522 1621 5575 sal
1640 5525 1743 5586 terraer
1767 5523 1800 5578 14
1820 5523 1875 5578 Vos

216 5626 283 5680 estis
302 5627 349 5679 lux
367 5625 471 5680 mundi.
542 5625 569 5694 2)
588 5627 713 5696 episcopi
729 5626 879 5680 duodecim.
943 5629 971 5696 3)
990 5628 1103 5681 Alesiai
1126 5627 1154 5681 V.
1175 5627 1203 5681 S.
1222 5625 1396 5681 Willibrords'
1412 5625 1430 5680 l.
1450 5625 1490 5678 ΙΙ
1498 5639 1520 5679 e.
1535 5627 1549 5678 1
1567 5627 1622 5680 at
1640 5627 1740 5696 genuit
1757 5627 1876 5682 fecunde

216 5729 364 5784 Britannia
382 5733 478 5786 mater.
496 5743 519 5784 c.
537 5729 571 5782 33
588 5745 613 5783 a.
630 5730 657 5792 2,
677 5729 720 5782 De
739 5743 776 5782 aa.
796 5727 930 5784 Euborr'e.
949 5729 1009 5784 eccl.
1028 5745 1051 5782 o.
1069 5727 1104 5780 22
1123 5731 1223 5798 (supra
1237 5744 1267 5798 p.
1287 5728 1346 5792 170,
1364 5729 1423 5794 209,
1435 5728 1510 5796 218).

1617 5824 1674 5878 30*
