4694 6428
1153 335 1303 390 ALCUINI
1320 334 1496 390 CARMINA.

870 512 972 577 Cuius
995 533 1104 576 amore
1129 512 1237 576 calent
1259 509 1361 595 patris
1385 506 1675 593 praecordiatota

953 614 1112 679 Omnibus
1135 620 1232 698 atque
1256 611 1345 675 horis
1368 631 1489 674 nomon
1512 610 1546 673 in
1569 631 1625 674 ore
1650 614 1754 673 sonat.

872 719 933 782 Cui
956 717 1036 781 deus
1060 723 1229 780 aeternum
1252 714 1374 777 tribuat
1396 735 1456 799 per
1479 713 1611 777 saecula
1636 712 1736 790 salve,

952 821 1118 904 Protegat,
1142 819 1276 898 exaltet,
1300 815 1484 896 fructificet,
1507 823 1650 900 vegetet.

872 925 979 998 Quem
1001 945 1074 988 mea
1096 943 1189 986 meus
1212 920 1314 998 ardet,
1338 919 1438 984 saeris
1462 903 1778 1004 religatacateuis1,

953 1026 1067 1091 Ambit
1090 1034 1123 1091 ct
1146 1026 1296 1112 exquirit,
1319 1023 1426 1108 diligit
1449 1031 1482 1088 et
1504 1033 1672 1090 memorat.

871 1131 1001 1197 Tertius
1024 1131 1166 1194 Albinus
1189 1129 1305 1193 vobis²
1327 1129 1482 1212 iungatur
1502 1129 1636 1200 amicus,

791 1257 814 1294 ιο
958 1235 1002 1299 Et
1024 1235 1174 1312 lacrimas
1199 1238 1332 1298 resonet
1355 1234 1441 1297 inter
1462 1233 1495 1296 in
1519 1254 1575 1297 ore
1599 1253 1718 1296 sacras.

871 1339 1000 1424 Quippe
1024 1339 1145 1423 triplex
1168 1337 1254 1401 funis
1278 1336 1373 1400 facile
1397 1357 1461 1400 uon
1484 1336 1645 1421 rumpitur
1667 1337 1852 1420 umquam³‚

953 1441 1008 1505 Sic
1031 1461 1159 1525 quoque
1182 1447 1249 1504 tres
1273 1439 1357 1502 inter
1379 1439 1472 1502 firma
1495 1439 1584 1521 viget
1607 1439 1741 1512 caritas;

872 1544 953 1609 Tres
976 1544 1032 1608 ubi
1056 1549 1131 1608 suut
1154 1543 1278 1629 pariter
1301 1541 1431 1606 collecti
1455 1541 1488 1604 in
1512 1541 1643 1605 nomine
1667 1541 1798 1620 Christi,

954 1647 1017 1711 His
1040 1646 1148 1710 adstat
1170 1645 1296 1711 medius
1320 1645 1469 1709 Christus
1493 1651 1526 1708 et
1551 1646 1621 1729 ipse
1645 1645 1752 1730 pius⁴.

872 1750 946 1814 Hoc
969 1757 1148 1814 memorate
1170 1749 1243 1828 viri,
1266 1755 1435 1833 totumque
1460 1749 1568 1812 valete
1591 1768 1651 1832 per
1673 1769 1799 1827 aevum,

954 1853 1023 1917 Vos
1048 1851 1175 1916 videam
1199 1853 1411 1926 tamennon,
1435 1851 1611 1915 misera-ute
1636 1850 1709 1914 deo.

873 1956 1027 2043 Corporis
1051 1965 1085 2020 et
1106 1956 1222 2042 eapitis
1246 1974 1359 2018 omnes
1383 1961 1460 2018 tune
1483 1962 1571 2018 certe
1595 1955 1704 2040 capilli

956 2059 1064 2124 Pierio
1087 2060 1212 2145 plectro
1236 2058 1378 2122 carmina
1400 2059 1488 2122 lacta
1511 2065 1640 2122 canant.

871 2163 1022 2250 Orpheus
1046 2169 1102 2227 aut
1124 2163 1239 2240 Linus,
1262 2183 1323 2225 noc
1347 2182 1399 2225 rue
1424 2162 1514 2225 Mero
1539 2162 1638 2225 vincit
1662 2162 1694 2224 in
1718 2161 1820 2240 odis⁵,

790 2289 814 2324 20
959 2267 1046 2330 Dum
1071 2266 1222 2330 manibus
1247 2265 1375 2350 cingam
1398 2273 1533 2350 pectora
1555 2272 1665 2330 vostra
1688 2265 1779 2329 meis.

1288 2679 1381 2744 XIX.

873 2818 939 2882 Hie
962 2818 1120 2882 Paulinus
1143 2838 1244 2880 ovans
1268 2823 1336 2880 toto
1361 2815 1545 2899 requieseat
1568 2815 1600 2878 iu
1623 2836 1716 2892 aevo,

873 2921 1011 3005 Hocque
1036 2920 1143 2984 cubile
1167 2927 1262 3005 pater
1285 2917 1403 3002 diguus
1427 2916 1580 3002 dignetur
1602 2917 1734 2982 habere.

873 3022 1007 3088 Invidus
1029 3023 1091 3087 hoc
1114 3019 1280 3108 templum'
1295 3040 1458 3103 nunquam
1483 3028 1688 3106 pertranseat
1710 3021 1824 3098 hostis,

874 3128 924 3192 Ne
948 3149 1039 3191 coros
1063 3126 1180 3191 animis
1205 3125 1312 3189 subito
1337 3124 1503 3207 disiungat
1526 3123 1660 3194 amicos,

808 3279 811 3290 .
878 3229 968 3304 Quos
992 3231 1114 3294 Christi
1137 3229 1256 3293 caritas
1281 3248 1373 3291 caros
1397 3226 1566 3290 coniunxit
1590 3227 1721 3290 amicos.

1282 3597 1288 3610 ⁹
1302 3640 1377 3706 xa.

874 3782 902 3844 Ο
926 3779 1063 3844 Pauline
1086 3785 1190 3864 pater,
1213 3781 1336 3861 pastor,
1360 3775 1555 3861 patriarcba,
1580 3776 1744 3856 sacerdos,

874 3885 955 3948 Pars
978 3885 1105 3947 animae
1129 3881 1255 3960 molior,
1278 3887 1410 3944 nostrae
1434 3899 1510 3965 pars
1535 3879 1657 3963 inclyta
1679 3881 1782 3943 vitae:

875 3986 927 4050 Sis
952 4007 1076 4050 memor
1097 3983 1209 4048 Albini
1233 3983 1334 4047 sacris
1358 3982 1515 4046 altaribus
1539 3981 1673 4046 adstans
1686 3984 1707 4061 θ,

875 4089 919 4154 Et
941 4089 1054 4154 dulces
1078 4089 1164 4152 iuter
1186 4087 1336 4151 lacrimas
1361 4107 1461 4173 super
1483 4107 1540 4150 ora
1563 4086 1703 4150 fluentes

809 4214 820 4249 s
877 4192 954 4257 Dic:
978 4190 1159 4272 ‘Miserere
1183 4192 1273 4270 deus,
1297 4197 1410 4254 nostro
1434 4191 1614 4254 clementer
1636 4190 1750 4269 amico,

878 4295 1141 4379 Criminibusquo
1166 4296 1233 4360 suis
1257 4295 1387 4359 veniam
1410 4295 1531 4378 largire
1554 4295 1728 4379 benignus,

876 4397 922 4461 Ut
945 4405 977 4463 te
1002 4419 1076 4462 cum
1098 4398 1221 4472 sanctis
1244 4397 1343 4462 liceat
1366 4395 1499 4461 laudare
1522 4418 1582 4482 per
1604 4397 1730 4460 aevum'

878 4502 1094 4587 Omnipotens
1117 4501 1218 4587 patris
1241 4501 1355 4580 uirtus,
1380 4499 1542 4585 sapientia
1565 4499 1725 4568 christus.

877 4603 1023 4668 Obsecro
1047 4611 1079 4668 tc
1104 4605 1245 4689 supplex
1269 4609 1336 4667 toto
1360 4602 1560 4688 depectere
1584 4623 1718 4688 pauper,

796 4725 820 4762 10
879 4703 925 4770 Ut
947 4713 1004 4771 tua
1026 4713 1200 4771 conservet
1221 4706 1396 4771 Paulinum
1419 4705 1558 4770 dextera
1580 4726 1719 4791 semper,

828 4865 862 4870 --,
873 4866 935 4871 -—.
948 4865 1164 4872 -.-.-.-...---.-
1173 4865 1743 4872 m--i.——.u
1758 4867 1777 4871 .
1788 4866 1824 4870 ,-.,
1838 4865 1843 4870 ,
1860 4865 1863 4869 .
1876 4863 1984 4868 -..-...-
1993 4864 2030 4870 ,-

581 4957 661 5025 [XIX]
697 4961 839 5012 strictitate
858 4963 916 5029 Zs.
936 4961 995 5028 aad,
1017 4965 1079 5029 Qp.
1101 4961 1167 5014 1727
1186 4983 1210 5014 a.
1230 4967 1335 5016 CCXIII
1450 4962 1463 5013 1
1482 4966 1654 5031 requiescittl

582 5043 651 5112 [XX]
687 5046 741 5097 sirie
758 5045 830 5097 titulo
849 5047 875 5096 Z
881 5051 907 5114 f.
926 5046 1072 5114 tlt-⁶227,
1094 5052 1116 5111 O
1129 5067 1156 5114 p.
1178 5046 1244 5099 1727
1263 5069 1288 5100 a.
1307 5051 1411 5100 CCXIV
1480 5049 1657 5118 ‘2Vitaepsrs
1675 5051 1800 5112 rueliorO
1867 5049 2020 5115 inclytusZ

616 5215 640 5282 l)
661 5215 703 5280 Cf.
721 5230 810 5283 supro
823 5233 853 5284 p.
871 5217 923 5269 ‘239
942 5232 966 5270 v.
986 5217 1026 5270 16.
1099 5219 1126 5282 2)
1147 5217 1268 5271 I’uultno
1286 5225 1312 5272 et
1325 5218 1442 5272 Aranni.
1513 5219 1541 5286 3)
1561 5218 1697 5282 Evolat,
1719 5221 1750 5272 12
1772 5217 1910 5271 funiculus
1929 5215 2034 5285 triplex
2054 5217 2183 5278 difficile

513 5315 657 5384 rumpitur.
728 5317 756 5384 4)
776 5317 876 5372 Mettis.
895 5321 935 5383 18,
948 5321 991 5373 ⁴20.
1061 5321 1088 5386 5)
1107 5320 1183 5388 Vcrp.
1203 5321 1264 5374 Ecl.
1278 5321 1297 5374 1
1305 5321 1331 5382 V,
1350 5321 1384 5374 55
1397 5321 1461 5374 Nou
1479 5339 1523 5374 me
1537 5321 1705 5375 carminibus
1719 5320 1812 5375 vincet
1828 5337 1877 5374 nec
1891 5317 2026 5372 Thracius
2041 5321 2182 5391 Orpheus

517 5415 520 5480 Ι
541 5416 599 5470 Nec
618 5417 703 5471 Linus
840 5421 866 5482 6)
887 5421 928 5489 ογ.
948 5437 1043 5476 ocreas
1062 5422 1099 5475 cd
1116 5426 1254 5476 dracaena
1272 5423 1361 5490 (Mon.
1379 5424 1488 5477 sileain«
1505 5443 1535 5493 p.
1554 5425 1628 5492 747):

927 5525 969 5578 Sis
987 5543 1091 5579 memor
1110 5524 1205 5578 Albini
1224 5543 1273 5594 per
1291 5529 1417 5596 tempora
1435 5527 1520 5595 longa
1537 5527 1674 5596 magistri

927 5611 998 5664 Dum
1016 5611 1100 5665 sacris
1118 5610 1224 5666 domiui
1243 5612 1361 5682 supplex
1380 5611 1515 5666 altaribus
1533 5613 1615 5668 adsis.
