<?xml version="1.0" encoding="UTF-8"?>
<!DOCTYPE html PUBLIC "-//W3C//DTD XHTML 1.0 Transitional//EN"
    "http://www.w3.org/TR/xhtml1/DTD/xhtml1-transitional.dtd">
<html xmlns="http://www.w3.org/1999/xhtml" xml:lang="en" lang="en">
 <head>
  <title>
</title>
<meta http-equiv="Content-Type" content="text/html;charset=utf-8" />
  <meta name='ocr-system' content='tesseract 3.04.00' />
  <meta name='ocr-capabilities' content='ocr_page ocr_carea ocr_par ocr_line ocrx_word'/>
</head>
<body>
  <div class='ocr_page' id='page_1' title='image "./monumentagerman01unkngoog/monumentagerman01unkngoog_0216.png"; bbox 0 0 4694 6428; ppageno 0'>
   <div class='ocr_carea' id='block_1_1' title="bbox 626 409 1495 467">
    <p class='ocr_par' dir='ltr' id='par_1_1' title="bbox 626 409 1495 467">
     <span class='ocr_line' id='line_1_1' title="bbox 626 409 1495 467; baseline 0.006 -5"><span class='ocrx_word' id='word_1_1' title='bbox 626 409 764 464; x_wconf 77' lang='lat' dir='ltr'>VERSUS</span> <span class='ocrx_word' id='word_1_2' title='bbox 783 411 829 463; x_wconf 85' lang='lat' dir='ltr'>DE</span> <span class='ocrx_word' id='word_1_3' title='bbox 847 412 998 466; x_wconf 82' lang='lat' dir='ltr'>SANCTIS</span> <span class='ocrx_word' id='word_1_4' title='bbox 1017 411 1276 466; x_wconf 81' lang='lat' dir='ltr'>EUBORICENSIS</span> <span class='ocrx_word' id='word_1_5' title='bbox 1296 412 1495 467; x_wconf 82' lang='lat' dir='ltr'>ECCLESIAE.</span> 
     </span>
    </p>
   </div>
   <div class='ocr_carea' id='block_1_2' title="bbox 481 585 1568 4603">
    <p class='ocr_par' dir='ltr' id='par_1_2' title="bbox 484 585 1482 775">
     <span class='ocr_line' id='line_1_2' title="bbox 588 585 1482 671; baseline 0.001 -22"><span class='ocrx_word' id='word_1_6' title='bbox 588 585 658 649; x_wconf 91' lang='lat' dir='ltr'>Iam</span> <span class='ocrx_word' id='word_1_7' title='bbox 682 606 764 669; x_wconf 89' lang='lat' dir='ltr'>puer</span> <span class='ocrx_word' id='word_1_8' title='bbox 786 587 940 670; x_wconf 87' lang='lat' dir='ltr'>egregius</span> <span class='ocrx_word' id='word_1_9' title='bbox 964 587 1134 651; x_wconf 89' lang='lat' dir='ltr'>crescebat</span> <span class='ocrx_word' id='word_1_10' title='bbox 1157 606 1293 670; x_wconf 86' lang='lat' dir='ltr'>corpore</span> <span class='ocrx_word' id='word_1_11' title='bbox 1317 592 1482 671; x_wconf 90' lang='lat' dir='ltr'>quantum,</span> 
     </span>
     <span class='ocr_line' id='line_1_3' title="bbox 484 689 1284 775; baseline 0.011 -31"><span class='ocrx_word' id='word_1_12' title='bbox 484 709 533 746; x_wconf 74' lang='lat' dir='ltr'>nro</span> <span class='ocrx_word' id='word_1_13' title='bbox 590 689 729 774; x_wconf 90' lang='lat' dir='ltr'>Ingenio</span> <span class='ocrx_word' id='word_1_14' title='bbox 753 696 879 754; x_wconf 90' lang='lat' dir='ltr'>tantum</span> <span class='ocrx_word' id='word_1_15' title='bbox 902 691 1058 754; x_wconf 89' lang='lat' dir='ltr'>librorum</span> <span class='ocrx_word' id='word_1_16' title='bbox 1083 689 1284 775; x_wconf 88' lang='lat' dir='ltr'>proficiebat.</span> 
     </span>
    </p>

    <p class='ocr_par' dir='ltr' id='par_1_3' title="bbox 590 791 1416 879">
     <span class='ocr_line' id='line_1_4' title="bbox 590 791 1416 879; baseline 0.002 -24"><span class='ocrx_word' id='word_1_17' title='bbox 590 791 643 856; x_wconf 88' lang='lat' dir='ltr'>Sic</span> <span class='ocrx_word' id='word_1_18' title='bbox 664 793 788 857; x_wconf 90' lang='lat' dir='ltr'>meritis</span> <span class='ocrx_word' id='word_1_19' title='bbox 812 814 964 859; x_wconf 79' lang='lat' dir='ltr'>crescens</span> <span class='ocrx_word' id='word_1_20' title='bbox 987 794 1081 858; x_wconf 90' lang='lat' dir='ltr'>annis</span> <span class='ocrx_word' id='word_1_21' title='bbox 1105 800 1138 858; x_wconf 90' lang='lat' dir='ltr'>et</span> <span class='ocrx_word' id='word_1_22' title='bbox 1161 799 1271 859; x_wconf 89' lang='lat' dir='ltr'>mente</span> <span class='ocrx_word' id='word_1_23' title='bbox 1296 795 1416 879; x_wconf 78' lang='lat' dir='ltr'>sagaci,</span> 
     </span>
    </p>

    <p class='ocr_par' dir='ltr' id='par_1_4' title="bbox 590 896 1434 982">
     <span class='ocr_line' id='line_1_5' title="bbox 590 896 1434 982; baseline 0 -22"><span class='ocrx_word' id='word_1_24' title='bbox 590 897 660 961; x_wconf 92' lang='lat' dir='ltr'>lam</span> <span class='ocrx_word' id='word_1_25' title='bbox 682 897 781 960; x_wconf 86' lang='lat' dir='ltr'>levita</span> <span class='ocrx_word' id='word_1_26' title='bbox 805 917 898 961; x_wconf 91' lang='lat' dir='ltr'>sacer</span> <span class='ocrx_word' id='word_1_27' title='bbox 920 896 1082 982; x_wconf 88' lang='lat' dir='ltr'>condigno</span> <span class='ocrx_word' id='word_1_28' title='bbox 1106 904 1158 962; x_wconf 91' lang='lat' dir='ltr'>est</span> <span class='ocrx_word' id='word_1_29' title='bbox 1181 897 1294 962; x_wconf 86' lang='lat' dir='ltr'>ordine</span> <span class='ocrx_word' id='word_1_30' title='bbox 1317 897 1434 962; x_wconf 88' lang='lat' dir='ltr'>factus.</span> 
     </span>
    </p>

    <p class='ocr_par' dir='ltr' id='par_1_5' title="bbox 588 1000 1532 1086">
     <span class='ocr_line' id='line_1_6' title="bbox 588 1000 1532 1086; baseline 0.001 -21"><span class='ocrx_word' id='word_1_31' title='bbox 588 1000 685 1065; x_wconf 94' lang='lat' dir='ltr'>Hunc</span> <span class='ocrx_word' id='word_1_32' title='bbox 706 1001 791 1065; x_wconf 89' lang='lat' dir='ltr'>bene</span> <span class='ocrx_word' id='word_1_33' title='bbox 815 1001 891 1065; x_wconf 90' lang='lat' dir='ltr'>dum</span> <span class='ocrx_word' id='word_1_34' title='bbox 914 1000 995 1066; x_wconf 83' lang='lat' dir='ltr'>felix</span> <span class='ocrx_word' id='word_1_35' title='bbox 1018 1001 1212 1066; x_wconf 81' lang='lat' dir='ltr'>adolescens</span> <span class='ocrx_word' id='word_1_36' title='bbox 1236 1003 1341 1086; x_wconf 84' lang='lat' dir='ltr'>gessit</span> <span class='ocrx_word' id='word_1_37' title='bbox 1364 1002 1532 1083; x_wconf 90' lang='lat' dir='ltr'>honorem,</span> 
     </span>
    </p>

    <p class='ocr_par' dir='ltr' id='par_1_6' title="bbox 588 1104 1373 1191">
     <span class='ocr_line' id='line_1_7' title="bbox 588 1104 1373 1191; baseline 0.004 -23"><span class='ocrx_word' id='word_1_38' title='bbox 588 1104 665 1168; x_wconf 91' lang='lat' dir='ltr'>Iura</span> <span class='ocrx_word' id='word_1_39' title='bbox 688 1104 865 1169; x_wconf 91' lang='lat' dir='ltr'>sacerdotii</span> <span class='ocrx_word' id='word_1_40' title='bbox 888 1105 1015 1170; x_wconf 82' lang='lat' dir='ltr'>iuvenis</span> <span class='ocrx_word' id='word_1_41' title='bbox 1039 1106 1183 1191; x_wconf 80' lang='lat' dir='ltr'>suscepit</span> <span class='ocrx_word' id='word_1_42' title='bbox 1205 1106 1373 1188; x_wconf 82' lang='lat' dir='ltr'>hopcstus,</span> 
     </span>
    </p>

    <p class='ocr_par' dir='ltr' id='par_1_7' title="bbox 499 1209 1568 1501">
     <span class='ocr_line' id='line_1_8' title="bbox 499 1209 1552 1294; baseline 0.004 -22"><span class='ocrx_word' id='word_1_43' title='bbox 499 1230 522 1266; x_wconf 77' lang='lat'>-2</span> <span class='ocrx_word' id='word_1_44' title='bbox 593 1209 767 1274; x_wconf 87' lang='lat' dir='ltr'>Cresceret</span> <span class='ocrx_word' id='word_1_45' title='bbox 788 1214 824 1272; x_wconf 93' lang='lat' dir='ltr'>ut</span> <span class='ocrx_word' id='word_1_46' title='bbox 846 1209 1018 1293; x_wconf 86' lang='lat' dir='ltr'>gradibus,</span> <span class='ocrx_word' id='word_1_47' title='bbox 1047 1209 1174 1273; x_wconf 90' lang='lat' dir='ltr'>meritis</span> <span class='ocrx_word' id='word_1_48' title='bbox 1198 1211 1253 1294; x_wconf 93' lang='lat' dir='ltr'>qui</span> <span class='ocrx_word' id='word_1_49' title='bbox 1278 1217 1425 1275; x_wconf 84' lang='lat' dir='ltr'>creverat</span> <span class='ocrx_word' id='word_1_50' title='bbox 1448 1211 1552 1276; x_wconf 90' lang='lat' dir='ltr'>almis.</span> 
     </span>
     <span class='ocr_line' id='line_1_9' title="bbox 588 1311 1568 1399; baseline 0.002 -23"><span class='ocrx_word' id='word_1_51' title='bbox 588 1312 679 1376; x_wconf 82' lang='lat' dir='ltr'>Tunc</span> <span class='ocrx_word' id='word_1_52' title='bbox 702 1312 776 1398; x_wconf 92' lang='lat' dir='ltr'>pius</span> <span class='ocrx_word' id='word_1_53' title='bbox 800 1319 833 1378; x_wconf 89' lang='lat' dir='ltr'>et</span> <span class='ocrx_word' id='word_1_54' title='bbox 855 1311 999 1398; x_wconf 89' lang='lat' dir='ltr'>prudens</span> <span class='ocrx_word' id='word_1_55' title='bbox 1023 1312 1137 1376; x_wconf 89' lang='lat' dir='ltr'>doctor</span> <span class='ocrx_word' id='word_1_56' title='bbox 1163 1313 1258 1377; x_wconf 90' lang='lat' dir='ltr'>simul</span> <span class='ocrx_word' id='word_1_57' title='bbox 1282 1320 1379 1399; x_wconf 90' lang='lat' dir='ltr'>atquc</span> <span class='ocrx_word' id='word_1_58' title='bbox 1404 1313 1568 1394; x_wconf 89' lang='lat' dir='ltr'>sacerdos,</span> 
     </span>
     <span class='ocr_line' id='line_1_10' title="bbox 587 1415 1503 1501; baseline 0.003 -22"><span class='ocrx_word' id='word_1_59' title='bbox 587 1416 803 1500; x_wconf 90' lang='lat' dir='ltr'>Pontificique</span> <span class='ocrx_word' id='word_1_60' title='bbox 827 1437 936 1479; x_wconf 88' lang='lat' dir='ltr'>comes</span> <span class='ocrx_word' id='word_1_61' title='bbox 958 1415 1104 1501; x_wconf 81' lang='lat' dir='ltr'>Ecgbert</span> <span class='ocrx_word' id='word_1_62' title='bbox 1127 1417 1320 1481; x_wconf 88' lang='lat' dir='ltr'>coniunctus</span> <span class='ocrx_word' id='word_1_63' title='bbox 1342 1417 1503 1498; x_wconf 79' lang='lat' dir='ltr'>adhaesit,</span> 
     </span>
    </p>

    <p class='ocr_par' dir='ltr' id='par_1_8' title="bbox 518 1517 1559 2327">
     <span class='ocr_line' id='line_1_11' title="bbox 521 1517 1559 1607; baseline 0.001 -24"><span class='ocrx_word' id='word_1_64' title='bbox 521 1517 527 1524; x_wconf 83' lang='grc'><strong>’</strong></span> <span class='ocrx_word' id='word_1_65' title='bbox 589 1520 650 1585; x_wconf 85' lang='lat' dir='ltr'>Cui</span> <span class='ocrx_word' id='word_1_66' title='bbox 674 1542 803 1606; x_wconf 90' lang='lat' dir='ltr'>quoque</span> <span class='ocrx_word' id='word_1_67' title='bbox 828 1521 1007 1604; x_wconf 87' lang='lat' dir='ltr'>sanguineo</span> <span class='ocrx_word' id='word_1_68' title='bbox 1030 1520 1138 1584; x_wconf 88' lang='lat' dir='ltr'>fuerat</span> <span class='ocrx_word' id='word_1_69' title='bbox 1160 1521 1224 1585; x_wconf 88' lang='lat' dir='ltr'>iarn</span> <span class='ocrx_word' id='word_1_70' title='bbox 1248 1520 1319 1585; x_wconf 91' lang='lat' dir='ltr'>iure</span> <span class='ocrx_word' id='word_1_71' title='bbox 1341 1522 1559 1607; x_wconf 91' lang='lat' dir='ltr'>propinquus:</span> 
     </span>
     <span class='ocr_line' id='line_1_12' title="bbox 587 1622 1319 1708; baseline -0.001 -22"><span class='ocrx_word' id='word_1_72' title='bbox 587 1624 617 1686; x_wconf 91' lang='lat' dir='ltr'><strong>A</strong></span> <span class='ocrx_word' id='word_1_73' title='bbox 641 1644 704 1708; x_wconf 92' lang='lat' dir='ltr'>quo</span> <span class='ocrx_word' id='word_1_74' title='bbox 728 1622 882 1688; x_wconf 92' lang='lat' dir='ltr'>defensor</span> <span class='ocrx_word' id='word_1_75' title='bbox 904 1625 990 1688; x_wconf 90' lang='lat' dir='ltr'>clero</span> <span class='ocrx_word' id='word_1_76' title='bbox 1014 1622 1201 1689; x_wconf 82' lang='lat' dir='ltr'>decernitur</span> <span class='ocrx_word' id='word_1_77' title='bbox 1222 1623 1319 1702; x_wconf 88' lang='lat' dir='ltr'>omni,</span> 
     </span>
     <span class='ocr_line' id='line_1_13' title="bbox 586 1725 1495 1812; baseline 0.002 -22"><span class='ocrx_word' id='word_1_78' title='bbox 586 1726 631 1790; x_wconf 81' lang='lat' dir='ltr'>Et</span> <span class='ocrx_word' id='word_1_79' title='bbox 653 1727 749 1790; x_wconf 87' lang='lat' dir='ltr'>simul</span> <span class='ocrx_word' id='word_1_80' title='bbox 772 1725 937 1791; x_wconf 83' lang='lat' dir='ltr'>Euborica</span> <span class='ocrx_word' id='word_1_81' title='bbox 959 1727 1145 1812; x_wconf 87' lang='lat' dir='ltr'>praefertur</span> <span class='ocrx_word' id='word_1_82' title='bbox 1166 1726 1200 1790; x_wconf 93' lang='lat' dir='ltr'>in</span> <span class='ocrx_word' id='word_1_83' title='bbox 1223 1726 1305 1790; x_wconf 88' lang='lat' dir='ltr'>urbe</span> <span class='ocrx_word' id='word_1_84' title='bbox 1328 1727 1495 1811; x_wconf 88' lang='lat' dir='ltr'>magister.</span> 
     </span>
     <span class='ocr_line' id='line_1_14' title="bbox 588 1829 1338 1895; baseline -0.001 -3"><span class='ocrx_word' id='word_1_85' title='bbox 588 1829 649 1893; x_wconf 89' lang='lat' dir='ltr'>llle</span> <span class='ocrx_word' id='word_1_86' title='bbox 671 1830 730 1894; x_wconf 92' lang='lat' dir='ltr'>ubi</span> <span class='ocrx_word' id='word_1_87' title='bbox 752 1829 891 1894; x_wconf 85' lang='lat' dir='ltr'>diversis</span> <span class='ocrx_word' id='word_1_88' title='bbox 916 1830 1062 1895; x_wconf 85' lang='lat' dir='ltr'>sitientia</span> <span class='ocrx_word' id='word_1_89' title='bbox 1085 1829 1184 1894; x_wconf 91' lang='lat' dir='ltr'>corda</span> <span class='ocrx_word' id='word_1_90' title='bbox 1207 1829 1338 1892; x_wconf 90' lang='lat' dir='ltr'>fluentis</span> 
     </span>
     <span class='ocr_line' id='line_1_15' title="bbox 558 1931 1403 2015; baseline -0.001 -14"><span class='ocrx_word' id='word_1_91' title='bbox 558 1993 567 2002; x_wconf 87' lang='lat'><em>.</em></span> <span class='ocrx_word' id='word_1_92' title='bbox 586 1933 763 1997; x_wconf 88' lang='lat' dir='ltr'>Doctrinae</span> <span class='ocrx_word' id='word_1_93' title='bbox 789 1939 823 1997; x_wconf 88' lang='lat' dir='ltr'>et</span> <span class='ocrx_word' id='word_1_94' title='bbox 843 1933 933 1996; x_wconf 89' lang='lat' dir='ltr'>vario</span> <span class='ocrx_word' id='word_1_95' title='bbox 958 1931 1139 1997; x_wconf 88' lang='lat' dir='ltr'>studiorum</span> <span class='ocrx_word' id='word_1_96' title='bbox 1162 1953 1236 1996; x_wconf 93' lang='lat' dir='ltr'>rore</span> <span class='ocrx_word' id='word_1_97' title='bbox 1259 1931 1403 2015; x_wconf 81' lang='lat' dir='ltr'>rigabat:</span> 
     </span>
     <span class='ocr_line' id='line_1_16' title="bbox 587 2034 1462 2120; baseline 0.001 -21"><span class='ocrx_word' id='word_1_98' title='bbox 587 2034 649 2100; x_wconf 87' lang='lat' dir='ltr'>His</span> <span class='ocrx_word' id='word_1_99' title='bbox 672 2035 753 2100; x_wconf 90' lang='lat' dir='ltr'>dans</span> <span class='ocrx_word' id='word_1_100' title='bbox 777 2035 1008 2120; x_wconf 85' lang='lat' dir='ltr'>grammaticae</span> <span class='ocrx_word' id='word_1_101' title='bbox 1030 2035 1167 2099; x_wconf 90' lang='lat' dir='ltr'>rationis</span> <span class='ocrx_word' id='word_1_102' title='bbox 1192 2036 1341 2120; x_wconf 82' lang='lat' dir='ltr'>gnaviter</span> <span class='ocrx_word' id='word_1_103' title='bbox 1363 2042 1462 2114; x_wconf 87' lang='lat' dir='ltr'>artes,</span> 
     </span>
     <span class='ocr_line' id='line_1_17' title="bbox 588 2138 1449 2222; baseline 0.002 -20"><span class='ocrx_word' id='word_1_104' title='bbox 588 2138 658 2203; x_wconf 91' lang='lat' dir='ltr'>lllis</span> <span class='ocrx_word' id='word_1_105' title='bbox 681 2139 864 2204; x_wconf 88' lang='lat' dir='ltr'>rhetoricae</span> <span class='ocrx_word' id='word_1_106' title='bbox 887 2139 1061 2204; x_wconf 91' lang='lat' dir='ltr'>infundens</span> <span class='ocrx_word' id='word_1_107' title='bbox 1087 2139 1278 2203; x_wconf 88' lang='lat' dir='ltr'>refluamina</span> <span class='ocrx_word' id='word_1_108' title='bbox 1301 2139 1449 2222; x_wconf 85' lang='lat' dir='ltr'>linguae:</span> 
     </span>
     <span class='ocr_line' id='line_1_18' title="bbox 518 2240 1212 2327; baseline 0.006 -27"><span class='ocrx_word' id='word_1_109' title='bbox 518 2265 529 2300; x_wconf 81' lang='lat' dir='ltr'>s</span> <span class='ocrx_word' id='word_1_110' title='bbox 587 2241 668 2305; x_wconf 94' lang='lat' dir='ltr'>Illos</span> <span class='ocrx_word' id='word_1_111' title='bbox 691 2240 829 2305; x_wconf 89' lang='lat' dir='ltr'>iuridica</span> <span class='ocrx_word' id='word_1_112' title='bbox 852 2243 977 2306; x_wconf 87' lang='lat' dir='ltr'>curavit</span> <span class='ocrx_word' id='word_1_113' title='bbox 1001 2248 1073 2306; x_wconf 89' lang='lat' dir='ltr'>cote</span> <span class='ocrx_word' id='word_1_114' title='bbox 1096 2242 1212 2327; x_wconf 84' lang='lat' dir='ltr'>polire,</span> 
     </span>
    </p>

    <p class='ocr_par' dir='ltr' id='par_1_9' title="bbox 584 2344 1566 4296">
     <span class='ocr_line' id='line_1_19' title="bbox 585 2344 1284 2420; baseline 0.003 -12"><span class='ocrx_word' id='word_1_115' title='bbox 585 2345 666 2408; x_wconf 89' lang='lat' dir='ltr'>Illos</span> <span class='ocrx_word' id='word_1_116' title='bbox 690 2345 797 2409; x_wconf 88' lang='lat' dir='ltr'>Aonio</span> <span class='ocrx_word' id='word_1_117' title='bbox 822 2344 933 2410; x_wconf 90' lang='lat' dir='ltr'>docuit</span> <span class='ocrx_word' id='word_1_118' title='bbox 956 2347 1151 2410; x_wconf 89' lang='lat' dir='ltr'>concinnere</span> <span class='ocrx_word' id='word_1_119' title='bbox 1176 2352 1284 2420; x_wconf 89' lang='lat' dir='ltr'>cantu,</span> 
     </span>
     <span class='ocr_line' id='line_1_20' title="bbox 587 2447 1378 2530; baseline 0.001 -18"><span class='ocrx_word' id='word_1_120' title='bbox 587 2447 756 2512; x_wconf 85' lang='lat' dir='ltr'>Castalida</span> <span class='ocrx_word' id='word_1_121' title='bbox 778 2450 953 2514; x_wconf 88' lang='lat' dir='ltr'>instituens</span> <span class='ocrx_word' id='word_1_122' title='bbox 976 2451 1058 2514; x_wconf 93' lang='lat' dir='ltr'>alios</span> <span class='ocrx_word' id='word_1_123' title='bbox 1082 2471 1237 2514; x_wconf 89' lang='lat' dir='ltr'>resonare</span> <span class='ocrx_word' id='word_1_124' title='bbox 1261 2449 1378 2530; x_wconf 89' lang='lat' dir='ltr'>cicuta,</span> 
     </span>
     <span class='ocr_line' id='line_1_21' title="bbox 584 2550 1432 2640; baseline 0.001 -26"><span class='ocrx_word' id='word_1_125' title='bbox 584 2550 628 2615; x_wconf 86' lang='lat' dir='ltr'>Et</span> <span class='ocrx_word' id='word_1_126' title='bbox 651 2551 728 2636; x_wconf 92' lang='lat' dir='ltr'>iuga</span> <span class='ocrx_word' id='word_1_127' title='bbox 749 2551 905 2616; x_wconf 85' lang='lat' dir='ltr'>Parnassi</span> <span class='ocrx_word' id='word_1_128' title='bbox 928 2553 1039 2637; x_wconf 83' lang='lat' dir='ltr'>lyricis</span> <span class='ocrx_word' id='word_1_129' title='bbox 1062 2573 1255 2640; x_wconf 90' lang='lat' dir='ltr'>percurrere</span> <span class='ocrx_word' id='word_1_130' title='bbox 1278 2553 1432 2638; x_wconf 87' lang='lat' dir='ltr'>plantis¹.</span> 
     </span>
     <span class='ocr_line' id='line_1_22' title="bbox 587 2655 1349 2741; baseline 0.001 -23"><span class='ocrx_word' id='word_1_131' title='bbox 587 2655 651 2720; x_wconf 89' lang='lat' dir='ltr'>Ast</span> <span class='ocrx_word' id='word_1_132' title='bbox 673 2655 755 2719; x_wconf 90' lang='lat' dir='ltr'>alios</span> <span class='ocrx_word' id='word_1_133' title='bbox 778 2655 856 2720; x_wconf 90' lang='lat' dir='ltr'>fecit</span> <span class='ocrx_word' id='word_1_134' title='bbox 879 2657 1046 2741; x_wconf 88' lang='lat' dir='ltr'>praefatus</span> <span class='ocrx_word' id='word_1_135' title='bbox 1068 2678 1167 2721; x_wconf 90' lang='lat' dir='ltr'>nosse</span> <span class='ocrx_word' id='word_1_136' title='bbox 1191 2657 1349 2740; x_wconf 86' lang='lat' dir='ltr'>magister</span> 
     </span>
     <span class='ocr_line' id='line_1_23' title="bbox 588 2758 1407 2846; baseline 0.001 -24"><span class='ocrx_word' id='word_1_137' title='bbox 588 2758 802 2824; x_wconf 86' lang='lat' dir='ltr'>Harmoniam</span> <span class='ocrx_word' id='word_1_138' title='bbox 825 2762 926 2841; x_wconf 90' lang='lat' dir='ltr'>caeli,</span> <span class='ocrx_word' id='word_1_139' title='bbox 956 2762 1033 2826; x_wconf 89' lang='lat' dir='ltr'>solis</span> <span class='ocrx_word' id='word_1_140' title='bbox 1057 2762 1220 2846; x_wconf 89' lang='lat' dir='ltr'>lunaeque</span> <span class='ocrx_word' id='word_1_141' title='bbox 1243 2759 1407 2839; x_wconf 79' lang='lat' dir='ltr'>labores²,</span> 
     </span>
     <span class='ocr_line' id='line_1_24' title="bbox 589 2861 1433 2950; baseline 0.002 -24"><span class='ocrx_word' id='word_1_142' title='bbox 589 2861 739 2948; x_wconf 84' lang='lat' dir='ltr'>Quinque</span> <span class='ocrx_word' id='word_1_143' title='bbox 761 2864 828 2950; x_wconf 92' lang='lat' dir='ltr'>poli</span> <span class='ocrx_word' id='word_1_144' title='bbox 851 2886 966 2948; x_wconf 84' lang='lat' dir='ltr'>zonas,</span> <span class='ocrx_word' id='word_1_145' title='bbox 998 2866 1142 2931; x_wconf 88' lang='lat' dir='ltr'>errantia</span> <span class='ocrx_word' id='word_1_146' title='bbox 1165 2863 1273 2929; x_wconf 90' lang='lat' dir='ltr'>sidera</span> <span class='ocrx_word' id='word_1_147' title='bbox 1296 2869 1433 2950; x_wconf 81' lang='lat' dir='ltr'>septem,</span> 
     </span>
     <span class='ocr_line' id='line_1_25' title="bbox 586 2968 1431 3055; baseline 0.001 -24"><span class='ocrx_word' id='word_1_148' title='bbox 586 2968 758 3032; x_wconf 90' lang='lat' dir='ltr'>Astrorum</span> <span class='ocrx_word' id='word_1_149' title='bbox 782 2970 884 3053; x_wconf 91' lang='lat' dir='ltr'>leges,</span> <span class='ocrx_word' id='word_1_150' title='bbox 909 2976 1001 3034; x_wconf 91' lang='lat' dir='ltr'>ortus</span> <span class='ocrx_word' id='word_1_151' title='bbox 1025 2971 1243 3055; x_wconf 91' lang='lat' dir='ltr'>simulatque</span> <span class='ocrx_word' id='word_1_152' title='bbox 1267 2989 1431 3048; x_wconf 87' lang='lat' dir='ltr'>recessus,</span> 
     </span>
     <span class='ocr_line' id='line_1_26' title="bbox 591 3070 1379 3159; baseline 0.003 -25"><span class='ocrx_word' id='word_1_153' title='bbox 591 3070 710 3135; x_wconf 89' lang='lat' dir='ltr'>Aerios</span> <span class='ocrx_word' id='word_1_154' title='bbox 733 3078 840 3135; x_wconf 88' lang='lat' dir='ltr'>motus</span> <span class='ocrx_word' id='word_1_155' title='bbox 864 3073 975 3159; x_wconf 86' lang='lat' dir='ltr'>pelagi</span> <span class='ocrx_word' id='word_1_156' title='bbox 997 3078 1171 3157; x_wconf 88' lang='lat' dir='ltr'>terraeque</span> <span class='ocrx_word' id='word_1_157' title='bbox 1194 3078 1379 3152; x_wconf 87' lang='lat' dir='ltr'>tremorem,</span> 
     </span>
     <span class='ocr_line' id='line_1_27' title="bbox 587 3173 1566 3261; baseline 0.001 -25"><span class='ocrx_word' id='word_1_158' title='bbox 587 3173 729 3237; x_wconf 82' lang='lat' dir='ltr'>Naturae</span> <span class='ocrx_word' id='word_1_159' title='bbox 751 3174 935 3253; x_wconf 88' lang='lat' dir='ltr'>hominum,</span> <span class='ocrx_word' id='word_1_160' title='bbox 957 3174 1135 3261; x_wconf 88' lang='lat' dir='ltr'>pecudum,</span> <span class='ocrx_word' id='word_1_161' title='bbox 1159 3175 1390 3260; x_wconf 89' lang='lat' dir='ltr'>volucrumque</span> <span class='ocrx_word' id='word_1_162' title='bbox 1414 3174 1566 3256; x_wconf 88' lang='lat' dir='ltr'>ferarum,</span> 
     </span>
     <span class='ocr_line' id='line_1_28' title="bbox 587 3276 1430 3364; baseline 0.002 -24"><span class='ocrx_word' id='word_1_163' title='bbox 587 3276 745 3342; x_wconf 81' lang='lat' dir='ltr'>Diversae</span> <span class='ocrx_word' id='word_1_164' title='bbox 768 3279 895 3343; x_wconf 90' lang='lat' dir='ltr'>numeri</span> <span class='ocrx_word' id='word_1_165' title='bbox 919 3279 1047 3364; x_wconf 83' lang='lat' dir='ltr'>species</span> <span class='ocrx_word' id='word_1_166' title='bbox 1071 3279 1243 3363; x_wconf 88' lang='lat' dir='ltr'>variasque</span> <span class='ocrx_word' id='word_1_167' title='bbox 1268 3279 1399 3363; x_wconf 86' lang='lat' dir='ltr'>figuras,</span> <span class='ocrx_word' id='word_1_168' title='bbox 1425 3293 1430 3300; x_wconf 85' lang='grc'><em>·</em></span> 
     </span>
     <span class='ocr_line' id='line_1_29' title="bbox 586 3380 1391 3467; baseline 0.001 -23"><span class='ocrx_word' id='word_1_169' title='bbox 586 3380 804 3467; x_wconf 89' lang='lat' dir='ltr'>Paschalique</span> <span class='ocrx_word' id='word_1_170' title='bbox 825 3380 917 3446; x_wconf 89' lang='lat' dir='ltr'>dedit</span> <span class='ocrx_word' id='word_1_171' title='bbox 939 3382 1112 3447; x_wconf 89' lang='lat' dir='ltr'>sollemnia</span> <span class='ocrx_word' id='word_1_172' title='bbox 1134 3387 1225 3446; x_wconf 86' lang='lat' dir='ltr'>certa</span> <span class='ocrx_word' id='word_1_173' title='bbox 1247 3403 1391 3460; x_wconf 90' lang='lat' dir='ltr'>recursu,</span> 
     </span>
     <span class='ocr_line' id='line_1_30' title="bbox 588 3483 1433 3571; baseline 0.001 -23"><span class='ocrx_word' id='word_1_174' title='bbox 588 3483 731 3549; x_wconf 85' lang='lat' dir='ltr'>Maxime</span> <span class='ocrx_word' id='word_1_175' title='bbox 757 3485 937 3571; x_wconf 85' lang='lat' dir='ltr'>scripturae</span> <span class='ocrx_word' id='word_1_176' title='bbox 959 3484 1108 3571; x_wconf 92' lang='lat' dir='ltr'>pandens</span> <span class='ocrx_word' id='word_1_177' title='bbox 1131 3485 1289 3570; x_wconf 83' lang='lat' dir='ltr'>mysteria</span> <span class='ocrx_word' id='word_1_178' title='bbox 1311 3505 1433 3566; x_wconf 89' lang='lat' dir='ltr'>sacrae,</span> 
     </span>
     <span class='ocr_line' id='line_1_31' title="bbox 587 3586 1457 3675; baseline 0 -25"><span class='ocrx_word' id='word_1_179' title='bbox 587 3586 671 3651; x_wconf 87' lang='lat' dir='ltr'>Nam</span> <span class='ocrx_word' id='word_1_180' title='bbox 694 3586 783 3652; x_wconf 89' lang='lat' dir='ltr'>rudis</span> <span class='ocrx_word' id='word_1_181' title='bbox 807 3595 840 3651; x_wconf 90' lang='lat' dir='ltr'>ct</span> <span class='ocrx_word' id='word_1_182' title='bbox 862 3589 984 3652; x_wconf 80' lang='lat' dir='ltr'>veteris</span> <span class='ocrx_word' id='word_1_183' title='bbox 1007 3589 1091 3673; x_wconf 87' lang='lat' dir='ltr'>legis</span> <span class='ocrx_word' id='word_1_184' title='bbox 1115 3588 1271 3675; x_wconf 86' lang='lat' dir='ltr'>patefecit</span> <span class='ocrx_word' id='word_1_185' title='bbox 1293 3587 1457 3672; x_wconf 84' lang='lat' dir='ltr'>abyssum.</span> 
     </span>
     <span class='ocr_line' id='line_1_32' title="bbox 586 3689 1456 3776; baseline 0 -23"><span class='ocrx_word' id='word_1_186' title='bbox 586 3689 710 3754; x_wconf 89' lang='lat' dir='ltr'>Indolis</span> <span class='ocrx_word' id='word_1_187' title='bbox 733 3691 886 3775; x_wconf 87' lang='lat' dir='ltr'>egregiae</span> <span class='ocrx_word' id='word_1_188' title='bbox 909 3691 1045 3757; x_wconf 84' lang='lat' dir='ltr'>iuvenes</span> <span class='ocrx_word' id='word_1_189' title='bbox 1069 3711 1291 3776; x_wconf 85' lang='lat' dir='ltr'>quoscumque</span> <span class='ocrx_word' id='word_1_190' title='bbox 1313 3689 1456 3771; x_wconf 84' lang='lat' dir='ltr'>videbat,</span> 
     </span>
     <span class='ocr_line' id='line_1_33' title="bbox 587 3792 1453 3876; baseline 0.001 -19"><span class='ocrx_word' id='word_1_191' title='bbox 587 3792 659 3857; x_wconf 91' lang='lat' dir='ltr'>Hos</span> <span class='ocrx_word' id='word_1_192' title='bbox 683 3793 746 3858; x_wconf 91' lang='lat' dir='ltr'>sibi</span> <span class='ocrx_word' id='word_1_193' title='bbox 769 3795 951 3875; x_wconf 82' lang='lat' dir='ltr'>coniunxit,</span> <span class='ocrx_word' id='word_1_194' title='bbox 981 3794 1107 3876; x_wconf 91' lang='lat' dir='ltr'>docuit,</span> <span class='ocrx_word' id='word_1_195' title='bbox 1137 3795 1289 3876; x_wconf 82' lang='lat' dir='ltr'>nutrivit,</span> <span class='ocrx_word' id='word_1_196' title='bbox 1318 3795 1453 3866; x_wconf 77' lang='lat' dir='ltr'>amavit:</span> 
     </span>
     <span class='ocr_line' id='line_1_34' title="bbox 587 3896 1449 3984; baseline 0.002 -23"><span class='ocrx_word' id='word_1_197' title='bbox 587 3896 794 3983; x_wconf 87' lang='lat' dir='ltr'>Quapropter</span> <span class='ocrx_word' id='word_1_198' title='bbox 816 3898 926 3984; x_wconf 89' lang='lat' dir='ltr'>plures</span> <span class='ocrx_word' id='word_1_199' title='bbox 949 3920 1009 3984; x_wconf 92' lang='lat' dir='ltr'>per</span> <span class='ocrx_word' id='word_1_200' title='bbox 1031 3919 1125 3964; x_wconf 87' lang='lat' dir='ltr'>saera</span> <span class='ocrx_word' id='word_1_201' title='bbox 1147 3899 1313 3964; x_wconf 80' lang='lat' dir='ltr'>volumina</span> <span class='ocrx_word' id='word_1_202' title='bbox 1335 3898 1449 3963; x_wconf 88' lang='lat' dir='ltr'>doctor</span> 
     </span>
     <span class='ocr_line' id='line_1_35' title="bbox 587 4000 1410 4086; baseline 0.007 -22"><span class='ocrx_word' id='word_1_203' title='bbox 587 4000 775 4086; x_wconf 91' lang='lat' dir='ltr'>Discipulos</span> <span class='ocrx_word' id='word_1_204' title='bbox 803 4001 935 4082; x_wconf 91' lang='lat' dir='ltr'>habuit,</span> <span class='ocrx_word' id='word_1_205' title='bbox 965 4001 1103 4068; x_wconf 84' lang='lat' dir='ltr'>diversis</span> <span class='ocrx_word' id='word_1_206' title='bbox 1132 4003 1258 4067; x_wconf 89' lang='lat' dir='ltr'>artibus</span> <span class='ocrx_word' id='word_1_207' title='bbox 1288 4008 1410 4070; x_wconf 86' lang='lat' dir='ltr'>auctos.</span> 
     </span>
     <span class='ocr_line' id='line_1_36' title="bbox 587 4104 1462 4192; baseline 0.003 -25"><span class='ocrx_word' id='word_1_208' title='bbox 587 4104 660 4168; x_wconf 89' lang='lat' dir='ltr'>Non</span> <span class='ocrx_word' id='word_1_209' title='bbox 689 4105 793 4169; x_wconf 92' lang='lat' dir='ltr'>semel</span> <span class='ocrx_word' id='word_1_210' title='bbox 820 4111 974 4170; x_wconf 82' lang='lat' dir='ltr'>externas</span> <span class='ocrx_word' id='word_1_211' title='bbox 1001 4106 1176 4192; x_wconf 88' lang='lat' dir='ltr'>peregrino</span> <span class='ocrx_word' id='word_1_212' title='bbox 1204 4105 1334 4170; x_wconf 90' lang='lat' dir='ltr'>tramite</span> <span class='ocrx_word' id='word_1_213' title='bbox 1357 4111 1462 4170; x_wconf 88' lang='lat' dir='ltr'>terras</span> 
     </span>
     <span class='ocr_line' id='line_1_37' title="bbox 586 4207 1490 4296; baseline 0.001 -25"><span class='ocrx_word' id='word_1_214' title='bbox 586 4207 657 4271; x_wconf 89' lang='lat' dir='ltr'>Iam</span> <span class='ocrx_word' id='word_1_215' title='bbox 678 4209 867 4293; x_wconf 80' lang='lat' dir='ltr'>peragravit</span> <span class='ocrx_word' id='word_1_216' title='bbox 890 4229 999 4287; x_wconf 89' lang='lat' dir='ltr'>ovans,</span> <span class='ocrx_word' id='word_1_217' title='bbox 1023 4210 1158 4296; x_wconf 89' lang='lat' dir='ltr'>sophiae</span> <span class='ocrx_word' id='word_1_218' title='bbox 1181 4208 1340 4274; x_wconf 89' lang='lat' dir='ltr'>deductus</span> <span class='ocrx_word' id='word_1_219' title='bbox 1363 4229 1490 4274; x_wconf 90' lang='lat' dir='ltr'>amore:</span> 
     </span>
    </p>

    <p class='ocr_par' dir='ltr' id='par_1_10' title="bbox 481 4309 1505 4603">
     <span class='ocr_line' id='line_1_38' title="bbox 481 4309 1407 4394; baseline 0.009 -25"><span class='ocrx_word' id='word_1_220' title='bbox 481 4333 530 4370; x_wconf 75' lang='lat' dir='ltr'>nos</span> <span class='ocrx_word' id='word_1_221' title='bbox 589 4309 625 4374; x_wconf 82' lang='lat' dir='ltr'>si</span> <span class='ocrx_word' id='word_1_222' title='bbox 647 4309 724 4394; x_wconf 90' lang='lat' dir='ltr'>quid</span> <span class='ocrx_word' id='word_1_223' title='bbox 746 4311 830 4376; x_wconf 88' lang='lat' dir='ltr'>forte</span> <span class='ocrx_word' id='word_1_224' title='bbox 853 4313 930 4376; x_wconf 83' lang='lat' dir='ltr'>nori</span> <span class='ocrx_word' id='word_1_225' title='bbox 952 4313 1111 4379; x_wconf 90' lang='lat' dir='ltr'>librorum</span> <span class='ocrx_word' id='word_1_226' title='bbox 1134 4335 1193 4377; x_wconf 90' lang='lat' dir='ltr'>seu</span> <span class='ocrx_word' id='word_1_227' title='bbox 1217 4312 1407 4394; x_wconf 89' lang='lat' dir='ltr'>studiorum,</span> 
     </span>
     <span class='ocr_line' id='line_1_39' title="bbox 587 4412 1409 4502; baseline 0.002 -24"><span class='ocrx_word' id='word_1_228' title='bbox 587 4412 682 4487; x_wconf 82' lang='lat' dir='ltr'>Quod</span> <span class='ocrx_word' id='word_1_229' title='bbox 705 4435 817 4479; x_wconf 90' lang='lat' dir='ltr'>secum</span> <span class='ocrx_word' id='word_1_230' title='bbox 840 4414 952 4497; x_wconf 90' lang='lat' dir='ltr'>ferret,</span> <span class='ocrx_word' id='word_1_231' title='bbox 974 4416 1070 4481; x_wconf 91' lang='lat' dir='ltr'>terris</span> <span class='ocrx_word' id='word_1_232' title='bbox 1094 4417 1255 4502; x_wconf 89' lang='lat' dir='ltr'>reperiret</span> <span class='ocrx_word' id='word_1_233' title='bbox 1277 4416 1311 4480; x_wconf 91' lang='lat' dir='ltr'>in</span> <span class='ocrx_word' id='word_1_234' title='bbox 1333 4416 1409 4480; x_wconf 89' lang='lat' dir='ltr'>illis.</span> 
     </span>
     <span class='ocr_line' id='line_1_40' title="bbox 586 4515 1505 4603; baseline 0.002 -22"><span class='ocrx_word' id='word_1_235' title='bbox 586 4515 651 4582; x_wconf 93' lang='lat' dir='ltr'>Hic</span> <span class='ocrx_word' id='word_1_236' title='bbox 674 4538 803 4603; x_wconf 90' lang='lat' dir='ltr'>quoque</span> <span class='ocrx_word' id='word_1_237' title='bbox 826 4517 1021 4584; x_wconf 89' lang='lat' dir='ltr'>Romuleam</span> <span class='ocrx_word' id='word_1_238' title='bbox 1044 4520 1136 4585; x_wconf 81' lang='lat' dir='ltr'>venit</span> <span class='ocrx_word' id='word_1_239' title='bbox 1157 4519 1294 4585; x_wconf 77' lang='lat' dir='ltr'>devotus</span> <span class='ocrx_word' id='word_1_240' title='bbox 1317 4518 1357 4585; x_wconf 91' lang='lat' dir='ltr'>ad</span> <span class='ocrx_word' id='word_1_241' title='bbox 1380 4520 1505 4600; x_wconf 89' lang='lat' dir='ltr'>urbem,</span> 
     </span>
    </p>
   </div>
   <div class='ocr_carea' id='block_1_3' title="bbox 223 4807 1877 4964">
    <p class='ocr_par' dir='ltr' id='par_1_11' title="bbox 223 4807 1877 4964">
     <span class='ocr_line' id='line_1_41' title="bbox 330 4807 1877 4877; baseline 0.003 -18"><span class='ocrx_word' id='word_1_242' title='bbox 330 4807 398 4860; x_wconf 80' lang='lat'>1423</span> <span class='ocrx_word' id='word_1_243' title='bbox 416 4812 493 4862; x_wconf 80' lang='lat' dir='ltr'>foelix</span> <span class='ocrx_word' id='word_1_244' title='bbox 509 4811 574 4862; x_wconf 80' lang='lat' dir='ltr'>Gale</span> <span class='ocrx_word' id='word_1_245' title='bbox 679 4808 747 4862; x_wconf 81' lang='lat'>1433</span> <span class='ocrx_word' id='word_1_246' title='bbox 764 4813 876 4877; x_wconf 82' lang='lat' dir='ltr'>graviter</span> <span class='ocrx_word' id='word_1_247' title='bbox 888 4812 960 4863; x_wconf 73' lang='lat' dir='ltr'>aaa</span> <span class='ocrx_word' id='word_1_248' title='bbox 1065 4809 1134 4864; x_wconf 83' lang='grc'><strong>1435</strong></span> <span class='ocrx_word' id='word_1_249' title='bbox 1151 4813 1262 4864; x_wconf 79' lang='lat' dir='ltr'>veridica</span> <span class='ocrx_word' id='word_1_250' title='bbox 1280 4811 1351 4864; x_wconf 77' lang='lat' dir='ltr'>Mal.</span> <span class='ocrx_word' id='word_1_251' title='bbox 1369 4819 1421 4864; x_wconf 83' lang='lat' dir='ltr'>tote</span> <span class='ocrx_word' id='word_1_252' title='bbox 1436 4811 1501 4863; x_wconf 82' lang='lat' dir='ltr'>Gale</span> <span class='ocrx_word' id='word_1_253' title='bbox 1604 4807 1673 4862; x_wconf 88' lang='grc'><strong>1448</strong></span> <span class='ocrx_word' id='word_1_254' title='bbox 1690 4809 1741 4862; x_wconf 75' lang='lat' dir='ltr'>Ha</span> <span class='ocrx_word' id='word_1_255' title='bbox 1758 4811 1877 4863; x_wconf 77' lang='grc'><strong>0000101000</strong></span> 
     </span>
     <span class='ocr_line' id='line_1_42' title="bbox 223 4893 866 4964; baseline 0.003 -18"><span class='ocrx_word' id='word_1_256' title='bbox 223 4897 303 4947; x_wconf 78' lang='lat' dir='ltr'>inesse</span> <span class='ocrx_word' id='word_1_257' title='bbox 321 4896 419 4947; x_wconf 69' lang='grc'><strong>01010100</strong></span> <span class='ocrx_word' id='word_1_258' title='bbox 443 4896 515 4947; x_wconf 78' lang='lat' dir='ltr'>Waa.</span> <span class='ocrx_word' id='word_1_259' title='bbox 620 4893 688 4948; x_wconf 77' lang='lat'>1452</span> <span class='ocrx_word' id='word_1_260' title='bbox 706 4905 778 4964; x_wconf 83' lang='lat' dir='ltr'>aptos</span> <span class='ocrx_word' id='word_1_261' title='bbox 796 4897 866 4949; x_wconf 76' lang='lat' dir='ltr'>Mat.</span> 
     </span>
    </p>
   </div>
   <div class='ocr_carea' id='block_1_4' title="bbox 327 5063 1877 5136">
    <p class='ocr_par' dir='ltr' id='par_1_12' title="bbox 327 5063 1877 5136">
     <span class='ocr_line' id='line_1_43' title="bbox 327 5063 1877 5136; baseline 0.004 -20"><span class='ocrx_word' id='word_1_262' title='bbox 327 5065 354 5130; x_wconf 85' lang='lat'>1)</span> <span class='ocrx_word' id='word_1_263' title='bbox 376 5063 458 5118; x_wconf 80' lang='lat' dir='ltr'>Lutto</span> <span class='ocrx_word' id='word_1_264' title='bbox 481 5065 610 5134; x_wconf 81' lang='lat' dir='ltr'>episcopo</span> <span class='ocrx_word' id='word_1_265' title='bbox 629 5065 796 5135; x_wconf 74' lang='lat' dir='ltr'>Mcpmaino</span> <span class='ocrx_word' id='word_1_266' title='bbox 815 5065 991 5130; x_wconf 70' lang='grc'><strong>1011001100,</strong></span> <span class='ocrx_word' id='word_1_267' title='bbox 1012 5067 1061 5136; x_wconf 81' lang='lat' dir='ltr'>qut</span> <span class='ocrx_word' id='word_1_268' title='bbox 1084 5068 1167 5122; x_wconf 80' lang='lat' dir='ltr'>ctiam</span> <span class='ocrx_word' id='word_1_269' title='bbox 1185 5067 1301 5121; x_wconf 87' lang='lat' dir='ltr'>Koacna</span> <span class='ocrx_word' id='word_1_270' title='bbox 1325 5065 1487 5130; x_wconf 74' lang='lat' dir='ltr'>vocabatur,</span> <span class='ocrx_word' id='word_1_271' title='bbox 1513 5065 1564 5120; x_wconf 81' lang='lat' dir='ltr'>hos</span> <span class='ocrx_word' id='word_1_272' title='bbox 1587 5064 1774 5122; x_wconf 72' lang='grc'><strong>0101100000</strong></span> <span class='ocrx_word' id='word_1_273' title='bbox 1793 5067 1877 5136; x_wconf 82' lang='lat' dir='ltr'>(Iaffa‘</span> 
     </span>
    </p>
   </div>
   <div class='ocr_carea' id='block_1_5' title="bbox 224 5165 1464 5670">
    <p class='ocr_par' dir='ltr' id='par_1_13' title="bbox 224 5165 1464 5670">
     <span class='ocr_line' id='line_1_44' title="bbox 224 5165 1403 5236; baseline 0 -16"><span class='ocrx_word' id='word_1_274' title='bbox 224 5167 301 5221; x_wconf 81' lang='lat' dir='ltr'>Mon.</span> <span class='ocrx_word' id='word_1_275' title='bbox 321 5166 449 5236; x_wconf 72' lang='grc'><strong>1109001.</strong></span> <span class='ocrx_word' id='word_1_276' title='bbox 463 5185 493 5236; x_wconf 85' lang='lat' dir='ltr'>p.</span> <span class='ocrx_word' id='word_1_277' title='bbox 510 5169 587 5236; x_wconf 59' lang='lat' dir='ltr'>aaa:</span> <span class='ocrx_word' id='word_1_278' title='bbox 737 5168 808 5223; x_wconf 85' lang='lat' dir='ltr'>Vive</span> <span class='ocrx_word' id='word_1_279' title='bbox 825 5169 877 5223; x_wconf 93' lang='lat' dir='ltr'>deo</span> <span class='ocrx_word' id='word_1_280' title='bbox 895 5167 962 5222; x_wconf 87' lang='lat' dir='ltr'>felix</span> <span class='ocrx_word' id='word_1_281' title='bbox 981 5168 1084 5224; x_wconf 84' lang='lat' dir='ltr'>Christi</span> <span class='ocrx_word' id='word_1_282' title='bbox 1102 5170 1228 5223; x_wconf 86' lang='lat' dir='ltr'>lauratne</span> <span class='ocrx_word' id='word_1_283' title='bbox 1247 5165 1403 5236; x_wconf 89' lang='lat' dir='ltr'>triumphis,</span> 
     </span>
     <span class='ocr_line' id='line_1_45' title="bbox 740 5252 1417 5324; baseline -0.001 -16"><span class='ocrx_word' id='word_1_284' title='bbox 740 5255 808 5309; x_wconf 86' lang='lat' dir='ltr'>Vita</span> <span class='ocrx_word' id='word_1_285' title='bbox 826 5255 882 5308; x_wconf 91' lang='lat' dir='ltr'>tuis</span> <span class='ocrx_word' id='word_1_286' title='bbox 901 5255 990 5310; x_wconf 88' lang='lat' dir='ltr'>saeclo</span> <span class='ocrx_word' id='word_1_287' title='bbox 1009 5255 1156 5324; x_wconf 84' lang='lat' dir='ltr'>specimen,</span> <span class='ocrx_word' id='word_1_288' title='bbox 1175 5252 1314 5320; x_wconf 70' lang='lat' dir='ltr'>carissimo</span> <span class='ocrx_word' id='word_1_289' title='bbox 1333 5254 1417 5316; x_wconf 83' lang='lat' dir='ltr'>caclo,</span> 
     </span>
     <span class='ocr_line' id='line_1_46' title="bbox 739 5340 1350 5411; baseline -0.003 -17"><span class='ocrx_word' id='word_1_290' title='bbox 739 5340 867 5394; x_wconf 88' lang='lat' dir='ltr'>Iustitiae</span> <span class='ocrx_word' id='word_1_291' title='bbox 886 5342 984 5404; x_wconf 90' lang='lat' dir='ltr'>cultor,</span> <span class='ocrx_word' id='word_1_292' title='bbox 1002 5358 1082 5396; x_wconf 86' lang='lat' dir='ltr'>verus</span> <span class='ocrx_word' id='word_1_293' title='bbox 1100 5340 1215 5411; x_wconf 85' lang='lat' dir='ltr'>pietatis</span> <span class='ocrx_word' id='word_1_294' title='bbox 1234 5343 1350 5402; x_wconf 87' lang='lat' dir='ltr'>amator,</span> 
     </span>
     <span class='ocr_line' id='line_1_47' title="bbox 738 5427 1434 5499; baseline -0.001 -17"><span class='ocrx_word' id='word_1_295' title='bbox 738 5429 893 5483; x_wconf 87' lang='lat' dir='ltr'>Defendens</span> <span class='ocrx_word' id='word_1_296' title='bbox 912 5428 993 5499; x_wconf 79' lang='lat' dir='ltr'>vigili</span> <span class='ocrx_word' id='word_1_297' title='bbox 1012 5431 1122 5483; x_wconf 80' lang='grc'><strong>0000100</strong></span> <span class='ocrx_word' id='word_1_298' title='bbox 1140 5427 1278 5483; x_wconf 85' lang='lat' dir='ltr'>tutamine</span> <span class='ocrx_word' id='word_1_299' title='bbox 1296 5427 1434 5490; x_wconf 84' lang='lat' dir='ltr'>mandros,</span> 
     </span>
     <span class='ocr_line' id='line_1_48' title="bbox 675 5511 1464 5585; baseline -0.001 -18"><span class='ocrx_word' id='word_1_300' title='bbox 675 5519 687 5554; x_wconf 68' lang='grc' dir='ltr'>δ</span> <span class='ocrx_word' id='word_1_301' title='bbox 740 5515 846 5568; x_wconf 88' lang='lat' dir='ltr'>Pascua</span> <span class='ocrx_word' id='word_1_302' title='bbox 863 5515 1018 5585; x_wconf 74' lang='lat' dir='ltr'>floritgleris</span> <span class='ocrx_word' id='word_1_303' title='bbox 1036 5515 1160 5584; x_wconf 87' lang='lat' dir='ltr'>pandens</span> <span class='ocrx_word' id='word_1_304' title='bbox 1178 5511 1339 5583; x_wconf 84' lang='lat' dir='ltr'>praedulcia</span> <span class='ocrx_word' id='word_1_305' title='bbox 1351 5513 1464 5583; x_wconf 88' lang='lat' dir='ltr'>eampis,</span> 
     </span>
     <span class='ocr_line' id='line_1_49' title="bbox 739 5599 1426 5670; baseline -0.001 -17"><span class='ocrx_word' id='word_1_306' title='bbox 739 5599 833 5655; x_wconf 89' lang='lat' dir='ltr'>Iudice</span> <span class='ocrx_word' id='word_1_307' title='bbox 851 5603 982 5655; x_wconf 86' lang='lat' dir='ltr'>centenos</span> <span class='ocrx_word' id='word_1_308' title='bbox 1000 5603 1115 5670; x_wconf 89' lang='lat' dir='ltr'>portans</span> <span class='ocrx_word' id='word_1_309' title='bbox 1132 5599 1262 5655; x_wconf 81' lang='lat' dir='ltr'>veniente</span> <span class='ocrx_word' id='word_1_310' title='bbox 1279 5599 1426 5668; x_wconf 88' lang='lat' dir='ltr'>maniplos.</span> 
     </span>
    </p>
   </div>
   <div class='ocr_carea' id='block_1_6' title="bbox 223 5700 890 5853">
    <p class='ocr_par' dir='ltr' id='par_1_14' title="bbox 223 5700 890 5853">
     <span class='ocr_line' id='line_1_50' title="bbox 223 5700 890 5772; baseline 0.006 -18"><span class='ocrx_word' id='word_1_311' title='bbox 223 5701 251 5768; x_wconf 84' lang='grc'>2)</span> <span class='ocrx_word' id='word_1_312' title='bbox 276 5700 389 5770; x_wconf 62' lang='lat' dir='ltr'>Vergilii</span> <span class='ocrx_word' id='word_1_313' title='bbox 408 5703 474 5755; x_wconf 77' lang='lat' dir='ltr'>Aea.</span> <span class='ocrx_word' id='word_1_314' title='bbox 492 5703 518 5772; x_wconf 88' lang='lat'>1,</span> <span class='ocrx_word' id='word_1_315' title='bbox 536 5702 588 5757; x_wconf 77' lang='lat'>‘142</span> <span class='ocrx_word' id='word_1_316' title='bbox 604 5703 758 5771; x_wconf 80' lang='lat' dir='ltr'>respexisse</span> <span class='ocrx_word' id='word_1_317' title='bbox 775 5703 890 5759; x_wconf 77' lang='grc'><strong>0100100.</strong></span> 
     </span>
     <span class='ocr_line' id='line_1_51' title="bbox 292 5800 731 5853; baseline 0 -1"><span class='ocrx_word' id='word_1_318' title='bbox 292 5800 395 5852; x_wconf 73' lang='lat' dir='ltr'>Poene</span> <span class='ocrx_word' id='word_1_319' title='bbox 407 5813 491 5852; x_wconf 80' lang='lat' dir='ltr'>narrar</span> <span class='ocrx_word' id='word_1_320' title='bbox 502 5813 560 5852; x_wconf 76' lang='lat' dir='ltr'>sevi</span> <span class='ocrx_word' id='word_1_321' title='bbox 574 5801 700 5853; x_wconf 81' lang='lat' dir='ltr'>Csaouru</span> <span class='ocrx_word' id='word_1_322' title='bbox 712 5803 731 5852; x_wconf 83' lang='lat' dir='ltr'>l</span> 
     </span>
    </p>
   </div>
   <div class='ocr_carea' id='block_1_7' title="bbox 0 0 2352 6426">
    <p class='ocr_par' dir='ltr' id='par_1_15' title="bbox 0 0 2352 6426">
     <span class='ocr_line' id='line_1_52' title="bbox 0 0 2352 6426; baseline 0 0"><span class='ocrx_word' id='word_1_323' title='bbox 0 0 2352 6426; x_wconf 95' lang='lat' dir='ltr'> </span> 
     </span>
    </p>
   </div>
  </div>
 </body>
</html>
