<?xml version="1.0" encoding="UTF-8"?>
<!DOCTYPE html PUBLIC "-//W3C//DTD XHTML 1.0 Transitional//EN"
    "http://www.w3.org/TR/xhtml1/DTD/xhtml1-transitional.dtd">
<html xmlns="http://www.w3.org/1999/xhtml" xml:lang="en" lang="en">
 <head>
  <title>
</title>
<meta http-equiv="Content-Type" content="text/html;charset=utf-8" />
  <meta name='ocr-system' content='tesseract 3.04.00' />
  <meta name='ocr-capabilities' content='ocr_page ocr_carea ocr_par ocr_line ocrx_word'/>
</head>
<body>
  <div class='ocr_page' id='page_1' title='image "./monumentagerman01unkngoog/monumentagerman01unkngoog_0597.png"; bbox 0 0 4546 6406; ppageno 0'>
   <div class='ocr_carea' id='block_1_1' title="bbox 153 3303 159 3348">
    <p class='ocr_par' dir='ltr' id='par_1_1' title="bbox 153 3303 159 3348">
     <span class='ocr_line' id='line_1_1' title="bbox 153 3303 159 3348; baseline 0 0"><span class='ocrx_word' id='word_1_1' title='bbox 153 3303 159 3348; x_wconf 89' lang='lat' dir='ltr'><strong><em>t</em></strong></span> 
     </span>
    </p>
   </div>
   <div class='ocr_carea' id='block_1_2' title="bbox 544 1473 1892 1640">
    <p class='ocr_par' dir='ltr' id='par_1_2' title="bbox 544 1473 1892 1640">
     <span class='ocr_line' id='line_1_2' title="bbox 544 1473 1892 1640; baseline 0.001 -11"><span class='ocrx_word' id='word_1_2' title='bbox 544 1474 1305 1635; x_wconf 85' lang='lat' dir='ltr'><em>AEDILVULFI</em></span> <span class='ocrx_word' id='word_1_3' title='bbox 1360 1473 1892 1640; x_wconf 82' lang='lat' dir='ltr'><strong>CARMEN.</strong></span> 
     </span>
    </p>
   </div>
   <div class='ocr_carea' id='block_1_3' title="bbox 382 1880 2074 4656">
    <p class='ocr_par' dir='ltr' id='par_1_3' title="bbox 382 1880 2074 3528">
     <span class='ocr_line' id='line_1_3' title="bbox 493 1880 2071 1992; baseline 0.004 -21"><span class='ocrx_word' id='word_1_4' title='bbox 493 1880 728 1989; x_wconf 79' lang='lat' dir='ltr'><strong><em>Aediloulfus,</em></strong></span> <span class='ocrx_word' id='word_1_5' title='bbox 757 1903 927 1968; x_wconf 73' lang='lat' dir='ltr'><strong><em>muamus</em></strong></span> <span class='ocrx_word' id='word_1_6' title='bbox 948 1904 1117 1986; x_wconf 69' lang='lat' dir='ltr'><strong><em>Aeolicus,</em></strong></span> <span class='ocrx_word' id='word_1_7' title='bbox 1148 1903 1204 1986; x_wconf 86' lang='lat' dir='ltr'><strong><em>qui</em></strong></span> <span class='ocrx_word' id='word_1_8' title='bbox 1230 1905 1296 1984; x_wconf 86' lang='lat' dir='ltr'><strong><em>ipse</em></strong></span> <span class='ocrx_word' id='word_1_9' title='bbox 1322 1925 1433 1970; x_wconf 76' lang='lat' dir='ltr'><strong><em>amieo</em></strong></span> <span class='ocrx_word' id='word_1_10' title='bbox 1454 1924 1546 1968; x_wconf 88' lang='lat' dir='ltr'><strong><em>suum</em></strong></span> <span class='ocrx_word' id='word_1_11' title='bbox 1570 1905 1659 1972; x_wconf 84' lang='lat' dir='ltr'><strong><em>Glari</em></strong></span> <span class='ocrx_word' id='word_1_12' title='bbox 1679 1905 1765 1988; x_wconf 82' lang='lat' dir='ltr'><strong><em>Impi</em></strong></span> <span class='ocrx_word' id='word_1_13' title='bbox 1786 1911 1890 1991; x_wconf 78' lang='lat' dir='ltr'><strong><em>etynco</em></strong></span> <span class='ocrx_word' id='word_1_14' title='bbox 1913 1915 2071 1992; x_wconf 71' lang='lat' dir='ltr'><strong><em>soponit,</em></strong></span> 
     </span>
     <span class='ocr_line' id='line_1_4' title="bbox 387 2006 2072 2093; baseline 0.003 -20"><span class='ocrx_word' id='word_1_15' title='bbox 387 2007 553 2090; x_wconf 74' lang='lat' dir='ltr'><strong><em>Eepberto,</em></strong></span> <span class='ocrx_word' id='word_1_16' title='bbox 581 2006 851 2092; x_wconf 83' lang='lat' dir='ltr'><strong><em>Liudisfumeusi</em></strong></span> <span class='ocrx_word' id='word_1_17' title='bbox 881 2007 1021 2086; x_wconf 71' lang='lat' dir='ltr'><strong><em>episcopo</em></strong></span> <span class='ocrx_word' id='word_1_18' title='bbox 1050 2007 1278 2091; x_wconf 77' lang='lat' dir='ltr'><strong><em>(see-821),</em></strong></span> <span class='ocrx_word' id='word_1_19' title='bbox 1307 2028 1431 2072; x_wconf 75' lang='lat' dir='ltr'><strong><em>camum</em></strong></span> <span class='ocrx_word' id='word_1_20' title='bbox 1458 2009 1597 2072; x_wconf 85' lang='lat' dir='ltr'><strong><em>uersibus</em></strong></span> <span class='ocrx_word' id='word_1_21' title='bbox 1625 2009 1756 2074; x_wconf 75' lang='lat' dir='ltr'><strong><em>hmoicis</em></strong></span> <span class='ocrx_word' id='word_1_22' title='bbox 1777 2015 1991 2093; x_wconf 76' lang='lat' dir='ltr'><strong><em>conpositum</em></strong></span> <span class='ocrx_word' id='word_1_23' title='bbox 2027 2015 2072 2078; x_wconf 85' lang='lat' dir='ltr'><strong><em>dc</em></strong></span> 
     </span>
     <span class='ocr_line' id='line_1_5' title="bbox 388 2108 2074 2198; baseline 0.006 -24"><span class='ocrx_word' id='word_1_24' title='bbox 388 2110 577 2174; x_wconf 82' lang='lat' dir='ltr'><strong><em>monasterio</em></strong></span> <span class='ocrx_word' id='word_1_25' title='bbox 607 2110 731 2174; x_wconf 80' lang='lat' dir='ltr'><strong><em>suemdo</em></strong></span> <span class='ocrx_word' id='word_1_26' title='bbox 766 2108 867 2176; x_wconf 86' lang='lat' dir='ltr'><em>VIII.</em></span> <span class='ocrx_word' id='word_1_27' title='bbox 895 2110 1021 2173; x_wconf 84' lang='lat' dir='ltr'><strong><em>iaeuute</em></strong></span> <span class='ocrx_word' id='word_1_28' title='bbox 1052 2110 1093 2174; x_wconf 89' lang='lat' dir='ltr'><strong><em>ub</em></strong></span> <span class='ocrx_word' id='word_1_29' title='bbox 1118 2109 1310 2174; x_wconf 56' lang='lat' dir='ltr'><strong><em>&amp;rutundo</em></strong></span> <span class='ocrx_word' id='word_1_30' title='bbox 1337 2111 1411 2174; x_wconf 86' lang='lat' dir='ltr'><strong><em>duee</em></strong></span> <span class='ocrx_word' id='word_1_31' title='bbox 1442 2111 1476 2174; x_wconf 85' lang='lat' dir='ltr'><strong><em>iu</em></strong></span> <span class='ocrx_word' id='word_1_32' title='bbox 1503 2111 1647 2175; x_wconf 82' lang='lat' dir='ltr'><strong><em>honorem</em></strong></span> <span class='ocrx_word' id='word_1_33' title='bbox 1675 2114 1778 2176; x_wconf 76' lang='lat' dir='ltr'><strong><em>suudi</em></strong></span> <span class='ocrx_word' id='word_1_34' title='bbox 1800 2114 1895 2179; x_wconf 85' lang='lat' dir='ltr'><strong><em>Petri</em></strong></span> <span class='ocrx_word' id='word_1_35' title='bbox 1918 2122 2074 2198; x_wconf 86' lang='lat' dir='ltr'><strong><em>apostoli</em></strong></span> 
     </span>
     <span class='ocr_line' id='line_1_6' title="bbox 387 2213 2072 2298; baseline 0.007 -20"><span class='ocrx_word' id='word_1_36' title='bbox 387 2213 509 2279; x_wconf 81' lang='lat' dir='ltr'><strong><em>condito</em></strong></span> <span class='ocrx_word' id='word_1_37' title='bbox 530 2215 656 2295; x_wconf 67' lang='lat' dir='ltr'><strong><em>aisque</em></strong></span> <span class='ocrx_word' id='word_1_38' title='bbox 672 2214 823 2294; x_wconf 80' lang='lat' dir='ltr'><strong><em>putribus</em></strong></span> <span class='ocrx_word' id='word_1_39' title='bbox 844 2213 1009 2280; x_wconf 86' lang='lat' dir='ltr'><strong><em>dedicauit.</em></strong></span> <span class='ocrx_word' id='word_1_40' title='bbox 1053 2213 1097 2278; x_wconf 88' lang='lat' dir='ltr'><strong><em>Id</em></strong></span> <span class='ocrx_word' id='word_1_41' title='bbox 1122 2213 1205 2295; x_wconf 80' lang='lat' dir='ltr'><strong><em>quod</em></strong></span> <span class='ocrx_word' id='word_1_42' title='bbox 1230 2216 1267 2277; x_wconf 85' lang='lat' dir='ltr'><strong><em>iu</em></strong></span> <span class='ocrx_word' id='word_1_43' title='bbox 1293 2215 1371 2278; x_wconf 86' lang='lat' dir='ltr'><strong><em>cliuo</em></strong></span> <span class='ocrx_word' id='word_1_44' title='bbox 1398 2215 1511 2278; x_wconf 78' lang='lat' dir='ltr'><strong><em>moritis</em></strong></span> <span class='ocrx_word' id='word_1_45' title='bbox 1531 2234 1630 2294; x_wconf 88' lang='lat' dir='ltr'><strong><em>prope</em></strong></span> <span class='ocrx_word' id='word_1_46' title='bbox 1651 2215 1790 2279; x_wconf 76' lang='lat' dir='ltr'><strong><em>besulam</em></strong></span> <span class='ocrx_word' id='word_1_47' title='bbox 1813 2216 2072 2298; x_wconf 77' lang='lat' dir='ltr'><strong><em>Liudisfaruue</em></strong></span> 
     </span>
     <span class='ocr_line' id='line_1_7' title="bbox 386 2315 2072 2418; baseline -0.002 -37"><span class='ocrx_word' id='word_1_48' title='bbox 386 2319 483 2382; x_wconf 72' lang='lat' dir='ltr'><strong><em>sdum</em></strong></span> <span class='ocrx_word' id='word_1_49' title='bbox 504 2315 545 2381; x_wconf 89' lang='lat' dir='ltr'><strong><em>ab</em></strong></span> <span class='ocrx_word' id='word_1_50' title='bbox 572 2336 607 2381; x_wconf 92' lang='lat' dir='ltr'><strong><em>eo</em></strong></span> <span class='ocrx_word' id='word_1_51' title='bbox 628 2316 770 2381; x_wconf 80' lang='lat' dir='ltr'><strong><em>coenobio</em></strong></span> <span class='ocrx_word' id='word_1_52' title='bbox 791 2316 972 2396; x_wconf 53' lang='lat' dir='ltr'><strong><em>mimimo,</em></strong></span> <span class='ocrx_word' id='word_1_53' title='bbox 1004 2316 1087 2396; x_wconf 81' lang='lat' dir='ltr'><strong><em>quod</em></strong></span> <span class='ocrx_word' id='word_1_54' title='bbox 1108 2318 1144 2380; x_wconf 87' lang='lat' dir='ltr'><strong><em>iu</em></strong></span> <span class='ocrx_word' id='word_1_55' title='bbox 1165 2317 1225 2381; x_wconf 86' lang='lat' dir='ltr'><strong><em>illu</em></strong></span> <span class='ocrx_word' id='word_1_56' title='bbox 1246 2317 1355 2382; x_wconf 85' lang='lat' dir='ltr'><strong><em>iusulo</em></strong></span> <span class='ocrx_word' id='word_1_57' title='bbox 1376 2317 1527 2382; x_wconf 81' lang='lat' dir='ltr'><strong><em>Aiduuus</em></strong></span> <span class='ocrx_word' id='word_1_58' title='bbox 1548 2317 1706 2397; x_wconf 82' lang='lat' dir='ltr'><strong><em>episcopus</em></strong></span> <span class='ocrx_word' id='word_1_59' title='bbox 1727 2318 1920 2398; x_wconf 86' lang='lat' dir='ltr'><strong><em>iampridem</em></strong></span> <span class='ocrx_word' id='word_1_60' title='bbox 1944 2329 2072 2418; x_wconf 61' lang='lat' dir='ltr'><strong><em>acfifi.</em></strong></span> 
     </span>
     <span class='ocr_line' id='line_1_8' title="bbox 386 2418 2070 2502; baseline 0.004 -17"><span class='ocrx_word' id='word_1_61' title='bbox 386 2424 527 2499; x_wconf 76' lang='lat' dir='ltr'><strong><em>coemat,</em></strong></span> <span class='ocrx_word' id='word_1_62' title='bbox 549 2419 806 2502; x_wconf 78' lang='lat' dir='ltr'><strong><em>distiupueudum</em></strong></span> <span class='ocrx_word' id='word_1_63' title='bbox 827 2438 906 2496; x_wconf 87' lang='lat' dir='ltr'><strong><em>esse,</em></strong></span> <span class='ocrx_word' id='word_1_64' title='bbox 929 2423 1009 2483; x_wconf 86' lang='lat' dir='ltr'><strong><em>recte</em></strong></span> <span class='ocrx_word' id='word_1_65' title='bbox 1030 2418 1192 2484; x_wconf 84' lang='lat' dir='ltr'><strong><em>Mobillou</em></strong></span> <span class='ocrx_word' id='word_1_66' title='bbox 1207 2420 1397 2500; x_wconf 76' lang='lat' dir='ltr'><strong><em>perspicit1.</em></strong></span> <span class='ocrx_word' id='word_1_67' title='bbox 1441 2418 1538 2482; x_wconf 80' lang='lat' dir='ltr'><strong><em>Postu</em></strong></span> <span class='ocrx_word' id='word_1_68' title='bbox 1559 2423 1675 2496; x_wconf 80' lang='lat' dir='ltr'><strong><em>noster,</em></strong></span> <span class='ocrx_word' id='word_1_69' title='bbox 1707 2422 1758 2482; x_wconf 86' lang='lat' dir='ltr'><strong><em>cui</em></strong></span> <span class='ocrx_word' id='word_1_70' title='bbox 1778 2423 1815 2484; x_wconf 85' lang='lat' dir='ltr'><strong><em>iu</em></strong></span> <span class='ocrx_word' id='word_1_71' title='bbox 1837 2443 1905 2488; x_wconf 80' lang='lat' dir='ltr'><strong><em>urio</em></strong></span> <span class='ocrx_word' id='word_1_72' title='bbox 1929 2432 2070 2497; x_wconf 83' lang='lat' dir='ltr'><strong><em>tuntum</em></strong></span> 
     </span>
     <span class='ocr_line' id='line_1_9' title="bbox 386 2520 2071 2608; baseline 0.003 -20"><span class='ocrx_word' id='word_1_73' title='bbox 386 2523 497 2602; x_wconf 84' lang='lat' dir='ltr'><strong><em>codice,</em></strong></span> <span class='ocrx_word' id='word_1_74' title='bbox 524 2543 617 2603; x_wconf 80' lang='lat' dir='ltr'><strong><em>eoque</em></strong></span> <span class='ocrx_word' id='word_1_75' title='bbox 646 2521 766 2587; x_wconf 76' lang='lat' dir='ltr'><strong><em>succidi</em></strong></span> <span class='ocrx_word' id='word_1_76' title='bbox 786 2520 893 2599; x_wconf 86' lang='lat' dir='ltr'><em>XIII,</em></span> <span class='ocrx_word' id='word_1_77' title='bbox 923 2521 1204 2607; x_wconf 78' lang='lat' dir='ltr'><strong><em>Liudissumeasis</em></strong></span> <span class='ocrx_word' id='word_1_78' title='bbox 1225 2522 1368 2587; x_wconf 79' lang='lat' dir='ltr'><strong><em>mortachi</em></strong></span> <span class='ocrx_word' id='word_1_79' title='bbox 1389 2523 1500 2587; x_wconf 85' lang='lat' dir='ltr'><strong><em>titulus</em></strong></span> <span class='ocrx_word' id='word_1_80' title='bbox 1523 2523 1703 2587; x_wconf 80' lang='lat' dir='ltr'><strong><em>inscribitur</em></strong></span> <span class='ocrx_word' id='word_1_81' title='bbox 1713 2523 1735 2600; x_wconf 82' lang='lat'><strong><em>²,</em></strong></span> <span class='ocrx_word' id='word_1_82' title='bbox 1765 2543 1798 2588; x_wconf 91' lang='lat' dir='ltr'><strong><em>se</em></strong></span> <span class='ocrx_word' id='word_1_83' title='bbox 1827 2527 1957 2608; x_wconf 64' lang='lat' dir='ltr'><strong><em>bimulo,</em></strong></span> <span class='ocrx_word' id='word_1_84' title='bbox 1989 2555 2071 2600; x_wconf 83' lang='lat' dir='ltr'><strong><em>oum</em></strong></span> 
     </span>
     <span class='ocr_line' id='line_1_10' title="bbox 394 2623 2072 2717; baseline 0.001 -27"><span class='ocrx_word' id='word_1_85' title='bbox 394 2625 538 2709; x_wconf 76' lang='lat' dir='ltr'><strong><em>Vulfsipo</em></strong></span> <span class='ocrx_word' id='word_1_86' title='bbox 559 2625 678 2702; x_wconf 87' lang='lat' dir='ltr'><strong><em>abbate,</em></strong></span> <span class='ocrx_word' id='word_1_87' title='bbox 702 2623 754 2688; x_wconf 89' lang='lat' dir='ltr'><strong><em>cui</em></strong></span> <span class='ocrx_word' id='word_1_88' title='bbox 776 2643 896 2706; x_wconf 81' lang='lat' dir='ltr'><strong><em>semper</em></strong></span> <span class='ocrx_word' id='word_1_89' title='bbox 910 2623 1062 2702; x_wconf 73' lang='lat' dir='ltr'><strong><em>adhaesit,</em></strong></span> <span class='ocrx_word' id='word_1_90' title='bbox 1078 2645 1163 2704; x_wconf 86' lang='lat' dir='ltr'><strong><em>puer</em></strong></span> <span class='ocrx_word' id='word_1_91' title='bbox 1184 2625 1220 2688; x_wconf 85' lang='lat' dir='ltr'><strong><em>iu</em></strong></span> <span class='ocrx_word' id='word_1_92' title='bbox 1237 2625 1414 2689; x_wconf 77' lang='lat' dir='ltr'><strong><em>coenobium</em></strong></span> <span class='ocrx_word' id='word_1_93' title='bbox 1425 2625 1508 2689; x_wconf 86' lang='lat' dir='ltr'><strong><em>illud</em></strong></span> <span class='ocrx_word' id='word_1_94' title='bbox 1520 2626 1729 2706; x_wconf 73' lang='lat' dir='ltr'><strong><em>impressiusit</em></strong></span> <span class='ocrx_word' id='word_1_95' title='bbox 1751 2625 1790 2708; x_wconf 91' lang='lat' dir='ltr'><strong><em>(c.</em></strong></span> <span class='ocrx_word' id='word_1_96' title='bbox 1804 2629 1871 2713; x_wconf 83' lang='lat'>18),</span> <span class='ocrx_word' id='word_1_97' title='bbox 1895 2632 2072 2717; x_wconf 58' lang='lat' dir='ltr'><strong><em>Eadfffdi</em></strong></span> 
     </span>
     <span class='ocr_line' id='line_1_11' title="bbox 387 2725 2071 2820; baseline 0.004 -31"><span class='ocrx_word' id='word_1_98' title='bbox 387 2734 482 2810; x_wconf 77' lang='lat' dir='ltr'><strong><em>utque</em></strong></span> <span class='ocrx_word' id='word_1_99' title='bbox 503 2726 642 2812; x_wconf 79' lang='lat' dir='ltr'><strong><em>Hypluci</em></strong></span> <span class='ocrx_word' id='word_1_100' title='bbox 666 2725 923 2810; x_wconf 78' lang='lat' dir='ltr'><strong><em>presbyterorum</em></strong></span> <span class='ocrx_word' id='word_1_101' title='bbox 948 2725 1139 2806; x_wconf 72' lang='lat' dir='ltr'><strong><em>discipilum</em></strong></span> <span class='ocrx_word' id='word_1_102' title='bbox 1159 2730 1248 2808; x_wconf 81' lang='lat' dir='ltr'><strong><em>proto</em></strong></span> <span class='ocrx_word' id='word_1_103' title='bbox 1269 2727 1377 2790; x_wconf 81' lang='lat' dir='ltr'><strong><em>uairuo</em></strong></span> <span class='ocrx_word' id='word_1_104' title='bbox 1395 2729 1560 2807; x_wconf 69' lang='lat' dir='ltr'><strong><em>profitetur</em></strong></span> <span class='ocrx_word' id='word_1_105' title='bbox 1581 2727 1618 2808; x_wconf 87' lang='lat' dir='ltr'><strong><em>(c.</em></strong></span> <span class='ocrx_word' id='word_1_106' title='bbox 1646 2729 1692 2803; x_wconf 87' lang='grc'><strong><em>16,</em></strong></span> <span class='ocrx_word' id='word_1_107' title='bbox 1717 2730 1780 2810; x_wconf 77' lang='lat'><em>22).</em></span> <span class='ocrx_word' id='word_1_108' title='bbox 1832 2730 1886 2796; x_wconf 89' lang='lat' dir='ltr'><strong><em>De</em></strong></span> <span class='ocrx_word' id='word_1_109' title='bbox 1908 2734 2071 2820; x_wconf 72' lang='lat' dir='ltr'><strong><em>Hyylaco</em></strong></span> 
     </span>
     <span class='ocr_line' id='line_1_12' title="bbox 387 2827 2069 2922; baseline 0.007 -26"><span class='ocrx_word' id='word_1_110' title='bbox 387 2851 460 2896; x_wconf 88' lang='lat' dir='ltr'><strong><em>vero</em></strong></span> <span class='ocrx_word' id='word_1_111' title='bbox 480 2832 631 2913; x_wconf 74' lang='lat' dir='ltr'><strong><em>irrupistro</em></strong></span> <span class='ocrx_word' id='word_1_112' title='bbox 658 2848 715 2892; x_wconf 76' lang='lat' dir='ltr'><strong><em>sico</em></strong></span> <span class='ocrx_word' id='word_1_113' title='bbox 743 2847 776 2892; x_wconf 87' lang='lat' dir='ltr'><strong><em>se</em></strong></span> <span class='ocrx_word' id='word_1_114' title='bbox 797 2829 863 2891; x_wconf 88' lang='lat' dir='ltr'><strong><em>iam</em></strong></span> <span class='ocrx_word' id='word_1_115' title='bbox 893 2830 990 2892; x_wconf 86' lang='lat' dir='ltr'><strong><em>aatcu</em></strong></span> <span class='ocrx_word' id='word_1_116' title='bbox 1011 2827 1076 2892; x_wconf 89' lang='lat' dir='ltr'><strong><em>ulio</em></strong></span> <span class='ocrx_word' id='word_1_117' title='bbox 1091 2833 1245 2909; x_wconf 77' lang='lat' dir='ltr'><em>poemate,</em></span> <span class='ocrx_word' id='word_1_118' title='bbox 1268 2849 1328 2910; x_wconf 73' lang='lat' dir='ltr'><strong><em>quio</em></strong></span> <span class='ocrx_word' id='word_1_119' title='bbox 1349 2830 1433 2892; x_wconf 87' lang='lat' dir='ltr'><strong><em>uiros</em></strong></span> <span class='ocrx_word' id='word_1_120' title='bbox 1450 2829 1522 2907; x_wconf 88' lang='lat' dir='ltr'><strong><em>pios</em></strong></span> <span class='ocrx_word' id='word_1_121' title='bbox 1542 2827 1693 2909; x_wconf 74' lang='lat' dir='ltr'><strong><em>Aeolicus</em></strong></span> <span class='ocrx_word' id='word_1_122' title='bbox 1712 2831 1815 2909; x_wconf 77' lang='lat' dir='ltr'><strong><em>peritis</em></strong></span> <span class='ocrx_word' id='word_1_123' title='bbox 1836 2835 2069 2922; x_wconf 83' lang='lat' dir='ltr'><strong><em>celebraverit,</em></strong></span> 
     </span>
     <span class='ocr_line' id='line_1_13' title="bbox 387 2929 2071 3026; baseline 0.002 -29"><span class='ocrx_word' id='word_1_124' title='bbox 387 2935 495 3016; x_wconf 67' lang='lat' dir='ltr'><strong><em>fusim</em></strong></span> <span class='ocrx_word' id='word_1_125' title='bbox 516 2934 613 3016; x_wconf 75' lang='lat' dir='ltr'><strong><em>spisse</em></strong></span> <span class='ocrx_word' id='word_1_126' title='bbox 634 2932 702 3012; x_wconf 87' lang='lat' dir='ltr'><strong><em>ipsc</em></strong></span> <span class='ocrx_word' id='word_1_127' title='bbox 724 2931 833 2994; x_wconf 82' lang='lat' dir='ltr'><strong><em>retulit</em></strong></span> <span class='ocrx_word' id='word_1_128' title='bbox 856 2930 895 3015; x_wconf 88' lang='lat' dir='ltr'><strong><em>(c.</em></strong></span> <span class='ocrx_word' id='word_1_129' title='bbox 923 2931 988 3012; x_wconf 88' lang='grc'><strong>16).</strong></span> <span class='ocrx_word' id='word_1_130' title='bbox 1032 2931 1078 2994; x_wconf 84' lang='lat' dir='ltr'><strong><em>At</em></strong></span> <span class='ocrx_word' id='word_1_131' title='bbox 1105 2951 1203 3011; x_wconf 75' lang='lat' dir='ltr'><strong><em>mearco</em></strong></span> <span class='ocrx_word' id='word_1_132' title='bbox 1232 2932 1268 2994; x_wconf 85' lang='lat' dir='ltr'><strong><em>de</em></strong></span> <span class='ocrx_word' id='word_1_133' title='bbox 1295 2931 1349 2995; x_wconf 89' lang='lat' dir='ltr'><strong><em>hoc</em></strong></span> <span class='ocrx_word' id='word_1_134' title='bbox 1377 2932 1514 2994; x_wconf 79' lang='lat' dir='ltr'><strong><em>carmine</em></strong></span> <span class='ocrx_word' id='word_1_135' title='bbox 1536 2951 1633 3011; x_wconf 78' lang='lat' dir='ltr'><strong><em>rieqiee</em></strong></span> <span class='ocrx_word' id='word_1_136' title='bbox 1654 2929 1691 2993; x_wconf 87' lang='lat' dir='ltr'><strong><em>dc</em></strong></span> <span class='ocrx_word' id='word_1_137' title='bbox 1711 2936 1837 2998; x_wconf 76' lang='lat' dir='ltr'><strong><em>audere</em></strong></span> <span class='ocrx_word' id='word_1_138' title='bbox 1859 2937 1932 3017; x_wconf 89' lang='lat' dir='ltr'><strong><em>ipso</em></strong></span> <span class='ocrx_word' id='word_1_139' title='bbox 1956 2963 2071 3026; x_wconf 56' lang='lat' dir='ltr'><strong><em>nequeo</em></strong></span> 
     </span>
     <span class='ocr_line' id='line_1_14' title="bbox 388 3032 2070 3126; baseline 0.005 -25"><span class='ocrx_word' id='word_1_140' title='bbox 388 3037 427 3101; x_wconf 86' lang='lat' dir='ltr'><strong><em>dc</em></strong></span> <span class='ocrx_word' id='word_1_141' title='bbox 449 3037 528 3101; x_wconf 87' lang='lat' dir='ltr'><strong><em>cella</em></strong></span> <span class='ocrx_word' id='word_1_142' title='bbox 550 3034 629 3097; x_wconf 86' lang='lat' dir='ltr'><strong><em>ciris</em></strong></span> <span class='ocrx_word' id='word_1_143' title='bbox 650 3033 749 3098; x_wconf 83' lang='lat' dir='ltr'><strong><em>doctis</em></strong></span> <span class='ocrx_word' id='word_1_144' title='bbox 771 3035 863 3112; x_wconf 71' lang='lat' dir='ltr'><strong><em>atqcue</em></strong></span> <span class='ocrx_word' id='word_1_145' title='bbox 879 3032 916 3094; x_wconf 87' lang='lat' dir='ltr'><strong><em>ia</em></strong></span> <span class='ocrx_word' id='word_1_146' title='bbox 932 3033 1057 3096; x_wconf 83' lang='lat' dir='ltr'><strong><em>ortibus</em></strong></span> <span class='ocrx_word' id='word_1_147' title='bbox 1076 3033 1297 3097; x_wconf 77' lang='lat' dir='ltr'><strong><em>versutissimis</em></strong></span> <span class='ocrx_word' id='word_1_148' title='bbox 1309 3034 1484 3112; x_wconf 78' lang='lat' dir='ltr'><strong><em>conspicuo,</em></strong></span> <span class='ocrx_word' id='word_1_149' title='bbox 1506 3035 1595 3096; x_wconf 73' lang='lat' dir='ltr'><strong><em>muisis</em></strong></span> <span class='ocrx_word' id='word_1_150' title='bbox 1607 3033 1714 3096; x_wconf 88' lang='lat' dir='ltr'><strong><em>laudes</em></strong></span> <span class='ocrx_word' id='word_1_151' title='bbox 1724 3038 1894 3102; x_wconf 74' lang='lat' dir='ltr'><strong><em>momoriae</em></strong></span> <span class='ocrx_word' id='word_1_152' title='bbox 1896 3045 2070 3126; x_wconf 78' lang='lat' dir='ltr'><strong><em>prodidit,</em></strong></span> 
     </span>
     <span class='ocr_line' id='line_1_15' title="bbox 388 3133 2071 3220; baseline 0.002 -17"><span class='ocrx_word' id='word_1_153' title='bbox 388 3137 516 3220; x_wconf 74' lang='lat' dir='ltr'><strong><em>aliqmd</em></strong></span> <span class='ocrx_word' id='word_1_154' title='bbox 535 3135 666 3201; x_wconf 73' lang='lat' dir='ltr'><strong><em>aliunde</em></strong></span> <span class='ocrx_word' id='word_1_155' title='bbox 688 3137 874 3214; x_wconf 84' lang='lat' dir='ltr'><strong><em>compertum</em></strong></span> <span class='ocrx_word' id='word_1_156' title='bbox 901 3133 1057 3200; x_wconf 84' lang='lat' dir='ltr'><strong><em>habemus.</em></strong></span> <span class='ocrx_word' id='word_1_157' title='bbox 1105 3136 1206 3216; x_wconf 78' lang='lat' dir='ltr'><strong><em>Quum</em></strong></span> <span class='ocrx_word' id='word_1_158' title='bbox 1232 3139 1336 3198; x_wconf 74' lang='lat' dir='ltr'><strong><em>mutem</em></strong></span> <span class='ocrx_word' id='word_1_159' title='bbox 1356 3134 1618 3215; x_wconf 82' lang='lat' dir='ltr'><strong><em>Liudissurmemsi</em></strong></span> <span class='ocrx_word' id='word_1_160' title='bbox 1638 3138 1825 3202; x_wconf 77' lang='lat' dir='ltr'><strong><em>monasterio</em></strong></span> <span class='ocrx_word' id='word_1_161' title='bbox 1853 3146 1884 3204; x_wconf 91' lang='lat' dir='ltr'><strong><em>et</em></strong></span> <span class='ocrx_word' id='word_1_162' title='bbox 1908 3143 1974 3208; x_wconf 88' lang='lat' dir='ltr'><strong><em>loci</em></strong></span> <span class='ocrx_word' id='word_1_163' title='bbox 1996 3151 2071 3214; x_wconf 74' lang='lat' dir='ltr'><strong><em>situ</em></strong></span> 
     </span>
     <span class='ocr_line' id='line_1_16' title="bbox 389 3236 2070 3330; baseline 0.003 -26"><span class='ocrx_word' id='word_1_164' title='bbox 389 3240 527 3305; x_wconf 84' lang='lat' dir='ltr'><strong><em>vicimum</em></strong></span> <span class='ocrx_word' id='word_1_165' title='bbox 548 3243 578 3302; x_wconf 90' lang='lat' dir='ltr'><strong><em>et</em></strong></span> <span class='ocrx_word' id='word_1_166' title='bbox 599 3237 643 3302; x_wconf 87' lang='lat' dir='ltr'><strong><em>ud</em></strong></span> <span class='ocrx_word' id='word_1_167' title='bbox 663 3237 824 3317; x_wconf 74' lang='lat' dir='ltr'><strong><em>exemplar</em></strong></span> <span class='ocrx_word' id='word_1_168' title='bbox 846 3236 914 3300; x_wconf 89' lang='lat' dir='ltr'><strong><em>eius</em></strong></span> <span class='ocrx_word' id='word_1_169' title='bbox 934 3236 975 3300; x_wconf 90' lang='lat' dir='ltr'><strong><em>ub</em></strong></span> <span class='ocrx_word' id='word_1_170' title='bbox 990 3236 1182 3301; x_wconf 61' lang='lat' dir='ltr'><strong><em>&amp;emuncto</em></strong></span> <span class='ocrx_word' id='word_1_171' title='bbox 1204 3238 1381 3302; x_wconf 75' lang='lat' dir='ltr'><strong><em>institutum</em></strong></span> <span class='ocrx_word' id='word_1_172' title='bbox 1402 3257 1465 3300; x_wconf 89' lang='lat' dir='ltr'><strong><em>csse</em></strong></span> <span class='ocrx_word' id='word_1_173' title='bbox 1475 3239 1497 3314; x_wconf 87' lang='lat'><strong><em>³,</em></strong></span> <span class='ocrx_word' id='word_1_174' title='bbox 1519 3259 1542 3301; x_wconf 91' lang='lat' dir='ltr'><strong><em>u</em></strong></span> <span class='ocrx_word' id='word_1_175' title='bbox 1556 3242 1650 3317; x_wconf 87' lang='lat' dir='ltr'><strong><em>poeta</em></strong></span> <span class='ocrx_word' id='word_1_176' title='bbox 1664 3241 1769 3302; x_wconf 87' lang='lat' dir='ltr'><strong><em>austro</em></strong></span> <span class='ocrx_word' id='word_1_177' title='bbox 1781 3239 1941 3324; x_wconf 69' lang='grc' dir='ltr'><strong><em>ᾱοοωηαν,</em></strong></span> <span class='ocrx_word' id='word_1_178' title='bbox 1967 3269 2070 3330; x_wconf 71' lang='lat' dir='ltr'><strong><em>quem</em></strong></span> 
     </span>
     <span class='ocr_line' id='line_1_17' title="bbox 382 3337 2071 3428; baseline 0.004 -25"><span class='ocrx_word' id='word_1_179' title='bbox 382 3343 515 3422; x_wconf 87' lang='lat' dir='ltr'><strong><em>propter</em></strong></span> <span class='ocrx_word' id='word_1_180' title='bbox 543 3358 650 3404; x_wconf 75' lang='lat' dir='ltr'><strong><em>remum</em></strong></span> <span class='ocrx_word' id='word_1_181' title='bbox 670 3338 854 3413; x_wconf 82' lang='lat' dir='ltr'><strong><em>novitatem,</em></strong></span> <span class='ocrx_word' id='word_1_182' title='bbox 887 3357 1079 3417; x_wconf 80' lang='lat' dir='ltr'><strong><em>quumcquum</em></strong></span> <span class='ocrx_word' id='word_1_183' title='bbox 1100 3337 1261 3401; x_wconf 80' lang='lat' dir='ltr'><strong><em>verborum</em></strong></span> <span class='ocrx_word' id='word_1_184' title='bbox 1282 3339 1350 3401; x_wconf 88' lang='lat' dir='ltr'><strong><em>eius</em></strong></span> <span class='ocrx_word' id='word_1_185' title='bbox 1371 3339 1566 3402; x_wconf 80' lang='lat' dir='ltr'><strong><em>concinnitas</em></strong></span> <span class='ocrx_word' id='word_1_186' title='bbox 1585 3339 1711 3403; x_wconf 80' lang='lat' dir='ltr'><strong><em>uiiuime</em></strong></span> <span class='ocrx_word' id='word_1_187' title='bbox 1733 3340 1903 3410; x_wconf 85' lang='lat' dir='ltr'><strong><em>luudamta</em></strong></span> <span class='ocrx_word' id='word_1_188' title='bbox 1926 3351 1991 3428; x_wconf 84' lang='lat' dir='ltr'><strong><em>sit,</em></strong></span> <span class='ocrx_word' id='word_1_189' title='bbox 2022 3356 2071 3420; x_wconf 73' lang='lat' dir='ltr'><strong><em>ab</em></strong></span> 
     </span>
     <span class='ocr_line' id='line_1_18' title="bbox 388 3441 950 3528; baseline -0.012 -18"><span class='ocrx_word' id='word_1_190' title='bbox 388 3444 449 3510; x_wconf 89' lang='lat' dir='ltr'><strong><em>hac</em></strong></span> <span class='ocrx_word' id='word_1_191' title='bbox 469 3443 585 3528; x_wconf 65' lang='lat' dir='ltr'><strong><em>syllam</em></strong></span> <span class='ocrx_word' id='word_1_192' title='bbox 605 3441 761 3506; x_wconf 76' lang='lat' dir='ltr'><strong><em>secludere</em></strong></span> <span class='ocrx_word' id='word_1_193' title='bbox 782 3441 950 3504; x_wconf 66' lang='lat' dir='ltr'><strong><em>mulmis.</em></strong></span> 
     </span>
    </p>

    <p class='ocr_par' dir='ltr' id='par_1_4' title="bbox 391 3541 2072 3714">
     <span class='ocr_line' id='line_1_19' title="bbox 496 3541 2072 3633; baseline 0.004 -24"><span class='ocrx_word' id='word_1_194' title='bbox 496 3544 671 3624; x_wconf 81' lang='lat' dir='ltr'><strong><em>Aediloubt</em></strong></span> <span class='ocrx_word' id='word_1_195' title='bbox 691 3563 802 3624; x_wconf 85' lang='lat' dir='ltr'><strong><em>poema</em></strong></span> <span class='ocrx_word' id='word_1_196' title='bbox 823 3543 926 3608; x_wconf 75' lang='lat' dir='ltr'><strong><em>tribus</em></strong></span> <span class='ocrx_word' id='word_1_197' title='bbox 948 3541 1040 3607; x_wconf 77' lang='lat' dir='ltr'><strong><em>libris</em></strong></span> <span class='ocrx_word' id='word_1_198' title='bbox 1061 3541 1294 3619; x_wconf 75' lang='lat' dir='ltr'><strong><em>nmuuseriptcs,</em></strong></span> <span class='ocrx_word' id='word_1_199' title='bbox 1316 3543 1372 3621; x_wconf 83' lang='lat' dir='ltr'><strong><em>qui</em></strong></span> <span class='ocrx_word' id='word_1_200' title='bbox 1392 3562 1496 3607; x_wconf 86' lang='lat' dir='ltr'><strong><em>omues</em></strong></span> <span class='ocrx_word' id='word_1_201' title='bbox 1516 3544 1553 3606; x_wconf 85' lang='lat' dir='ltr'><strong><em>ia</em></strong></span> <span class='ocrx_word' id='word_1_202' title='bbox 1574 3544 1695 3626; x_wconf 73' lang='lat' dir='ltr'><strong><em>Amulio</em></strong></span> <span class='ocrx_word' id='word_1_203' title='bbox 1716 3550 1898 3627; x_wconf 66' lang='lat' dir='ltr'><strong><em>mwuntur,</em></strong></span> <span class='ocrx_word' id='word_1_204' title='bbox 1919 3559 2072 3633; x_wconf 61' lang='lat' dir='ltr'><strong><em>postem</em></strong></span> 
     </span>
     <span class='ocr_line' id='line_1_20' title="bbox 391 3648 542 3714; baseline -0.02 0"><span class='ocrx_word' id='word_1_205' title='bbox 391 3648 542 3714; x_wconf 83' lang='lat' dir='ltr'><strong><em>traditur.</em></strong></span> 
     </span>
    </p>

    <p class='ocr_par' dir='ltr' id='par_1_5' title="bbox 385 3743 2069 4241">
     <span class='ocr_line' id='line_1_21' title="bbox 497 3743 2069 3833; baseline 0.001 -20"><span class='ocrx_word' id='word_1_206' title='bbox 497 3750 557 3833; x_wconf 89' lang='lat' dir='ltr'><strong><em>(L)</em></strong></span> <span class='ocrx_word' id='word_1_207' title='bbox 579 3747 673 3814; x_wconf 79' lang='lat' dir='ltr'><strong><em>coclea</em></strong></span> <span class='ocrx_word' id='word_1_208' title='bbox 696 3749 796 3813; x_wconf 69' lang='lat' dir='ltr'><strong><em>namet</em></strong></span> <span class='ocrx_word' id='word_1_209' title='bbox 816 3746 1007 3812; x_wconf 76' lang='lat' dir='ltr'><strong><em>Britannici</em></strong></span> <span class='ocrx_word' id='word_1_210' title='bbox 1022 3743 1227 3810; x_wconf 71' lang='lat' dir='ltr'><strong><em>Gottouiums</em></strong></span> <span class='ocrx_word' id='word_1_211' title='bbox 1241 3745 1384 3809; x_wconf 83' lang='lat' dir='ltr'><strong><em>Tiberius</em></strong></span> <span class='ocrx_word' id='word_1_212' title='bbox 1404 3745 1447 3812; x_wconf 91' lang='lat' dir='ltr'><strong><em>D.</em></strong></span> <span class='ocrx_word' id='word_1_213' title='bbox 1471 3747 1495 3810; x_wconf 94' lang='lat' dir='ltr'><em>I</em></span> <span class='ocrx_word' id='word_1_214' title='bbox 1499 3747 1622 3812; x_wconf 79' lang='lat' dir='ltr'><strong><em>V-suec.</em></strong></span> <span class='ocrx_word' id='word_1_215' title='bbox 1638 3749 1680 3812; x_wconf 86' lang='lat' dir='ltr'><strong><em>X.</em></strong></span> <span class='ocrx_word' id='word_1_216' title='bbox 1701 3753 1855 3831; x_wconf 67' lang='lat' dir='ltr'><strong><em>merulis,</em></strong></span> <span class='ocrx_word' id='word_1_217' title='bbox 1879 3759 2069 3829; x_wconf 59' lang='lat' dir='ltr'><strong><em>mentm,</em></strong></span> 
     </span>
     <span class='ocr_line' id='line_1_22' title="bbox 387 3846 2063 3930; baseline 0.001 -11"><span class='ocrx_word' id='word_1_218' title='bbox 387 3852 534 3919; x_wconf 76' lang='lat' dir='ltr'><strong><em>incendio</em></strong></span> <span class='ocrx_word' id='word_1_219' title='bbox 555 3851 606 3915; x_wconf 85' lang='lat' dir='ltr'><strong><em>die</em></strong></span> <span class='ocrx_word' id='word_1_220' title='bbox 629 3854 680 3915; x_wconf 80' lang='lat'><strong><em>23.</em></strong></span> <span class='ocrx_word' id='word_1_221' title='bbox 699 3849 839 3914; x_wconf 88' lang='lat' dir='ltr'><strong><em>Octobris</em></strong></span> <span class='ocrx_word' id='word_1_222' title='bbox 860 3867 956 3913; x_wconf 75' lang='lat' dir='ltr'><strong><em>neus.</em></strong></span> <span class='ocrx_word' id='word_1_223' title='bbox 977 3868 1008 3911; x_wconf 89' lang='lat' dir='ltr'><strong><em>a.</em></strong></span> <span class='ocrx_word' id='word_1_224' title='bbox 1027 3849 1106 3909; x_wconf 80' lang='lat'>1731</span> <span class='ocrx_word' id='word_1_225' title='bbox 1131 3846 1261 3924; x_wconf 81' lang='lat' dir='ltr'><strong><em>eoultolo</em></strong></span> <span class='ocrx_word' id='word_1_226' title='bbox 1274 3846 1439 3910; x_wconf 82' lang='lat' dir='ltr'><strong><em>admodum</em></strong></span> <span class='ocrx_word' id='word_1_227' title='bbox 1455 3853 1627 3928; x_wconf 82' lang='lat' dir='ltr'><strong><em>corruptus,</em></strong></span> <span class='ocrx_word' id='word_1_228' title='bbox 1650 3852 1784 3914; x_wconf 75' lang='lat' dir='ltr'><strong><em>corstiuet</em></strong></span> <span class='ocrx_word' id='word_1_229' title='bbox 1803 3851 1861 3930; x_wconf 77' lang='lat' dir='ltr'><strong><em>fol.</em></strong></span> <span class='ocrx_word' id='word_1_230' title='bbox 1879 3858 2063 3929; x_wconf 79' lang='lat'>309—321</span> 
     </span>
     <span class='ocr_line' id='line_1_23' title="bbox 390 3946 2066 4032; baseline 0.005 -11"><span class='ocrx_word' id='word_1_231' title='bbox 390 3974 519 4021; x_wconf 79' lang='lat' dir='ltr'><strong><em>corruere</em></strong></span> <span class='ocrx_word' id='word_1_232' title='bbox 546 3957 689 4017; x_wconf 66' lang='lat' dir='ltr'><strong><em>mosim</em></strong></span> <span class='ocrx_word' id='word_1_233' title='bbox 711 3951 826 4015; x_wconf 88' lang='lat' dir='ltr'><strong><em>maiori</em></strong></span> <span class='ocrx_word' id='word_1_234' title='bbox 847 3972 886 4015; x_wconf 80' lang='lat' dir='ltr'><strong><em>ee</em></strong></span> <span class='ocrx_word' id='word_1_235' title='bbox 903 3953 998 4032; x_wconf 89' lang='lat' dir='ltr'><strong><em>purte</em></strong></span> <span class='ocrx_word' id='word_1_236' title='bbox 1019 3967 1086 4010; x_wconf 86' lang='lat' dir='ltr'><strong><em>uua</em></strong></span> <span class='ocrx_word' id='word_1_237' title='bbox 1108 3967 1205 4010; x_wconf 75' lang='lat' dir='ltr'><strong><em>aranu</em></strong></span> <span class='ocrx_word' id='word_1_238' title='bbox 1225 3946 1347 4011; x_wconf 86' lang='lat' dir='ltr'><strong><em>duobus</em></strong></span> <span class='ocrx_word' id='word_1_239' title='bbox 1368 3949 1519 4012; x_wconf 82' lang='lat' dir='ltr'><strong><em>columnis</em></strong></span> <span class='ocrx_word' id='word_1_240' title='bbox 1538 3952 1701 4030; x_wconf 80' lang='lat' dir='ltr'><strong><em>scriptum,</em></strong></span> <span class='ocrx_word' id='word_1_241' title='bbox 1725 3952 1797 4015; x_wconf 81' lang='lat' dir='ltr'><strong><em>iude</em></strong></span> <span class='ocrx_word' id='word_1_242' title='bbox 1818 3975 1842 4018; x_wconf 91' lang='lat' dir='ltr'><strong><em>u</em></strong></span> <span class='ocrx_word' id='word_1_243' title='bbox 1864 3959 2022 4028; x_wconf 82' lang='lat' dir='ltr'><strong><em>columma</em></strong></span> <span class='ocrx_word' id='word_1_244' title='bbox 2052 3974 2066 4030; x_wconf 96' lang='grc'>1</span> 
     </span>
     <span class='ocr_line' id='line_1_24' title="bbox 385 4049 2068 4139; baseline 0.003 -19"><span class='ocrx_word' id='word_1_245' title='bbox 385 4057 461 4139; x_wconf 82' lang='lat' dir='ltr'><strong><em>solii</em></strong></span> <span class='ocrx_word' id='word_1_246' title='bbox 484 4058 546 4120; x_wconf 88' lang='grc'>318</span> <span class='ocrx_word' id='word_1_247' title='bbox 569 4075 640 4118; x_wconf 86' lang='lat' dir='ltr'><strong><em>vero</em></strong></span> <span class='ocrx_word' id='word_1_248' title='bbox 662 4055 732 4118; x_wconf 88' lang='lat' dir='ltr'><strong><em>aliu</em></strong></span> <span class='ocrx_word' id='word_1_249' title='bbox 754 4073 850 4134; x_wconf 78' lang='lat' dir='ltr'><strong><em>euque</em></strong></span> <span class='ocrx_word' id='word_1_250' title='bbox 871 4051 1173 4135; x_wconf 67' lang='lat' dir='ltr'><strong><em>Anyto-saxonica.</em></strong></span> <span class='ocrx_word' id='word_1_251' title='bbox 1220 4051 1305 4131; x_wconf 68' lang='lat' dir='ltr'><strong><em>Quoue</em></strong></span> <span class='ocrx_word' id='word_1_252' title='bbox 1327 4049 1387 4131; x_wconf 72' lang='lat' dir='ltr'><strong><em>leui</em></strong></span> <span class='ocrx_word' id='word_1_253' title='bbox 1408 4054 1578 4129; x_wconf 73' lang='lat' dir='ltr'><strong><em>potiremur</em></strong></span> <span class='ocrx_word' id='word_1_254' title='bbox 1603 4053 1644 4117; x_wconf 88' lang='lat' dir='ltr'><strong><em>F.</em></strong></span> <span class='ocrx_word' id='word_1_255' title='bbox 1666 4052 1882 4121; x_wconf 83' lang='lat' dir='ltr'><strong><em>Liebermuun</em></strong></span> <span class='ocrx_word' id='word_1_256' title='bbox 1906 4061 1972 4129; x_wconf 87' lang='lat' dir='ltr'><strong><em>Ph.</em></strong></span> <span class='ocrx_word' id='word_1_257' title='bbox 1998 4067 2068 4134; x_wconf 80' lang='lat' dir='ltr'><strong><em>Dr,</em></strong></span> 
     </span>
     <span class='ocr_line' id='line_1_25' title="bbox 386 4153 1058 4241; baseline -0.01 -19"><span class='ocrx_word' id='word_1_258' title='bbox 386 4176 505 4241; x_wconf 74' lang='lat' dir='ltr'><strong><em>mapsa</em></strong></span> <span class='ocrx_word' id='word_1_259' title='bbox 525 4155 692 4238; x_wconf 67' lang='lat' dir='ltr'><strong><em>dilrpeutia</em></strong></span> <span class='ocrx_word' id='word_1_260' title='bbox 713 4175 783 4218; x_wconf 85' lang='lat' dir='ltr'><strong><em>cum</em></strong></span> <span class='ocrx_word' id='word_1_261' title='bbox 804 4154 896 4218; x_wconf 84' lang='lat' dir='ltr'><strong><em>oditis</em></strong></span> <span class='ocrx_word' id='word_1_262' title='bbox 917 4153 1058 4218; x_wconf 86' lang='lat' dir='ltr'><strong><em>contulit.</em></strong></span> 
     </span>
    </p>

    <p class='ocr_par' dir='ltr' id='par_1_6' title="bbox 385 4251 2071 4545">
     <span class='ocr_line' id='line_1_26' title="bbox 495 4251 2069 4342; baseline -0.001 -19"><span class='ocrx_word' id='word_1_263' title='bbox 495 4258 555 4342; x_wconf 87' lang='lat'><strong><em>(0)</em></strong></span> <span class='ocrx_word' id='word_1_264' title='bbox 578 4255 672 4321; x_wconf 81' lang='lat' dir='ltr'><strong><em>codes</em></strong></span> <span class='ocrx_word' id='word_1_265' title='bbox 695 4255 891 4319; x_wconf 73' lang='lat' dir='ltr'><strong><em>bibliothecae</em></strong></span> <span class='ocrx_word' id='word_1_266' title='bbox 906 4254 1104 4320; x_wconf 83' lang='lat' dir='ltr'><strong><em>Bodleiuuae</em></strong></span> <span class='ocrx_word' id='word_1_267' title='bbox 1128 4251 1315 4316; x_wconf 82' lang='lat' dir='ltr'><strong><em>Oeouicusis</em></strong></span> <span class='ocrx_word' id='word_1_268' title='bbox 1339 4254 1398 4314; x_wconf 88' lang='grc'><strong><em>163</em></strong></span> <span class='ocrx_word' id='word_1_269' title='bbox 1423 4251 1590 4336; x_wconf 73' lang='lat' dir='ltr'><strong><em>(quereiam</em></strong></span> <span class='ocrx_word' id='word_1_270' title='bbox 1613 4255 1709 4338; x_wconf 74' lang='lat'>2016)</span> <span class='ocrx_word' id='word_1_271' title='bbox 1732 4257 1860 4322; x_wconf 77' lang='lat' dir='ltr'><strong><em>mmubr.</em></strong></span> <span class='ocrx_word' id='word_1_272' title='bbox 1883 4281 1969 4329; x_wconf 74' lang='lat' dir='ltr'><strong><em>suec,</em></strong></span> <span class='ocrx_word' id='word_1_273' title='bbox 1995 4270 2069 4341; x_wconf 63' lang='grc' dir='ltr'><strong><em>ΧῙ,</em></strong></span> 
     </span>
     <span class='ocr_line' id='line_1_27' title="bbox 385 4347 2071 4450; baseline -0.001 -21"><span class='ocrx_word' id='word_1_274' title='bbox 385 4364 532 4430; x_wconf 75' lang='lat' dir='ltr'><strong><em>excuntis</em></strong></span> <span class='ocrx_word' id='word_1_275' title='bbox 553 4360 690 4426; x_wconf 83' lang='lat' dir='ltr'><strong><em>eontinet</em></strong></span> <span class='ocrx_word' id='word_1_276' title='bbox 711 4356 736 4436; x_wconf 78' lang='lat' dir='ltr'><strong><em>f.</em></strong></span> <span class='ocrx_word' id='word_1_277' title='bbox 760 4360 838 4422; x_wconf 78' lang='lat'><strong><em>209⁴</em></strong></span> <span class='ocrx_word' id='word_1_278' title='bbox 851 4395 889 4404; x_wconf 98' lang='lat'>-</span> <span class='ocrx_word' id='word_1_279' title='bbox 902 4360 982 4421; x_wconf 76' lang='lat'><strong><em>226⁴</em></strong></span> <span class='ocrx_word' id='word_1_280' title='bbox 1002 4360 1073 4435; x_wconf 89' lang='lat' dir='ltr'><strong><em>post</em></strong></span> <span class='ocrx_word' id='word_1_281' title='bbox 1095 4354 1222 4418; x_wconf 87' lang='lat' dir='ltr'><strong><em>Buedue</em></strong></span> <span class='ocrx_word' id='word_1_282' title='bbox 1243 4359 1272 4416; x_wconf 89' lang='lat' dir='ltr'><strong><em>ct</em></strong></span> <span class='ocrx_word' id='word_1_283' title='bbox 1288 4353 1403 4418; x_wconf 83' lang='lat' dir='ltr'><strong><em>Gildoe</em></strong></span> <span class='ocrx_word' id='word_1_284' title='bbox 1425 4374 1519 4433; x_wconf 86' lang='lat' dir='ltr'><strong><em>opero</em></strong></span> <span class='ocrx_word' id='word_1_285' title='bbox 1540 4355 1687 4421; x_wconf 77' lang='lat' dir='ltr'><strong><em>histmim</em></strong></span> <span class='ocrx_word' id='word_1_286' title='bbox 1705 4357 1942 4446; x_wconf 78' lang='lat' dir='ltr'><strong><em>Aulilcult&#39;crm,</em></strong></span> <span class='ocrx_word' id='word_1_287' title='bbox 1967 4347 2071 4450; x_wconf 67' lang='lat' dir='ltr'><strong><em>quem</em></strong></span> 
     </span>
     <span class='ocr_line' id='line_1_28' title="bbox 386 4455 1342 4545; baseline -0.016 -13"><span class='ocrx_word' id='word_1_288' title='bbox 386 4489 456 4532; x_wconf 86' lang='lat' dir='ltr'><strong><em>eum</em></strong></span> <span class='ocrx_word' id='word_1_289' title='bbox 479 4464 572 4530; x_wconf 86' lang='lat' dir='ltr'><strong><em>editis</em></strong></span> <span class='ocrx_word' id='word_1_290' title='bbox 596 4462 753 4545; x_wconf 72' lang='lat' dir='ltr'><strong><em>Georpius</em></strong></span> <span class='ocrx_word' id='word_1_291' title='bbox 774 4459 909 4538; x_wconf 78' lang='lat' dir='ltr'><strong><em>Purher,</em></strong></span> <span class='ocrx_word' id='word_1_292' title='bbox 932 4456 1185 4523; x_wconf 76' lang='lat' dir='ltr'><strong><em>bibliothecarius</em></strong></span> <span class='ocrx_word' id='word_1_293' title='bbox 1205 4455 1342 4518; x_wconf 78' lang='lat' dir='ltr'><strong><em>eontulit.</em></strong></span> 
     </span>
    </p>

    <p class='ocr_par' dir='ltr' id='par_1_7' title="bbox 495 4556 2071 4656">
     <span class='ocr_line' id='line_1_29' title="bbox 495 4556 2071 4656; baseline -0.001 -24"><span class='ocrx_word' id='word_1_294' title='bbox 495 4567 554 4650; x_wconf 80' lang='lat'><strong><em>(0)</em></strong></span> <span class='ocrx_word' id='word_1_295' title='bbox 586 4565 682 4630; x_wconf 73' lang='lat' dir='ltr'><strong><em>codes</em></strong></span> <span class='ocrx_word' id='word_1_296' title='bbox 713 4563 910 4628; x_wconf 81' lang='lat' dir='ltr'><strong><em>bibliothecae</em></strong></span> <span class='ocrx_word' id='word_1_297' title='bbox 939 4559 1159 4625; x_wconf 81' lang='lat' dir='ltr'><strong><em>universitatis</em></strong></span> <span class='ocrx_word' id='word_1_298' title='bbox 1183 4556 1452 4639; x_wconf 71' lang='lat' dir='ltr'><strong><em>Cariati-iprensis</em></strong></span> <span class='ocrx_word' id='word_1_299' title='bbox 1478 4556 1533 4636; x_wconf 78' lang='lat' dir='ltr'><strong><em>Ff.</em></strong></span> <span class='ocrx_word' id='word_1_300' title='bbox 1567 4562 1594 4623; x_wconf 87' lang='lat'><strong><em>1.</em></strong></span> <span class='ocrx_word' id='word_1_301' title='bbox 1618 4562 1658 4622; x_wconf 79' lang='lat'><strong><em>27</em></strong></span> <span class='ocrx_word' id='word_1_302' title='bbox 1686 4561 1809 4626; x_wconf 87' lang='lat' dir='ltr'><strong><em>membr.</em></strong></span> <span class='ocrx_word' id='word_1_303' title='bbox 1838 4584 1924 4632; x_wconf 88' lang='lat' dir='ltr'><strong><em>suec.</em></strong></span> <span class='ocrx_word' id='word_1_304' title='bbox 1949 4571 2071 4656; x_wconf 75' lang='lat' dir='ltr'><em>XIII,</em></span> 
     </span>
    </p>
   </div>
   <div class='ocr_carea' id='block_1_4' title="bbox 690 4714 1949 4734">
    <p class='ocr_par' dir='ltr' id='par_1_8' title="bbox 690 4714 1949 4734">
     <span class='ocr_line' id='line_1_30' title="bbox 690 4714 1949 4734; baseline -0.02 -8"><span class='ocrx_word' id='word_1_305' title='bbox 690 4715 1138 4727; x_wconf 72' lang='lat'><strong><em>....-=—.—-.-—.--——---—--.-..</em></strong></span> <span class='ocrx_word' id='word_1_306' title='bbox 1302 4714 1380 4720; x_wconf 65' lang='lat'><strong><em>—,‚</em></strong></span> <span class='ocrx_word' id='word_1_307' title='bbox 1490 4715 1515 4720; x_wconf 93' lang='lat'><strong><em>-..</em></strong></span> <span class='ocrx_word' id='word_1_308' title='bbox 1617 4717 1674 4722; x_wconf 48' lang='lat'><strong><em>——&#39;</em></strong></span> <span class='ocrx_word' id='word_1_309' title='bbox 1784 4719 1824 4724; x_wconf 52' lang='grc' dir='ltr'><strong><em>,Η-</em></strong></span> <span class='ocrx_word' id='word_1_310' title='bbox 1910 4725 1949 4734; x_wconf 37' lang='grc' dir='ltr'><strong><em>ᾖ.</em></strong></span> 
     </span>
    </p>
   </div>
   <div class='ocr_carea' id='block_1_5' title="bbox 384 4810 2076 5409">
    <p class='ocr_par' dir='ltr' id='par_1_9' title="bbox 384 4810 2076 5409">
     <span class='ocr_line' id='line_1_31' title="bbox 493 4810 2071 4888; baseline 0.002 -12"><span class='ocrx_word' id='word_1_311' title='bbox 493 4824 519 4888; x_wconf 93' lang='grc'>1)</span> <span class='ocrx_word' id='word_1_312' title='bbox 538 4824 611 4875; x_wconf 84' lang='lat' dir='ltr'><strong><em>Actu</em></strong></span> <span class='ocrx_word' id='word_1_313' title='bbox 630 4821 684 4874; x_wconf 84' lang='lat' dir='ltr'><strong><em>SS.</em></strong></span> <span class='ocrx_word' id='word_1_314' title='bbox 704 4832 775 4873; x_wconf 79' lang='lat' dir='ltr'><strong><em>suec.</em></strong></span> <span class='ocrx_word' id='word_1_315' title='bbox 795 4816 849 4884; x_wconf 86' lang='lat' dir='ltr'><strong><em>IV,</em></strong></span> <span class='ocrx_word' id='word_1_316' title='bbox 861 4816 948 4878; x_wconf 68' lang='lat'><strong>2303</strong></span> <span class='ocrx_word' id='word_1_317' title='bbox 968 4813 1054 4868; x_wconf 82' lang='lat' dir='ltr'><strong><em>Cuius</em></strong></span> <span class='ocrx_word' id='word_1_318' title='bbox 1067 4810 1227 4865; x_wconf 81' lang='lat' dir='ltr'><strong><em>monosterii</em></strong></span> <span class='ocrx_word' id='word_1_319' title='bbox 1245 4810 1395 4865; x_wconf 88' lang='lat' dir='ltr'><strong><em>monachus</em></strong></span> <span class='ocrx_word' id='word_1_320' title='bbox 1413 4811 1497 4864; x_wconf 78' lang='lat' dir='ltr'><strong><em>tuerit</em></strong></span> <span class='ocrx_word' id='word_1_321' title='bbox 1509 4813 1689 4867; x_wconf 82' lang='lat' dir='ltr'><strong><em>Ethelwolfus</em></strong></span> <span class='ocrx_word' id='word_1_322' title='bbox 1707 4818 1792 4883; x_wconf 74' lang='lat' dir='ltr'><strong><em>utque</em></strong></span> <span class='ocrx_word' id='word_1_323' title='bbox 1806 4817 1880 4873; x_wconf 77' lang='lat' dir='ltr'><strong><em>odeo</em></strong></span> <span class='ocrx_word' id='word_1_324' title='bbox 1900 4825 1989 4882; x_wconf 86' lang='lat' dir='ltr'><strong><em>cuius</em></strong></span> <span class='ocrx_word' id='word_1_325' title='bbox 2010 4831 2071 4887; x_wconf 78' lang='lat' dir='ltr'><strong><em>loci</em></strong></span> 
     </span>
     <span class='ocr_line' id='line_1_32' title="bbox 385 4911 2073 4989; baseline -0.002 -9"><span class='ocrx_word' id='word_1_326' title='bbox 385 4925 503 4980; x_wconf 80' lang='lat' dir='ltr'><strong><em>abbates</em></strong></span> <span class='ocrx_word' id='word_1_327' title='bbox 522 4926 575 4980; x_wconf 88' lang='lat' dir='ltr'><strong><em>hoc</em></strong></span> <span class='ocrx_word' id='word_1_328' title='bbox 593 4924 654 4978; x_wconf 89' lang='lat' dir='ltr'><strong><em>loco</em></strong></span> <span class='ocrx_word' id='word_1_329' title='bbox 666 4922 810 4980; x_wconf 79' lang='lat' dir='ltr'><strong><em>memoret,</em></strong></span> <span class='ocrx_word' id='word_1_330' title='bbox 828 4936 885 4974; x_wconf 91' lang='lat' dir='ltr'><strong><em>non</em></strong></span> <span class='ocrx_word' id='word_1_331' title='bbox 902 4917 984 4971; x_wconf 87' lang='lat' dir='ltr'><strong><em>sucile</em></strong></span> <span class='ocrx_word' id='word_1_332' title='bbox 996 4913 1150 4968; x_wconf 87' lang='lat' dir='ltr'><strong><em>definierim</em></strong></span> <span class='ocrx_word' id='word_1_333' title='bbox 1163 4917 1211 4966; x_wconf 87' lang='lat' dir='ltr'><strong><em>etc.</em></strong></span> <span class='ocrx_word' id='word_1_334' title='bbox 1280 4913 1307 4976; x_wconf 72' lang='lat' dir='ltr'><strong><em>t)</em></strong></span> <span class='ocrx_word' id='word_1_335' title='bbox 1326 4912 1360 4964; x_wconf 81' lang='lat' dir='ltr'><strong><em>L.</em></strong></span> <span class='ocrx_word' id='word_1_336' title='bbox 1373 4911 1390 4964; x_wconf 87' lang='lat' dir='ltr'><strong><em>l.</em></strong></span> <span class='ocrx_word' id='word_1_337' title='bbox 1408 4911 1477 4964; x_wconf 86' lang='lat' dir='ltr'><strong><em>Eum</em></strong></span> <span class='ocrx_word' id='word_1_338' title='bbox 1491 4912 1721 4969; x_wconf 85' lang='lat' dir='ltr'><strong><em>Lindisfnrnensis</em></strong></span> <span class='ocrx_word' id='word_1_339' title='bbox 1734 4918 1869 4974; x_wconf 78' lang='lat' dir='ltr'><strong><em>ecclesiae</em></strong></span> <span class='ocrx_word' id='word_1_340' title='bbox 1882 4932 2073 4989; x_wconf 75' lang='lat' dir='ltr'><strong><em>monachum</em></strong></span> 
     </span>
     <span class='ocr_line' id='line_1_33' title="bbox 386 5013 2075 5101; baseline -0.003 -16"><span class='ocrx_word' id='word_1_341' title='bbox 386 5029 489 5101; x_wconf 81' lang='lat' dir='ltr'><strong><em>probet</em></strong></span> <span class='ocrx_word' id='word_1_342' title='bbox 506 5025 638 5082; x_wconf 75' lang='lat' dir='ltr'><strong><em>carminis</em></strong></span> <span class='ocrx_word' id='word_1_343' title='bbox 657 5021 805 5091; x_wconf 81' lang='lat' dir='ltr'><strong><em>inscriptio</em></strong></span> <span class='ocrx_word' id='word_1_344' title='bbox 828 5025 857 5073; x_wconf 93' lang='lat' dir='ltr'><strong><em>et</em></strong></span> <span class='ocrx_word' id='word_1_345' title='bbox 875 5020 1012 5080; x_wconf 85' lang='lat' dir='ltr'><strong><em>clausula,</em></strong></span> <span class='ocrx_word' id='word_1_346' title='bbox 1033 5016 1118 5069; x_wconf 87' lang='lat' dir='ltr'><strong><em>immo</em></strong></span> <span class='ocrx_word' id='word_1_347' title='bbox 1137 5015 1198 5082; x_wconf 86' lang='lat' dir='ltr'><strong><em>ipsu</em></strong></span> <span class='ocrx_word' id='word_1_348' title='bbox 1216 5013 1300 5067; x_wconf 82' lang='lat' dir='ltr'><strong><em>etium</em></strong></span> <span class='ocrx_word' id='word_1_349' title='bbox 1318 5013 1440 5067; x_wconf 85' lang='lat' dir='ltr'><strong><em>eiusdem</em></strong></span> <span class='ocrx_word' id='word_1_350' title='bbox 1460 5015 1614 5070; x_wconf 81' lang='lat' dir='ltr'><strong><em>Ethelwolfi</em></strong></span> <span class='ocrx_word' id='word_1_351' title='bbox 1632 5017 1788 5087; x_wconf 77' lang='lat' dir='ltr'><strong><em>inscriptio,</em></strong></span> <span class='ocrx_word' id='word_1_352' title='bbox 1816 5029 1846 5076; x_wconf 86' lang='lat' dir='ltr'><strong><em>ut</em></strong></span> <span class='ocrx_word' id='word_1_353' title='bbox 1871 5032 1973 5084; x_wconf 78' lang='lat' dir='ltr'><strong><em>ornato</em></strong></span> <span class='ocrx_word' id='word_1_354' title='bbox 1997 5037 2075 5093; x_wconf 63' lang='lat' dir='ltr'><strong><em>haec</em></strong></span> 
     </span>
     <span class='ocr_line' id='line_1_34' title="bbox 384 5115 2074 5194; baseline -0.002 -6"><span class='ocrx_word' id='word_1_355' title='bbox 384 5137 416 5189; x_wconf 83' lang='lat' dir='ltr'><strong><em>iu</em></strong></span> <span class='ocrx_word' id='word_1_356' title='bbox 439 5131 532 5186; x_wconf 77' lang='lat' dir='ltr'><strong><em>codioe</em></strong></span> <span class='ocrx_word' id='word_1_357' title='bbox 555 5131 662 5183; x_wconf 84' lang='lat' dir='ltr'><strong><em>tautum</em></strong></span> <span class='ocrx_word' id='word_1_358' title='bbox 689 5123 929 5192; x_wconf 76' lang='lat' dir='ltr'><strong><em>Cantabripiemsi,</em></strong></span> <span class='ocrx_word' id='word_1_359' title='bbox 960 5123 1025 5175; x_wconf 87' lang='lat' dir='ltr'><strong><em>dum</em></strong></span> <span class='ocrx_word' id='word_1_360' title='bbox 1050 5118 1083 5172; x_wconf 86' lang='lat' dir='ltr'><strong><em>de</em></strong></span> <span class='ocrx_word' id='word_1_361' title='bbox 1107 5116 1295 5170; x_wconf 83' lang='lat' dir='ltr'><strong><em>Loudomicusi</em></strong></span> <span class='ocrx_word' id='word_1_362' title='bbox 1323 5115 1431 5185; x_wconf 80' lang='lat' dir='ltr'><strong><em>Wripht</em></strong></span> <span class='ocrx_word' id='word_1_363' title='bbox 1463 5117 1579 5186; x_wconf 78' lang='lat' dir='ltr'><strong><em>(Biopr.</em></strong></span> <span class='ocrx_word' id='word_1_364' title='bbox 1606 5119 1733 5175; x_wconf 75' lang='lat' dir='ltr'><strong><em>Brittium</em></strong></span> <span class='ocrx_word' id='word_1_365' title='bbox 1762 5124 1875 5191; x_wconf 79' lang='lat'><strong>1‚370)</strong></span> <span class='ocrx_word' id='word_1_366' title='bbox 1899 5139 1982 5187; x_wconf 83' lang='lat' dir='ltr'><strong><em>recte</em></strong></span> <span class='ocrx_word' id='word_1_367' title='bbox 2010 5140 2074 5194; x_wconf 68' lang='lat' dir='ltr'><strong><em>iam</em></strong></span> 
     </span>
     <span class='ocr_line' id='line_1_35' title="bbox 385 5217 2074 5312; baseline -0.001 -21"><span class='ocrx_word' id='word_1_368' title='bbox 385 5233 558 5291; x_wconf 66' lang='lat' dir='ltr'><strong><em>observavit:</em></strong></span> <span class='ocrx_word' id='word_1_369' title='bbox 590 5247 627 5283; x_wconf 91' lang='lat' dir='ltr'><strong><em>no</em></strong></span> <span class='ocrx_word' id='word_1_370' title='bbox 652 5243 735 5282; x_wconf 82' lang='lat' dir='ltr'><strong><em>nonie</em></strong></span> <span class='ocrx_word' id='word_1_371' title='bbox 762 5227 785 5279; x_wconf 84' lang='lat' dir='ltr'><strong><em>is</em></strong></span> <span class='ocrx_word' id='word_1_372' title='bbox 806 5226 891 5296; x_wconf 80' lang='lat' dir='ltr'><strong><em>given</em></strong></span> <span class='ocrx_word' id='word_1_373' title='bbox 914 5228 943 5278; x_wconf 86' lang='lat' dir='ltr'><strong><em>to</em></strong></span> <span class='ocrx_word' id='word_1_374' title='bbox 966 5223 1015 5276; x_wconf 86' lang='lat' dir='ltr'><strong><em>the</em></strong></span> <span class='ocrx_word' id='word_1_375' title='bbox 1036 5223 1202 5285; x_wconf 80' lang='lat' dir='ltr'><strong><em>monastery.</em></strong></span> <span class='ocrx_word' id='word_1_376' title='bbox 1295 5217 1321 5282; x_wconf 86' lang='lat'><strong><em>3)</em></strong></span> <span class='ocrx_word' id='word_1_377' title='bbox 1345 5218 1386 5286; x_wconf 76' lang='lat' dir='ltr'><strong><em>Os.</em></strong></span> <span class='ocrx_word' id='word_1_378' title='bbox 1410 5219 1516 5288; x_wconf 73' lang='lat' dir='ltr'><strong><em>Wm&#39;pht</em></strong></span> <span class='ocrx_word' id='word_1_379' title='bbox 1539 5221 1556 5274; x_wconf 87' lang='lat' dir='ltr'><strong><em>l.</em></strong></span> <span class='ocrx_word' id='word_1_380' title='bbox 1578 5223 1595 5274; x_wconf 87' lang='lat' dir='ltr'><strong><em>l.</em></strong></span> <span class='ocrx_word' id='word_1_381' title='bbox 1624 5222 1682 5275; x_wconf 87' lang='lat' dir='ltr'><strong><em>The</em></strong></span> <span class='ocrx_word' id='word_1_382' title='bbox 1703 5227 1775 5276; x_wconf 77' lang='lat' dir='ltr'><strong><em>most</em></strong></span> <span class='ocrx_word' id='word_1_383' title='bbox 1796 5231 1972 5288; x_wconf 77' lang='lat' dir='ltr'><strong><em>reasonable</em></strong></span> <span class='ocrx_word' id='word_1_384' title='bbox 1998 5259 2074 5312; x_wconf 49' lang='lat' dir='ltr'><strong><em>sup</em></strong></span> 
     </span>
     <span class='ocr_line' id='line_1_36' title="bbox 385 5319 2076 5409; baseline -0.004 -16"><span class='ocrx_word' id='word_1_385' title='bbox 385 5337 511 5409; x_wconf 80' lang='lat' dir='ltr'><strong><em>position</em></strong></span> <span class='ocrx_word' id='word_1_386' title='bbox 530 5334 566 5402; x_wconf 88' lang='lat' dir='ltr'><strong><em>is,</em></strong></span> <span class='ocrx_word' id='word_1_387' title='bbox 590 5333 656 5386; x_wconf 79' lang='lat' dir='ltr'><strong><em>thot</em></strong></span> <span class='ocrx_word' id='word_1_388' title='bbox 674 5331 699 5384; x_wconf 90' lang='lat' dir='ltr'><strong><em>it</em></strong></span> <span class='ocrx_word' id='word_1_389' title='bbox 717 5346 775 5382; x_wconf 78' lang='lat' dir='ltr'><strong><em>was</em></strong></span> <span class='ocrx_word' id='word_1_390' title='bbox 793 5344 846 5382; x_wconf 90' lang='lat' dir='ltr'><strong><em>one</em></strong></span> <span class='ocrx_word' id='word_1_391' title='bbox 864 5328 896 5380; x_wconf 81' lang='lat' dir='ltr'><strong><em>ot</em></strong></span> <span class='ocrx_word' id='word_1_392' title='bbox 911 5327 959 5380; x_wconf 90' lang='lat' dir='ltr'><strong><em>the</em></strong></span> <span class='ocrx_word' id='word_1_393' title='bbox 977 5340 1126 5378; x_wconf 85' lang='lat' dir='ltr'><strong><em>numerous</em></strong></span> <span class='ocrx_word' id='word_1_394' title='bbox 1144 5319 1322 5374; x_wconf 76' lang='lat' dir='ltr'><strong><em>monasteries</em></strong></span> <span class='ocrx_word' id='word_1_395' title='bbox 1341 5319 1461 5372; x_wconf 87' lang='lat' dir='ltr'><strong><em>founded</em></strong></span> <span class='ocrx_word' id='word_1_396' title='bbox 1477 5320 1514 5388; x_wconf 80' lang='lat' dir='ltr'><strong><em>by</em></strong></span> <span class='ocrx_word' id='word_1_397' title='bbox 1533 5323 1581 5375; x_wconf 91' lang='lat' dir='ltr'><strong><em>the</em></strong></span> <span class='ocrx_word' id='word_1_398' title='bbox 1600 5323 1818 5378; x_wconf 84' lang='lat' dir='ltr'><strong><em>Nerthumbriun</em></strong></span> <span class='ocrx_word' id='word_1_399' title='bbox 1835 5330 1942 5388; x_wconf 79' lang='lat' dir='ltr'><strong><em>nobles</em></strong></span> <span class='ocrx_word' id='word_1_400' title='bbox 1963 5339 1997 5394; x_wconf 90' lang='lat' dir='ltr'><strong><em>in</em></strong></span> <span class='ocrx_word' id='word_1_401' title='bbox 2020 5345 2076 5401; x_wconf 62' lang='lat' dir='ltr'><strong><em>the</em></strong></span> 
     </span>
    </p>
   </div>
   <div class='ocr_carea' id='block_1_6' title="bbox 384 5421 2075 5710">
    <p class='ocr_par' dir='ltr' id='par_1_10' title="bbox 384 5421 2075 5710">
     <span class='ocr_line' id='line_1_37' title="bbox 385 5421 2075 5508; baseline -0.002 -12"><span class='ocrx_word' id='word_1_402' title='bbox 385 5442 463 5508; x_wconf 77' lang='lat' dir='ltr'><strong><em>early</em></strong></span> <span class='ocrx_word' id='word_1_403' title='bbox 489 5439 554 5506; x_wconf 80' lang='lat' dir='ltr'><strong><em>port</em></strong></span> <span class='ocrx_word' id='word_1_404' title='bbox 576 5435 604 5489; x_wconf 85' lang='lat' dir='ltr'><strong><em>ot</em></strong></span> <span class='ocrx_word' id='word_1_405' title='bbox 628 5435 677 5486; x_wconf 92' lang='lat' dir='ltr'><strong><em>the</em></strong></span> <span class='ocrx_word' id='word_1_406' title='bbox 700 5428 779 5499; x_wconf 80' lang='lat' dir='ltr'><strong><em>eigth</em></strong></span> <span class='ocrx_word' id='word_1_407' title='bbox 798 5433 915 5497; x_wconf 79' lang='lat' dir='ltr'><strong><em>century</em></strong></span> <span class='ocrx_word' id='word_1_408' title='bbox 937 5433 967 5481; x_wconf 90' lang='lat' dir='ltr'><strong><em>to</em></strong></span> <span class='ocrx_word' id='word_1_409' title='bbox 990 5425 1079 5479; x_wconf 83' lang='lat' dir='ltr'><strong><em>afford</em></strong></span> <span class='ocrx_word' id='word_1_410' title='bbox 1100 5440 1118 5476; x_wconf 83' lang='lat' dir='ltr'>a</span> <span class='ocrx_word' id='word_1_411' title='bbox 1142 5423 1223 5477; x_wconf 87' lang='lat' dir='ltr'><strong><em>home</em></strong></span> <span class='ocrx_word' id='word_1_412' title='bbox 1244 5421 1286 5474; x_wconf 84' lang='lat' dir='ltr'><strong><em>lor</em></strong></span> <span class='ocrx_word' id='word_1_413' title='bbox 1307 5421 1470 5475; x_wconf 83' lang='lat' dir='ltr'><strong><em>themselves</em></strong></span> <span class='ocrx_word' id='word_1_414' title='bbox 1492 5425 1548 5477; x_wconf 84' lang='lat' dir='ltr'><strong><em>und</em></strong></span> <span class='ocrx_word' id='word_1_415' title='bbox 1569 5427 1643 5480; x_wconf 89' lang='lat' dir='ltr'><strong><em>their</em></strong></span> <span class='ocrx_word' id='word_1_416' title='bbox 1659 5427 1777 5482; x_wconf 77' lang='lat' dir='ltr'><strong><em>tunulies</em></strong></span> <span class='ocrx_word' id='word_1_417' title='bbox 1800 5431 1857 5484; x_wconf 83' lang='lat' dir='ltr'><strong><em>und</em></strong></span> <span class='ocrx_word' id='word_1_418' title='bbox 1884 5435 1956 5492; x_wconf 80' lang='lat' dir='ltr'><strong><em>that</em></strong></span> <span class='ocrx_word' id='word_1_419' title='bbox 1975 5448 2075 5505; x_wconf 68' lang='lat' dir='ltr'><strong><em>cister.</em></strong></span> 
     </span>
     <span class='ocr_line' id='line_1_38' title="bbox 385 5521 2075 5610; baseline -0.019 -15"><span class='ocrx_word' id='word_1_420' title='bbox 385 5542 477 5596; x_wconf 77' lang='lat' dir='ltr'><strong><em>words</em></strong></span> <span class='ocrx_word' id='word_1_421' title='bbox 496 5537 596 5606; x_wconf 84' lang='lat' dir='ltr'><strong><em>placed</em></strong></span> <span class='ocrx_word' id='word_1_422' title='bbox 616 5536 646 5588; x_wconf 88' lang='lat' dir='ltr'><strong><em>in</em></strong></span> <span class='ocrx_word' id='word_1_423' title='bbox 666 5533 847 5601; x_wconf 80' lang='lat' dir='ltr'><strong><em>dependence</em></strong></span> <span class='ocrx_word' id='word_1_424' title='bbox 866 5549 902 5584; x_wconf 93' lang='lat' dir='ltr'><strong><em>on</em></strong></span> <span class='ocrx_word' id='word_1_425' title='bbox 922 5530 987 5582; x_wconf 81' lang='lat' dir='ltr'><strong><em>that</em></strong></span> <span class='ocrx_word' id='word_1_426' title='bbox 1005 5528 1037 5582; x_wconf 85' lang='lat' dir='ltr'><strong><em>ot</em></strong></span> <span class='ocrx_word' id='word_1_427' title='bbox 1052 5524 1237 5588; x_wconf 84' lang='lat' dir='ltr'><strong><em>Lindisiurne‚</em></strong></span> <span class='ocrx_word' id='word_1_428' title='bbox 1256 5524 1279 5576; x_wconf 91' lang='lat' dir='ltr'><strong><em>it</em></strong></span> <span class='ocrx_word' id='word_1_429' title='bbox 1297 5521 1444 5576; x_wconf 87' lang='lat' dir='ltr'><strong><em>continued</em></strong></span> <span class='ocrx_word' id='word_1_430' title='bbox 1463 5527 1492 5576; x_wconf 83' lang='lat' dir='ltr'><strong><em>to</em></strong></span> <span class='ocrx_word' id='word_1_431' title='bbox 1511 5526 1545 5579; x_wconf 81' lang='lat' dir='ltr'><strong><em>be</em></strong></span> <span class='ocrx_word' id='word_1_432' title='bbox 1562 5531 1702 5594; x_wconf 59' lang='lat' dir='ltr'><strong><em>govemed</em></strong></span> <span class='ocrx_word' id='word_1_433' title='bbox 1719 5527 1755 5596; x_wconf 67' lang='lat' dir='ltr'><strong><em>by</em></strong></span> <span class='ocrx_word' id='word_1_434' title='bbox 1774 5535 1856 5598; x_wconf 49' lang='lat' dir='ltr'><strong><em>persy</em></strong></span> <span class='ocrx_word' id='word_1_435' title='bbox 1876 5536 1999 5610; x_wconf 28' lang='lat' dir='ltr'>abbo&amp;</span> <span class='ocrx_word' id='word_1_436' title='bbox 2022 5554 2075 5608; x_wconf 57' lang='lat' dir='ltr'><strong><em>tm</em></strong></span> 
     </span>
     <span class='ocr_line' id='line_1_39' title="bbox 384 5632 970 5710; baseline -0.024 -14"><span class='ocrx_word' id='word_1_437' title='bbox 384 5645 408 5696; x_wconf 87' lang='lat' dir='ltr'><strong><em>it</em></strong></span> <span class='ocrx_word' id='word_1_438' title='bbox 426 5635 557 5710; x_wconf 77' lang='lat' dir='ltr'><strong><em>periched</em></strong></span> <span class='ocrx_word' id='word_1_439' title='bbox 575 5643 607 5695; x_wconf 83' lang='lat' dir='ltr'><strong><em>in</em></strong></span> <span class='ocrx_word' id='word_1_440' title='bbox 626 5636 676 5687; x_wconf 92' lang='lat' dir='ltr'><strong><em>the</em></strong></span> <span class='ocrx_word' id='word_1_441' title='bbox 696 5633 802 5687; x_wconf 76' lang='lat' dir='ltr'><strong><em>Danish</em></strong></span> <span class='ocrx_word' id='word_1_442' title='bbox 821 5632 970 5686; x_wconf 73' lang='lat' dir='ltr'><strong><em>invasione,</em></strong></span> 
     </span>
    </p>
   </div>
   <div class='ocr_carea' id='block_1_7' title="bbox 0 0 2280 6404">
    <p class='ocr_par' dir='ltr' id='par_1_11' title="bbox 0 0 2280 6404">
     <span class='ocr_line' id='line_1_40' title="bbox 0 0 2280 6404; baseline 0 0"><span class='ocrx_word' id='word_1_443' title='bbox 0 0 2280 6404; x_wconf 95' lang='lat' dir='ltr'><strong><em> </em></strong></span> 
     </span>
    </p>
   </div>
  </div>
 </body>
</html>
