4598 6414
1031 396 1247 458 BERNOWINI
1266 393 1441 458 CARMINA.
1531 429 1534 434 Δ

1186 625 1294 694 xxv.

1067 754 1417 847 [incrassare]

802 889 996 974 llngilberto
1037 888 1096 953 des
1135 889 1209 974 pius
1243 888 1337 955 Alme
1378 887 1532 953 micantia
1570 887 1678 974 regnd

803 992 893 1060 llatis
935 992 991 1076 qui
1026 991 1115 1054 mitis
1153 989 1323 1058 homillum
1347 1012 1406 1076 per
1425 990 1678 1058 luminalumell

804 1093 911 1164 Gratis
956 1093 1110 1158 concedis
1154 1094 1207 1158 cui
1244 1093 1369 1161 Grande
1404 1095 1489 1158 mole
1524 1094 1679 1163 subitoli

802 1200 888 1264 illius
934 1219 975 1260 cn
1017 1197 1173 1261 miserere
1217 1198 1289 1282 plus
1335 1198 1390 1281 qui
1435 1206 1530 1283 septe
1573 1200 1680 1264 vocati

737 1325 749 1361 s
802 1303 901 1371 laete
954 1301 1007 1364 hic
1050 1300 1130 1365 fecit
1174 1299 1266 1384 vigil.
1290 1307 1323 1363 et
1346 1321 1423 1365 vere
1453 1302 1515 1364 sibi
1555 1301 1681 1369 consul

801 1407 926 1474 Bellum
965 1425 1029 1490 quo
1068 1403 1173 1486 fugiat
1204 1402 1680 1472 zaBulidiscriminccumlob

803 1511 839 1575 Et
876 1509 993 1572 merito
1030 1506 1152 1570 babeat
1184 1507 1265 1592 praE
1296 1528 1415 1590 magno
1445 1508 1569 1571 lumine
1591 1509 1680 1574 vita!

802 1611 871 1679 Rex
894 1631 1009 1694 regum
1025 1608 1175 1673 domiuus
1199 1607 1323 1694 pallcas
1358 1611 1390 1673 ei
1430 1611 1510 1675 iuris
1546 1611 1680 1679 amatoll

800 1712 850 1781 Tu
872 1735 933 1777 rex
956 1714 1122 1777 inmensus
1144 1705 1224 1798 puro
1241 1711 1330 1777 Tibi
1370 1712 1501 1777 cardine
1537 1714 1681 1780 servil'

727 1838 752 1876 ro
805 1815 915 1885 (lmnis
938 1837 1078 1900 namque
1111 1815 1171 1877 sub
1195 1813 1267 1883 sltll
1306 1821 1416 1879 rotans
1451 1817 1547 1902 copia
1584 1815 1680 1885 caelo

1179 2192 1306 2260 XXVI.

872 2315 952 2406 [AN
955 2315 1196 2392 GILBERTO
1225 2318 1298 2424 Sir
1325 2317 1457 2391 VERA
1484 2315 1610 2408 LUX.]

782 2449 890 2529 Alme,
925 2449 958 2512 in
989 2455 1021 2514 te
1052 2450 1165 2530 credo,
1204 2451 1259 2535 qni
1288 2472 1407 2535 regnas
1436 2452 1540 2515 trinus
1572 2459 1605 2515 et
1635 2449 1726 2521 unns

782 2551 897 2619 llatum
915 2559 1012 2636 atque
1031 2553 1064 2615 in
1082 2536 1312 2637 sanctuquui
1328 2553 1448 2617 demsit
1463 2554 1599 2617 crimina
1613 2553 1724 2622 mundl

783 2654 891 2722 Gloria
914 2656 1128 2740 praefulgens
1156 2663 1213 2721 tua
1243 2678 1341 2741 quern
1365 2677 1463 2743 super
1486 2656 1600 2721 ethera
1622 2655 1726 2724 vexil'

728 2781 732 2793 ⁴
783 2759 858 2828 lude
926 2769 977 2826 est
1033 2771 1190 2842 venturus
1251 2762 1373 2843 iudex,
1439 2763 1588 2826 mirabile
1650 2762 1724 2831 visll

718 2884 730 2921 ⁶
788 2862 924 2930 Lumina
968 2886 1031 2949 quo
1077 2865 1198 2929 sanctis
1244 2873 1278 2930 et
1323 2864 1438 2929 reddat
1479 2865 1584 2928 tristia
1633 2864 1736 2932 terrE.

783 2965 905 3032 Blande
921 2987 1027 3030 meam
1044 2987 1205 3052 cognosce
1227 2967 1335 3046 fidem,
1351 2989 1442 3051 rogo,
1461 2967 1598 3051 quisque
1614 2967 1727 3035 vietoll

782 3068 820 3136 Et
855 3069 970 3132 humili
997 3092 1095 3158 prece
1120 3092 1178 3134 vos
1205 3071 1339 3134 humilis
1362 3077 1439 3156 peto
1468 3078 1577 3134 mente
1602 3071 1726 3138 serena

781 3169 936 3237 Rectores
972 3194 1031 3259 pro
1067 3194 1120 3236 mc
1152 3171 1274 3236 Christi
1308 3173 1429 3236 iustum
1457 3177 1533 3234 ante
1569 3172 1725 3241 tribunat

780 3272 863 3341 Tota
918 3283 1027 3340 mente
1083 3275 1217 3360 benigni
1272 3297 1330 3339 vos
1388 3275 1571 3339 submittite
1624 3275 1727 3345 lhesll

701 3401 725 3439 ιο
783 3375 898 3445 (lmnia
929 3398 993 3463 quo
1031 3385 1150 3464 purget
1180 3379 1325 3443 clemens
1360 3399 1433 3442 mea
1461 3377 1598 3440 crimina
1626 3378 1729 3447 iudex

1173 3755 1315 3821 XXVII.

926 3881 1293 3956 neurrneuuuu
1322 3874 1568 3978 [Aunlorst

786 4014 850 4089 Qui
875 4017 978 4102 cupis,
1002 4023 1038 4080 ut
1060 4015 1215 4102 precibus
1238 4013 1360 4077 domini
1383 4035 1530 4079 mereare
1554 4015 1712 4094 favorem,

870 4120 935 4184 Hic
958 4120 1162 4184 interventus
1186 4125 1261 4182 ante
1285 4119 1414 4205 require
1439 4119 1535 4184 viam.

785 4222 940 4286 Protinus
964 4223 1111 4287 invenies
1135 4223 1274 4300 veniam,
1298 4229 1491 4307 portumque
1516 4222 1641 4302 salutis,

870 4324 905 4388 Si
927 4325 1001 4389 fidis
1025 4327 1141 4389 animis
1165 4325 1226 4389 boc
1249 4325 1332 4388 duce
1356 4325 1486 4409 quaeris
1511 4326 1584 4389 iter.

718 4452 730 4488 s
786 4429 852 4492 Hic
875 4449 1015 4512 namque
1039 4435 1090 4491 est
1112 4449 1209 4492 verus
1233 4427 1355 4491 domini
1379 4448 1545 4513 purusque
1570 4427 1733 4508 sacerdos,

872 4530 978 4603 Quem
1001 4530 1100 4594 nullis
1125 4529 1263 4594 mundus
1286 4530 1404 4616 polluit
1426 4531 1489 4594 istc
1514 4529 1609 4594 dolis.

788 4633 862 4697 Non
886 4634 954 4696 irse
978 4653 1184 4719 pompaeque
1208 4640 1323 4711 tumor,
1347 4653 1412 4696 non
1436 4632 1545 4696 ferror
1567 4633 1719 4712 habendi,

869 4733 943 4797 Non
966 4734 1094 4818 fragilis
1118 4737 1216 4798 luxus
1240 4735 1315 4799 huic
1338 4756 1481 4799 nocuere
1505 4737 1584 4799 viro.

790 4837 855 4903 Sed
881 4845 1044 4915 constans,
1068 4838 1209 4918 humilis,
1233 4839 1355 4923 largus,
1379 4839 1522 4924 paciens,
1546 4839 1629 4924 pius,
1652 4840 1768 4922 almus,

707 4963 732 5001 ιο
878 4940 1011 5004 Civibus
1036 4941 1091 5004 ille
1116 4942 1184 5004 suis
1209 4941 1379 5005 commoda
1403 4949 1520 5005 cuncta
1543 4941 1642 5022 dedit,

533 5083 767 5094 „—......--—-—
945 5082 1047 5090 ——-.-·—
1057 5083 1096 5088 -ψ-
1122 5083 1221 5088 ...μ-μ
1519 5082 1603 5087 ——--
1614 5082 1774 5090 ---.--...-...
1780 5085 1877 5092 *ῃ-

493 5169 589 5237 [XXV]
627 5170 640 5221 l
660 5165 752 5230 11101’,
771 5167 923 5217 Bsrnowino
934 5166 1018 5229 Mola,
1035 5167 1187 5233 Angilberto
1205 5167 1304 5217 Betlsm.

494 5253 597 5322 [XXVI]
637 5251 748 5319 3qusm
761 5251 787 5302 P

494 5339 614 5408 [XXVII]
627 5341 686 5391 Hoc
697 5348 721 5390 et
733 5338 861 5403 scortantis
873 5338 992 5388 carusius
1005 5340 1057 5389 alie
1070 5346 1213 5388 strumento
1226 5345 1336 5387 aurate
1345 5345 1404 5386 sum
1414 5337 1541 5401 literisque
1550 5339 1693 5390 uncialibus
1702 5341 1807 5407 iuteqro.
1881 5343 1893 5393 l
1909 5343 2042 5410 praecibus
2053 5341 2079 5392 P

423 5425 588 5478 3inuenisnr
607 5425 638 5489 P,
661 5425 776 5475 invenies
797 5424 899 5473 veniam
923 5423 1008 5488 Mau,
1029 5424 1136 5489 patriam
1155 5422 1226 5484 Mai,
1244 5423 1322 5471 vitam
1341 5421 1439 5471 Bellias.
1543 5421 1632 5476 besse
1645 5424 1676 5489 Ρ,
1693 5434 1733 5477 est
1752 5427 1820 5478 Mer.
1925 5427 1942 5479 6
1961 5429 2035 5479 dolus
2045 5427 2076 5490 P,

423 5516 488 5569 dolis
506 5513 577 5564 Mar.
682 5509 697 5562 ‘l
716 5513 754 5562 ira
772 5528 906 5578 ponpeque
920 5510 946 5560 P
1045 5510 1062 5561 8
1079 5508 1186 5560 huncP
1264 5507 1280 5558 tl
1300 5510 1402 5575 paciens
1420 5511 1478 5575 pius
1495 5509 1601 5560 sedulus
1616 5510 1644 5575 P,
1663 5513 1720 5578 pius
1732 5515 1815 5566 almus
1828 5515 1909 5577 Mar„
1926 5516 2076 5581 patiensque

423 5603 532 5669 piusque
551 5599 615 5651 Mat.
638 5608 695 5665 post
717 5615 818 5650 summ
835 5594 907 5648 1οΡ
928 5595 1001 5647 babet
1019 5599 1083 5647 item
1100 5595 1193 5659 aliurn,
1217 5596 1245 5644 ld
1264 5596 1393 5661 proprium
1411 5604 1464 5657 ete,
1481 5595 1527 5645 sed
1544 5595 1633 5648 Maius
1650 5607 1715 5649 recte
1726 5600 1779 5652 iaus
1797 5601 1924 5667 coenavit,
1947 5601 2077 5666 sequeutia

425 5705 482 5742 crem
495 5686 662 5754 praecedeuti
679 5703 759 5736 uuum
777 5685 870 5752 efficere
888 5682 1045 5750 epitaphium
