4612 6420
1085 425 1236 483 ALCUINI
1254 427 1429 484 CARMINA.

1230 621 1284 667 xrv

801 700 951 767 Antistss
974 701 1105 768 humilis
1129 702 1250 768 domini
1273 711 1306 770 et
1329 704 1467 770 devotus
1490 706 1613 772 honore

801 804 955 870 Arnonus
979 807 1084 871 sancti
1105 807 1250 872 tumbam
1274 811 1444 874 renovavit
1464 809 1617 892 Amandi,

800 909 874 974 Non
897 931 1035 996 parcens
1060 911 1194 996 opibus;
1217 911 1347 976 miseris
1370 933 1445 977 nam
1468 912 1624 998 quidquid
1647 915 1790 980 habebat

801 1012 974 1099 Sparserat
996 1020 1030 1078 et
1052 1012 1175 1078 Christi
1200 1016 1339 1101 compsit
1362 1037 1455 1080 sacra
1478 1017 1600 1102 templa
1622 1019 1792 1084 sacerdos:

731 1136 742 1172 s
799 1115 863 1180 Pro
888 1138 963 1201 quo,
987 1117 1123 1201 quisque
1146 1117 1239 1202 legas
1263 1138 1391 1200 versus,
1415 1139 1507 1183 orare
1531 1127 1706 1186 memento.

1236 1319 1278 1362 xv

799 1398 864 1463 Hic
885 1405 981 1485 pater
1003 1406 1037 1464 et
1060 1406 1172 1486 pastor
1193 1421 1343 1486 magnus,
1367 1399 1555 1488 Christique
1579 1403 1742 1486 sacerdos,

800 1499 939 1566 Sanctus
961 1501 1130 1567 Amandus
1154 1503 1239 1584 obit,
1270 1503 1436 1568 Christum
1460 1506 1516 1589 qui
1538 1527 1667 1593 semper
1689 1510 1826 1584 amasim

798 1604 944 1669 Plurima
966 1606 1022 1690 qui
1044 1606 1157 1670 vivens
1179 1607 1306 1671 meritis
1329 1606 1487 1670 miracula
1508 1610 1623 1692 gessit,

798 1707 899 1773 Cuius
923 1709 990 1772 vita
1012 1707 1075 1772 fuit
1098 1706 1245 1773 doctrina
1268 1711 1421 1795 salusque
1445 1730 1592 1781 suorum:

661 1875 663 1880 ,
736 1831 748 1867 s
805 1807 868 1881 Qui
891 1811 956 1875 iam
980 1809 1111 1875 divitias
1135 1812 1216 1876 secli
1239 1812 1434 1897 contempsit
1456 1811 1590 1894 habere,

797 1912 963 1978 Aetemas
987 1912 1110 1978 Christi
1132 1920 1169 1978 ut
1192 1915 1275 1980 caeli
1298 1916 1439 1979 lucraret
1462 1915 1495 1979 in
1518 1917 1604 1981 aula.

797 2015 1028 2103 Multiplicavit
1051 2038 1132 2103 opes
1154 2017 1335 2082 animarum
1359 2017 1473 2083 doctor
1494 2019 1626 2105 ubique,

796 2118 969 2206 Exemplis
991 2119 1134 2185 formans
1159 2118 1289 2210 Christo
1313 2120 1446 2187 doctore
1469 2124 1635 2208 magister.

797 2222 862 2287 Hic
885 2229 981 2309 pater
1004 2223 1157 2308 egregius
1180 2222 1310 2288 Christo
1333 2225 1395 2289 hoc
1418 2225 1567 2290 fundavit
1590 2227 1685 2304 ovile,

716 2346 740 2383 ιο
797 2324 842 2389 Et
863 2332 939 2412 post
961 2326 1114 2412 perpetui
1136 2345 1219 2411 quae
1244 2327 1365 2412 sparsit
1388 2328 1514 2392 semina
1536 2329 1631 2414 regni

795 2428 837 2492 In
858 2431 1008 2515 populos,
1031 2436 1178 2493 nostrum
1199 2430 1297 2515 longe
1321 2430 1452 2514 lateque
1475 2451 1534 2516 per
1557 2430 1681 2512 orbem,

796 2531 877 2596 Post
898 2532 1022 2597 fructus
1046 2531 1149 2614 verbi,
1173 2552 1271 2597 saeva
1294 2539 1328 2598 et
1350 2539 1425 2618 post
1445 2534 1569 2619 praelia
1592 2536 1704 2600 mundi

798 2634 1078 2722 Contemplativos
1102 2635 1225 2721 placuit
1247 2635 1301 2700 hic
1325 2657 1459 2721 carpere
1482 2635 1617 2718 fructus,
1712 2717 1717 2724 Ι

795 2737 906 2825 Atque
930 2738 992 2804 deo
1016 2739 1078 2805 soli
1099 2745 1229 2803 tantum
1251 2740 1373 2805 servire
1396 2739 1538 2828 quietus.

716 2863 739 2900 ιο
797 2843 967 2908 Perfectus
990 2843 1116 2907 maritis
1139 2848 1260 2928 pastor,
1284 2844 1466 2929 plenusque
1488 2842 1625 2923 dierum,

797 2945 955 3010 Coetibus
978 2946 1137 3032 angelicis
1161 2943 1284 3010 Christi
1307 2946 1484 3011 subvectus
1508 2946 1542 3009 in
1564 2947 1682 3028 aulam,

796 3049 942 3136 Corpore
964 3051 1135 3116 nobiscum
1159 3055 1271 3113 sancto
1295 3049 1474 3134 requiescit
1495 3049 1664 3123 humatus;

794 3153 859 3218 Pro
883 3155 975 3219 cuius
999 3154 1126 3218 meritis
1149 3158 1279 3217 nosmet
1301 3153 1365 3234 hic,
1390 3151 1532 3232 Christe,
1555 3159 1663 3220 tuere,

794 3256 933 3343 Semper
955 3258 988 3321 in
1011 3263 1182 3322 aeternum
1205 3256 1266 3320 tibi
1289 3257 1441 3333 sitlans,
1465 3256 1579 3340 gloria,
1602 3257 1716 3338 virtus,

711 3381 736 3419 20
793 3357 857 3432 Qui
879 3361 978 3425 talem
1002 3359 1140 3426 dederas
1163 3358 1270 3442 nohis,
1291 3381 1353 3424 rex
1374 3359 1533 3447 piissime,
1557 3365 1694 3444 patrem.

1009 3817 1013 3824 .
1139 3753 1364 3822 LXXXVIII.

560 3903 569 3945 1
604 3878 651 3943 IN
674 3876 927 3958 AECCLESIA
951 3877 1114 3943 SANCTI
1137 3873 1335 3941 VEDASTI
1357 3872 1406 3937 IN
1429 3873 1625 3938 PARIETE
1650 3874 1952 3943 SCRIBENDUM.

793 3999 887 4065 Haec
911 3999 1025 4064 domus
1049 3999 1134 4063 alma
1157 3997 1211 4062 dei
1233 3995 1371 4060 flammis
1395 3995 1633 4081 crepitantibus
1658 3996 1735 4060 olim

874 4102 967 4167 Arsit
989 4109 1022 4166 et
1045 4103 1079 4166 in
1102 4102 1229 4166 cineres
1252 4107 1322 4164 tota
1343 4098 1477 4163 redacta
1497 4100 1570 4180 ruit,

795 4204 872 4288 Sed,
896 4205 1072 4271 miserante
1095 4205 1168 4284 deo,
1191 4203 1294 4282 Rado,
1317 4202 1514 4268 venerabilis
1539 4201 1624 4266 abba

876 4309 1068 4375 Construxit
1090 4309 1208 4374 melius
1230 4329 1268 4372 ac
1291 4307 1463 4372 renovavit
1486 4327 1559 4372 earn
1571 4308 1592 4386 ¹,

724 4435 735 4472 s
794 4412 941 4478 Plurima
963 4413 1131 4499 praesenti
1153 4411 1264 4476 domui
1287 4418 1478 4475 ornamenta
1499 4409 1699 4490 ministrans,

878 4516 1052 4582 Exornans
1076 4525 1178 4582 totam
1201 4512 1457 4599 muneribusque
1482 4514 1592 4578 sacris.

539 4739 551 4804 ΙΙ
572 4739 634 4807 [xlv]
652 4739 670 4792 4
689 4749 719 4839 pt
736 4741 865 4804 ChristiQ
975 4743 986 4808 ΙΙ
1004 4741 1056 4808 [xv]
1076 4741 1093 4793 3
1110 4741 1258 4805 veniensQ,
1275 4741 1404 4792 viveusF
1495 4739 1645 4802 bseculiQ
1738 4739 1891 4802 osunmo
1976 4738 2087 4809 SetQ,

426 4825 709 4978 Chmmffiffllfflss
761 4911 772 4978 ΙΙ
794 4911 820 4979 [r]
839 4916 869 4965 ln
885 4915 1095 4966 -scribendum
1120 4915 1293 4966 Atrebatemsia
1320 4914 1374 4964 cod.
1399 4910 1450 4964 734
1466 4915 1492 4979 f.
1510 4911 1561 4976 91⁴,
1591 4911 1790 4964 Wudohoncnsis
1815 4909 1867 4964 &30
1890 4913 1911 4979 s.
1931 4909 1997 4976 113,
2024 4917 2086 4968 cod.

424 4996 506 5049 Dusae.
525 4995 576 5049 753
595 4995 678 5063 1287‘,
705 4999 758 5050 sime
775 5001 847 5051 tituto
869 5000 890 5063 Q
902 5019 932 5067 p.
943 4998 1011 5052 1690
1028 5020 1053 5052 a.
1072 5003 1333 5064 LXVI-LXXXVI,
1352 5000 1423 5052 cuius
1440 4999 1534 5050 meida
1551 4999 1653 5049 nriuims
1670 4998 1800 5049 adnotavi.
1834 4997 1859 5048 A
1878 5014 1963 5049 omncs
1981 5000 2088 5053 litteras

423 5084 534 5135 initiales
552 5084 712 5150 Sepulcrum
729 5086 941 5152 epigrammatum
959 5088 1047 5138 coibit.
1151 5086 1166 5137 1
1185 5088 1257 5138 Haec
1274 5103 1340 5137 corr.
1359 5086 1385 5135 in
1402 5087 1458 5136 Hoc
1476 5084 1520 5134 Du
1588 5085 1648 5135 aula
1664 5085 1705 5135 dai
1717 5084 1763 5134 Da

525 5254 552 5321 1)
573 5253 617 5322 Cf.
636 5254 791 5324 epistolum,
816 5271 897 5324 quam
915 5255 1051 5310 Atestinus
1073 5255 1212 5322 fratribus
1236 5255 1392 5309 Vedustiuis
1415 5254 1529 5324 scripsit
1552 5253 1640 5322 (Mon.
1659 5253 1769 5308 Alcaico.
1789 5252 1861 5321 729):
1885 5251 1963 5307 Sicut
1982 5255 2086 5312 domni

421 5345 531 5401 abbatis
549 5350 696 5418 vestraque
720 5349 884 5404 suavissima
910 5349 1011 5404 caritas
1034 5349 1225 5417 demandavit,
1254 5367 1347 5404 versus
1370 5366 1420 5419 per
1443 5349 1568 5419 singulos
1592 5347 1691 5402 titulos
1714 5348 1909 5402 aecclesiarum
1928 5350 1957 5402 et
1975 5349 2086 5408 altaria

421 5439 532 5510 singula
550 5441 728 5506 dictavimus,
755 5447 784 5498 et
806 5444 917 5498 utinam
940 5447 999 5497 tam
1021 5444 1228 5498 rationabiliter
1250 5463 1335 5514 quarn
1356 5443 1489 5507 libenter,
1516 5443 1583 5512 quia
1610 5446 1718 5497 vestras
1742 5442 1900 5497 sanctitatis
1918 5442 2010 5500 ,iussio
2033 5463 2086 5504 me

421 5535 564 5605 compellit
592 5537 678 5592 citato
702 5537 809 5592 dictare
833 5555 957 5593 sannone
982 5545 1045 5606 etc.,·
1073 5540 1153 5608 epist.
1175 5539 1213 5592 ad
1231 5539 1376 5594 Radoaem
1398 5539 1491 5593 datam
1507 5539 1560 5591 212
1584 5537 1630 5606 (ih.
1651 5537 1725 5606 'totlz
1753 5537 1832 5592 Sicut
1855 5555 1958 5607 magno
1980 5539 2084 5598 labore
2186 5567 2188 5574 ·

419 5629 532 5684 domum
551 5631 596 5685 dei
613 5633 719 5702 optimc
736 5633 821 5688 habes
837 5637 963 5687 ornatam
976 5636 1004 5686 et
1013 5633 1177 5703 largissimis
1192 5632 1271 5688 donis
1287 5634 1453 5688 decoratam.
1484 5633 1526 5700 Cf.
1537 5632 1655 5686 codicem
1673 5649 1700 5686 a.
1712 5632 1762 5686 753
1773 5648 1795 5686 s.
1809 5631 1869 5686 ΧΠ.
1880 5633 1904 5700 s.
1914 5633 1956 5686 85⁴
1969 5635 2005 5700 (a.
2017 5637 2085 5709 790)

420 5723 499 5778 Rndo
523 5725 596 5779 abba
618 5727 780 5781 monasterii
803 5728 893 5782 sancti
912 5727 1029 5780 Vedasti
1056 5727 1187 5791 efflatum
1214 5727 1295 5796 fissl‘
1318 5727 1398 5782 Rado
1420 5727 1493 5781 abba
1515 5725 1682 5781 venerabilis
1701 5729 1730 5780 et
1747 5731 1837 5784 rector
1854 5727 1942 5798 patris
1961 5728 2087 5789 vedasti
