4694 6428
1064 427 1213 483 ALCUlNl
1231 429 1407 486 cluntre.

735 623 772 660 ⁵⁴⁵
829 602 915 668 Tuta
937 606 1036 690 fugae
1059 607 1186 694 petiere
1209 607 1282 671 loca
1305 611 1338 670 et
1361 625 1420 669 sua
1443 604 1537 688 signa
1559 604 1730 672 revellunt.

829 705 1002 772 Palantum
1025 731 1146 774 cuneos
1170 710 1275 774 victor
1297 731 1356 773 rex
1380 707 1488 772 caedit
1509 707 1641 791 ubique,

829 810 1013 876 Horrisona
1035 814 1232 899 increpitans
1256 813 1421 896 fugientes
1444 832 1523 874 voce
1546 811 1737 896 phalangas.

830 914 932 978 Arma
953 937 1069 980 cruore
1093 922 1216 982 natant.
1239 921 1405 979 mutantur
1428 915 1585 998 sanguine
1609 915 1733 986 fontes:

828 1017 927 1101 Fugit
950 1025 983 1082 et
1005 1019 1076 1104 ipse
1100 1019 1207 1099 simul,
1228 1025 1319 1084 tanta
1341 1019 1396 1083 vix
1419 1017 1512 1082 clade
1535 1025 1680 1100 coactus,

748 1139 755 1148 ·
829 1118 908 1182 Dux
930 1119 1077 1201 Pendan‚
1101 1143 1241 1187 cernens
1265 1121 1384 1186 caedes
1408 1128 1600 1206 stragesque
1625 1142 1772 1192 suorum:

828 1220 899 1286 Nec
923 1229 1033 1288 tamen
1056 1226 1179 1289 evaluit
1201 1226 1330 1310 fugiens
1353 1223 1494 1290 eradere
1517 1231 1666 1296 mortem,

830 1324 896 1389 Sed
918 1326 1028 1410 gladio
1052 1327 1169 1392 cecidit
1190 1329 1316 1393 victrici
1338 1329 1467 1392 occisus
1490 1335 1525 1393 et
1546 1329 1612 1392 ille.

828 1427 977 1494 Curritur
998 1431 1040 1495 ad
1062 1431 1217 1517 praedam
1240 1434 1372 1519 passim,
1396 1439 1430 1497 et
1452 1432 1523 1496 laus
1546 1431 1646 1517 digna
1667 1435 1794 1497 tonanti

828 1531 991 1598 Redditur
1012 1543 1158 1606 aeterno.
1182 1557 1312 1622 semper
1334 1535 1388 1621 qui
1411 1534 1529 1600 liberat
1551 1554 1663 1599 omnes

749 1656 772 1691 'aa
829 1635 868 1699 In
892 1658 928 1701 se
951 1644 1123 1723 sperantes
1147 1639 1290 1704 clemens
1314 1646 1347 1703 et
1370 1639 1474 1702 salvat
1496 1639 1628 1723 ubique.

827 1737 902 1802 Hoc
924 1748 1003 1820 erat,
1027 1742 1089 1807 hoc
1113 1743 1212 1806 etiam
1234 1744 1346 1806 multis
1371 1743 1450 1806 satis
1472 1742 1553 1806 utile
1576 1743 1719 1817 bellum;

827 1842 975 1929 Namque
999 1868 1091 1911 suam
1115 1852 1247 1932 gentem
1269 1868 1327 1912 rex
1349 1847 1499 1911 hostibus
1523 1848 1608 1912 eruit
1631 1849 1725 1915 acris.

827 1946 1025 2014 Merciorum
1047 1950 1123 2016 fidei
1147 1952 1285 2036 sceptris
1308 1958 1342 2015 et
1364 1949 1509 2015 subdidit
1531 1950 1637 2030 almis,

829 2050 964 2118 Sacrate
987 2055 1110 2120 iaciens
1133 2056 1340 2142 baptismatis
1363 2076 1459 2119 amne
1482 2056 1595 2119 lavari.

764 2177 766 2180 ·
828 2155 959 2242 Perque
981 2159 1084 2240 illum,
1106 2159 1248 2224 donante
1272 2158 1345 2237 deo,
1369 2157 1490 2222 ditatur
1512 2165 1650 2243 uterque

828 2259 1002 2345 Magnifico
1025 2262 1166 2348 populus
1189 2262 1342 2327 caelestis
1364 2283 1500 2326 munere
1523 2261 1613 2325 doui:

828 2358 889 2426 Ille
912 2363 1029 2428 haeres
1051 2366 1176 2450 patriae
1198 2364 1317 2445 fectus,
1340 2364 1394 2429 hic
1417 2365 1496 2428 ciris
1519 2363 1662 2450 Olympi.

828 2464 936 2531 Ambo
960 2468 1101 2552 gentiles
1124 2469 1255 2554 gemino
1278 2469 1422 2532 micuere
1446 2467 1619 2552 triumpho,

827 2566 1007 2634 Daemonis
1030 2570 1086 2636 ille
1109 2571 1198 2656 iugo,
1220 2579 1351 2636 terreno
1374 2570 1428 2633 hic
1450 2570 1545 2634 hoste
1570 2572 1706 2634 solutus.

872 2671 1019 2737 Plurima
1041 2675 1205 2739 continuis
1229 2673 1354 2738 domuit
1374 2679 1450 2760 post
1472 2694 1575 2758 regna
1597 2674 1769 2760 triumphis

827 2773 920 2854 Osui,
942 2778 1098 2842 nobilitor
1119 2779 1244 2864 patrias
1267 2784 1300 2842 et
1322 2779 1409 2842 rexit
1431 2777 1586 2848 habenas.

827 2876 1084 2967 Aequoreosque
1108 2881 1172 2946 sibi
1193 2889 1309 2967 gentes
1333 2880 1507 2945 hincinde
1531 2881 1679 2965 subegit;

828 2981 899 3046 Has
922 2989 1045 3049 terrore
1068 3006 1231 3070 premens,
1255 2986 1328 3049 illas
1351 3005 1504 3049 mucrone
1528 3005 1695 3061 coercens,

823 3083 985 3151 Victrices
1007 3088 1134 3172 aquilas
1157 3109 1217 3175 per
1239 3108 1340 3172 regna
1362 3087 1489 3152 ferebat
1511 3085 1645 3172 ubique.

741 3208 751 3244 r
821 3186 968 3273 Legibus
990 3189 1046 3254 ille
1070 3191 1168 3255 etiam
1191 3191 1298 3256 iuerat
1319 3191 1519 3255 iustissimus
1542 3191 1668 3274 aequis.

822 3291 968 3357 Invictus
991 3293 1088 3358 bellis
1112 3315 1174 3359 nec
1197 3315 1262 3359 non
1284 3295 1319 3359 in
1341 3315 1423 3380 pace
1446 3293 1564 3374 tidelis,

823 3396 994 3462 Donomm
1016 3399 1126 3483 largus
1149 3399 1289 3478 miseris,
1312 3399 1397 3484 pius,
1420 3398 1571 3462 omnibus
1594 3417 1729 3482 aequus.

825 3500 1002 3589 Imperium
1024 3505 1171 3568 retinens
1195 3510 1351 3588 septenos
1372 3523 1447 3566 nam
1471 3508 1587 3586 quater
1609 3523 1722 3582 annos,
1862 3520 1894 3570 Β.
1909 3521 1994 3574 1115.

829 3603 1027 3692 Compositis
1051 3606 1148 3670 rebus
1171 3606 1249 3670 felix
1275 3607 1306 3670 in
1329 3627 1411 3691 paco
1435 3606 1568 3690 quierit,

733 3728 770 3765 su
821 3708 966 3793 ngredo
989 3709 1122 3775 tradens
1144 3709 1276 3796 proprio
1299 3707 1485 3773 diademata
1506 3716 1593 3788 nato,

823 3811 968 3896 Eglredo
992 3812 1135 3878 moriens
1159 3814 1283 3898 regalia
1305 3819 1435 3898 sceptra
1457 3814 1657 3897 relinquens,

871 3916 1035 4002 Tempore
1057 3938 1133 3983 nam
1155 3917 1269 3981 micuit
1291 3915 1465 3981 Wilfridus
1489 3917 1662 4002 episeopus
1686 3916 1756 3984 illo.
1860 3936 1891 3986 R,
1905 3937 1956 4002 rr,
1970 3949 2003 3986 13.

824 4017 930 4092 Quem
953 4021 1034 4086 deus
1057 4021 1264 4107 omnipotens
1286 4019 1406 4084 infudit
1428 4021 1502 4086 luce
1526 4041 1676 4107 superna,

823 4121 979 4188 Errorum
1003 4125 1137 4190 tetricas
1161 4125 1257 4189 terris
1280 4131 1317 4188 ut
1339 4124 1481 4209 pelleret
1502 4124 1646 4194 umbras,

730 4245 753 4281 as
822 4224 887 4290 Per
909 4227 983 4291 loca
1004 4235 1183 4314 perpetuae
1206 4235 1406 4314 quapropter
1427 4228 1531 4291 multa
1553 4228 1668 4291 salutis

823 4327 987 4394 Gentibus
1009 4338 1043 4397 et
1065 4332 1195 4417 populis
1219 4331 1386 4395 doctrinae
1410 4330 1534 4394 lumina
1557 4330 1685 4416 sparsit.

822 4431 915 4497 Illius
938 4435 1091 4498 australis
1115 4435 1221 4499 studio
1247 4434 1392 4498 Saxonia
1415 4433 1583 4496 Christum

823 4534 985 4618 Credidit,
1009 4545 1043 4602 et
1066 4538 1153 4603 claro
1176 4538 1309 4623 perfusa
1332 4544 1385 4604 cst
1407 4536 1558 4623 lampade
1581 4537 1678 4601 vitae.

822 4638 893 4705 Nec
917 4642 1024 4705 solum
1046 4642 1184 4728 populos
1207 4641 1334 4706 animae
1358 4641 1399 4706 de
1422 4647 1526 4705 morte
1550 4641 1693 4726 maligna

741 4761 765 4798 se
822 4741 903 4808 Illos
927 4745 1065 4810 antistes
1089 4745 1246 4810 doctrinis
1269 4745 1355 4810 eruit
1377 4745 1482 4820 almis,

822 4845 888 4911 Sed
911 4869 992 4914 nece
1016 4848 1057 4914 dc
1080 4856 1254 4936 praesente
1278 4850 1374 4913 simul
1398 4849 1538 4913 salvavit
1561 4847 1706 4912 eosdem.

819 4950 982 5038 Tempore
1006 4955 1167 5039 contiguis
1191 4955 1247 5018 illo
1270 4974 1345 5018 uam
1369 4953 1430 5017 suh
1453 4952 1558 5016 tribus
1583 4952 1677 5016 annis

820 5053 894 5119 Non
918 5078 988 5136 ros,
1011 5079 1076 5122 non
1099 5058 1203 5123 imber
1227 5057 1377 5122 sitientes
1402 5056 1522 5140 inrigat
1545 5076 1659 5139 agros:

819 5157 923 5222 Arida
945 5160 1156 5246 flammigeris
1178 5161 1318 5225 tabescit
1340 5166 1428 5225 terra
1450 5159 1511 5223 sub
1534 5159 1644 5230 astris,

741 5309 744 5316 .
820 5259 864 5324 nt
886 5262 1008 5327 victum
1030 5265 1154 5349 pariter
1175 5264 1362 5349 hominique
1386 5263 1541 5348 feraeque
1566 5261 1719 5346 negabat.

819 5363 929 5449 Atque
952 5365 1072 5431 famem
1096 5368 1245 5452 sequitur
1266 5367 1462 5431 morientum
1485 5366 1586 5430 cladis
1610 5386 1758 5432 acervus.

818 5465 1087 5555 Praecipitesque
1110 5477 1207 5535 ruunt
1229 5471 1323 5536 multi
1346 5469 1386 5534 de
1410 5470 1546 5555 rupibus
1570 5470 1664 5542 altis;

819 5567 884 5632 Ast
906 5571 961 5635 alii
985 5571 1109 5659 rapidis
1132 5596 1207 5639 sese
1229 5595 1375 5638 mersere
1399 5573 1458 5637 suh
1481 5573 1588 5654 undis,

818 5669 864 5734 Ut
887 5672 949 5736 sibi
972 5676 1177 5761 praeriperet
1198 5677 1332 5760 longum
1356 5676 1421 5739 cita
1442 5697 1530 5741 mors
1554 5677 1743 5741 cruciatum.
