4612 6414
710 407 915 460 PRAEFATIO
936 408 1030 460 LIBRI
1051 407 1205 462 confinis.
1242 405 1405 462 HYMNUS.
1487 381 1488 384 Ἴ

1024 596 1084 663 IV.

812 722 997 796 VERSUS
1026 721 1287 798 ZMARACDI.

362 859 389 917 1.
415 853 513 918 Sume
536 854 707 940 plectrum,
731 855 842 940 lingua
865 856 961 920 metri

410 962 508 1040 tange
533 955 647 1020 cordas
672 956 807 1038 trochei,

410 1078 544 1122 aureum
567 1057 723 1144 deprome
747 1081 879 1125 carmen

410 1181 511 1224 aurea
532 1160 573 1225 de
596 1160 712 1246 patria,

411 1269 462 1327 est
484 1262 542 1326 ubi
563 1262 663 1327 beata
684 1266 751 1329 vita

410 1371 444 1429 et
467 1365 644 1452 perhennis
668 1367 782 1452 gloria.

362 1506 390 1566 2.
413 1503 495 1588 Fige
518 1504 641 1584 stilum,
664 1503 779 1590 dicque
803 1506 958 1591 primum:

414 1605 563 1693 ‘Rumpe
588 1607 729 1688 Christe,
752 1609 927 1689 vinculum,

413 1708 520 1774 cordis
544 1717 578 1776 et
600 1710 698 1774 fibras
722 1712 860 1789 resolve,

412 1821 448 1878 ut
469 1819 527 1877 tuo
550 1812 591 1878 de
614 1814 747 1878 numine

413 1915 549 1981 metrice
572 1916 626 1982 vel
649 1937 754 2002 pauca
776 1917 901 2002 possim

412 2024 445 2082 te
469 2019 600 2084 iuvante
624 2018 756 2084 dicere’.

360 2159 388 2219 3.
412 2155 463 2220 Tu
485 2164 631 2243 potestas
653 2158 807 2241 gloriosa,

411 2265 446 2322 to
466 2260 623 2324 maiestas
645 2260 751 2338 unica,

409 2368 446 2426 tu
467 2368 597 2426 tuorum
619 2362 786 2438 fortitudo,

409 2466 512 2529 virtus
536 2470 569 2529 et
591 2471 748 2550 potentia,

408 2574 444 2632 tu
467 2566 567 2631 decus
591 2576 822 2648 ereaturarum,

412 2671 500 2735 salus
524 2692 559 2736 es
582 2677 616 2736 et
638 2673 791 2737 omnium.

358 2811 388 2869 4.
411 2807 512 2872 Lucis
535 2815 649 2872 auctor
671 2818 705 2874 et
727 2809 904 2895 perhennis

413 2931 448 2974 es
472 2912 564 2997 origo
586 2913 729 2993 luminis,

412 3014 533 3079 veritas
556 3014 597 3080 de
621 3015 769 3096 veritate,

410 3117 522 3182 lumen
545 3138 581 3182 es
604 3117 644 3182 de
668 3118 800 3198 lumine,

412 3239 475 3303 quo
498 3219 605 3284 beatis
630 3221 830 3305 sempiterna

412 3328 522 3386 manat
543 3323 615 3408 ipsa
637 3324 765 3387 caritas.

359 3460 388 3518 5.
411 3454 524 3520 Manat
546 3456 621 3521 inde
644 3458 720 3535 vita,
747 3456 848 3532 salus,

412 3564 523 3623 manat
546 3559 771 3639 inmortalitas,

411 3662 513 3727 vestis
536 3669 613 3748 apta
635 3663 801 3748 nuptialis,

410 3771 520 3829 manat
543 3766 614 3851 ipsa
637 3766 765 3845 caritas,

412 3889 476 3952 qua
498 3869 614 3933 beatus
637 3867 833 3954 perfruendo

412 3971 492 4036 vivit
515 3971 619 4036 omnis
643 3971 787 4057 spiritua.

359 4112 389 4175 6.
412 4107 458 4172 Es
483 4110 608 4195 etipse
631 4109 704 4174 fons
727 4127 883 4191 aquarum

412 4220 600 4278 cunctarum
624 4212 814 4293 viventium,

411 4316 497 4380 ultro
520 4322 553 4380 te
576 4315 704 4381 bibenti
725 4314 847 4399 prodis,

412 4419 497 4482 ultro
521 4418 627 4484 tendis
651 4419 800 4494 brachia;

413 4522 468 4606 qui
492 4523 570 4603 sitit,
595 4523 685 4587 sitire
708 4523 804 4600 desit,

413 4632 463 4688 aot
485 4625 584 4706 bibat,
608 4632 659 4689 sat
682 4625 796 4689 auriat.

1158 858 1186 917 7.
1211 853 1301 928 Quos
1324 855 1396 940 pias
1420 861 1455 918 tu
1478 856 1568 919 fonte
1592 875 1696 935 sacro,

1212 977 1294 1041 quos
1317 957 1497 1041 perunguis
1521 957 1674 1022 crismate

1211 1059 1384 1143 inbuisque
1409 1059 1587 1124 christiano

1213 1167 1421 1226 sacrosancto
1444 1161 1608 1247 dogmate,

1213 1262 1272 1328 hos
1294 1272 1432 1350 paterno
1455 1285 1545 1330 more
1568 1264 1684 1344 nutris,

1208 1366 1268 1430 hos
1292 1365 1439 1453 adoptas,
1461 1367 1522 1432 hos
1545 1367 1636 1432 beas.

1162 1507 1192 1567 8.
1216 1503 1289 1568 Sint
1312 1509 1348 1567 ut
1368 1503 1432 1590 ipsi
1454 1524 1575 1589 sponsa
1598 1503 1729 1584 Christi,

1215 1607 1281 1671 sint
1303 1606 1409 1685 amici,
1433 1606 1498 1670 sint
1520 1606 1576 1688 dii,

1214 1730 1287 1774 cum
1310 1708 1509 1774 iocunditate
1532 1708 1640 1773 cordis

1213 1813 1340 1897 possint
1363 1820 1396 1878 et
1417 1818 1613 1898 perpetuum

1211 1916 1396 2001 nuptiarum
1421 1936 1552 2000 semper
1573 1920 1684 2002 aptum

1216 2017 1385 2102 possidere
1408 2016 1573 2102 gaudium.

1158 2159 1187 2218 9.
1213 2153 1386 2235 Gaudium,
1411 2153 1497 2240 quod
1520 2173 1616 2218 nemo
1640 2154 1774 2238 plenum

1213 2257 1307 2322 tollat
1330 2279 1349 2320 a
1372 2257 1536 2338 fidelibus,

1213 2360 1272 2424 sed
1294 2362 1462 2447 perhenne
1487 2381 1560 2425 oum
1581 2358 1690 2424 beatis

1213 2464 1431 2548 possidebunt
1452 2463 1590 2548 angelis,

1211 2572 1248 2630 ut
1271 2567 1313 2630 sit
1336 2587 1378 2631 ex
1401 2573 1538 2651 utroque
1562 2586 1693 2651 semper

1212 2689 1276 2732 una
1298 2668 1530 2733 Hierosolima.

1140 2813 1189 2872 10.
1213 2808 1276 2871 llla
1299 2807 1426 2872 scilicet
1449 2829 1591 2893 superna

1115 2943 1117 2945 ·
1210 2910 1432 2992 Hierusalem,
1456 2911 1600 2976 omnium

1214 3021 1319 3080 mater
1342 3015 1531 3094 electorum,
1555 3032 1648 3076 sacro

1212 3119 1311 3202 plena
1332 3117 1433 3203 prolis
1456 3115 1587 3202 agmine

1214 3227 1247 3284 et
1270 3221 1439 3285 beatarum
1464 3226 1596 3284 caterva

1215 3331 1309 3409 septa
1332 3344 1463 3410 semper
1485 3323 1656 3407 virginum.

1143 3463 1190 3522 11.
1216 3459 1318 3524 Cuius
1341 3461 1375 3524 in
1398 3462 1509 3546 platea
1532 3480 1662 3547 semper

1214 3561 1355 3628 dulciter
1375 3562 1557 3629 melodians

1215 3666 1371 3750 hymnum
1393 3666 1473 3730 dicit
1495 3665 1685 3750 angelorum
1737 3738 1741 3744 ⁸

1214 3769 1340 3855 pacifer
1363 3767 1547 3847 eoncordia,

1213 3873 1369 3958 hymnum
1392 3891 1522 3956 semper
1545 3876 1578 3935 et
1599 3868 1696 3934 beata

1213 3975 1310 4040 turba
1331 3974 1468 4039 fratrum
1491 3979 1654 4059 personat.

1140 4115 1188 4175 12.
1214 4113 1337 4178 Coetus
1360 4112 1465 4176 omnis
1489 4111 1680 4196 angelorum

1101 4278 1104 4282 ,
1216 4223 1249 4280 et
1271 4215 1461 4280 thronorum
1484 4214 1575 4278 milia

1214 4338 1332 4403 magno
1356 4338 1430 4382 eum
1452 4316 1615 4402 triumpho
1639 4313 1725 4400 patri

1216 4421 1350 4487 alleluia
1372 4420 1526 4500 concinit,

1214 4525 1292 4589 dicit
1315 4523 1449 4588 alleluia
1471 4527 1559 4600 nato,

1216 4626 1295 4691 dicit
1318 4630 1351 4689 et
1373 4624 1542 4711 paraclito.

727 4761 777 4824 13.
801 4759 962 4824 Omnibus
985 4759 1113 4840 diebus,
1137 4759 1228 4825 horis

800 4869 834 4926 et
856 4863 1031 4928 momentis
1055 4864 1205 4948 singulm,

800 4965 968 5029 mensibus
993 4967 1118 5031 cunctis
1142 4973 1175 5031 ct
1198 4967 1292 5031 annis
1387 5039 1388 5042 Ἴ

803 5068 1021 5151 omnibusque
1045 5069 1185 5134 saeculis

800 5171 895 5235 turba
917 5170 1054 5235 fratrum
1077 5169 1157 5234 dicit
1178 5172 1335 5257 hymnum

801 5273 937 5338 misticis
960 5273 994 5337 in
1016 5272 1164 5338 vocibus.

343 5421 351 5426 .
390 5422 395 5426 ,
423 5421 461 5426 ,-.
472 5417 1099 5426 ..--—.——-1.—...—a-—----14——--—.-
1108 5417 1167 5422 -..-
1175 5417 1240 5422 ᾖ...
1247 5417 1400 5423 ..um-..-
1411 5417 1422 5421 -
1433 5419 1447 5422 -

1470 5418 1484 5424 ..
1494 5417 1539 5422 ¹----.
1555 5415 1715 5422 -.........-.-.ᾖ
1725 5415 1727 5418 .
1739 5413 1782 5418 .-...

301 5501 357 5569 [lv]
384 5520 415 5552 eu
441 5503 496 5552 cod.
514 5502 640 5552 Beruenrl
668 5502 735 5552 edict.
764 5501 800 5551 H.
828 5499 923 5565 Haperc
1027 5498 1079 5563 fni}
1105 5499 1299 5568 nuptiohilisR,
1326 5517 1393 5549 ocur.
1413 5498 1506 5562 Hopca
1612 5495 1681 5562 loss)
1708 5467 1838 5547 beatorum
1854 5493 1885 5554 B,

229 5590 360 5641 beatarum
380 5589 496 5638 Bursian
602 5585 668 5650 123
696 5605 755 5637 cunr
774 5587 864 5636 oridid.
882 5587 975 5651 Ilopen

824 5763 989 5782 ffiffl,
1017 5755 1156 5790 ..Η
1234 5771 1281 5776 Ἠ.

1631 5776 1682 5830 ra*
1790 5754 1794 5763 '
