4694 6428
742 425 830 480 VITA
849 426 980 482 Sauum
998 427 1246 482 WILLIBRORDI
1265 428 1294 482 L.
1308 429 1342 482 ll.

560 617 635 662 xxu.
702 598 786 664 'fota
807 599 921 665 domus
944 601 1047 686 patris
1072 601 1240 666 cuiusdam
1264 609 1411 687 tompore
1435 604 1537 667 multo

636 702 776 789 Saepius
800 705 933 769 incursu
956 712 1095 769 vexatur
1118 705 1284 770 daemonis
1311 706 1383 787 atri,

637 804 778 891 Spiritus
803 813 836 871 et
858 808 956 872 variis
979 807 1067 873 dirus
1091 811 1270 896 terroribus
1292 812 1382 875 illam

636 909 832 994 Torquebat,
856 932 939 975 vano
962 933 1022 976 nec
1046 913 1111 976 iarn
1134 913 1361 998 phantasmate
1384 920 1510 978 tantum

638 1012 704 1077 Sed
725 1015 837 1079 nocuit
859 1015 997 1079 multum
1020 1015 1203 1081 manifestis
1226 1017 1357 1103 publice
1381 1019 1494 1102 gestis,

635 1117 804 1181 Multotics
828 1118 977 1182 manibus
1001 1126 1111 1204 raptas
1134 1126 1308 1204 vestesque
1332 1121 1488 1206 cibosque

637 1219 779 1284 Iniciens
802 1222 956 1296 flammis;
980 1223 1137 1288 infantem
1160 1233 1256 1290 nocte
1280 1227 1440 1292 iacentem

636 1323 820 1408 Amplexus
844 1326 929 1390 inter
950 1327 1071 1391 tulerat
1093 1328 1142 1391 vis
1165 1327 1235 1392 dira
1258 1338 1439 1416 parentum,

635 1427 734 1491 Nisus
757 1428 790 1491 in
813 1428 981 1494 ardentem
1005 1431 1188 1516 plorantem
1211 1432 1341 1498 mittere
1363 1456 1488 1520 pyram,

641 1530 707 1596 Sed
730 1533 785 1596 vix
810 1541 942 1618 ereptus
965 1534 1115 1598 manibus
1139 1535 1179 1600 de
1202 1543 1306 1601 morte
1331 1559 1472 1602 suorum.

635 1635 730 1699 Hanc
753 1644 882 1720 pestem
905 1638 1014 1701 nullus
1036 1639 1142 1723 potuit
1164 1661 1280 1705 sanare
1304 1640 1466 1722 sacerdos,

636 1737 751 1803 Donec
775 1739 845 1825 ipse
868 1739 922 1804 dei
945 1739 1085 1804 famulus
1109 1763 1128 1804 a
1150 1749 1242 1827 patre
1266 1749 1398 1827 rogatus

636 1843 730 1906 Hanc
754 1843 906 1928 precibus
930 1855 1058 1928 pestem
1081 1845 1201 1908 sanctis
1224 1847 1384 1930 purgavit,
1408 1853 1441 1912 et
1464 1848 1529 1911 illis

636 1944 776 2010 Nomine
801 1945 861 2010 sub
887 1945 1008 2009 Christi
1035 1946 1240 2012 benedictam
1270 1950 1404 2014 miserat
1429 1951 1559 2014 undam.

639 2049 812 2114 Praescius
836 2057 869 2114 et
891 2071 1000 2114 rerum
1022 2052 1154 2135 praesul
1177 2051 1385 2136 praedixerat
1407 2061 1516 2139 atquc,

637 2151 732 2225 Quod
755 2152 870 2217 domus
893 2154 951 2216 illa
974 2159 1067 2217 vetus
1091 2155 1229 2219 flammis
1253 2155 1295 2219 ab
1318 2155 1412 2220 hoste
1442 2157 1560 2222 fuisset

640 2256 872 2321 Cousumenda
894 2257 1000 2342 prins:
1025 2257 1085 2322 ‘Ne
1109 2265 1152 2335 te,
1175 2280 1267 2343 rogo,
1291 2265 1415 2323 terreat
1438 2260 1539 2344 ignis;

638 2359 808 2424 Construis
832 2366 964 2445 optatae
987 2360 1105 2424 melius
1129 2361 1190 2426 tibi
1213 2367 1300 2426 tecta
1322 2363 1448 2441 salutis,

637 2463 730 2537 Quae
753 2462 880 2527 munire
905 2463 969 2527 cito
993 2463 1168 2528 benedicto
1191 2465 1281 2529 fonte
1304 2472 1480 2531 memento.

556 2592 581 2628 ro
638 2569 719 2632 Post
741 2566 882 2630 donante
906 2565 968 2630 deo
992 2567 1155 2652 serpentis
1178 2575 1272 2654 peste
1297 2568 1434 2640 carebis,

636 2671 679 2736 Et
701 2677 757 2735 tua
779 2676 848 2734 tota
871 2669 984 2734 domus
1007 2678 1115 2735 tecum
1137 2670 1295 2755 gaudebit
1316 2673 1446 2736 amata'.

638 2774 757 2839 Omnia
776 2794 854 2837 mox
876 2774 977 2858 patris
1002 2775 1195 2861 conplentur
1216 2775 1250 2839 in
1273 2775 1386 2840 ordine
1410 2774 1511 2850 dicta;

637 2877 787 2942 Exhinc
810 2878 899 2942 nulla
922 2877 1054 2942 domum
1077 2879 1187 2962 tetigit
1209 2880 1382 2964 temptatio
1405 2881 1491 2960 talis,

639 2981 705 3046 Sed
728 2981 812 3046 bene
837 3002 972 3046 securus
995 2982 1114 3046 mansit
1136 2982 1302 3047 habitator
1324 2983 1357 3047 in
1379 2982 1446 3047 illa.

551 3106 637 3151 xxnr.
705 3085 772 3150 Iste
796 3084 851 3149 dci
873 3091 1005 3148 sanctus
1028 3085 1240 3170 praedixerat
1262 3093 1338 3150 ante
1360 3085 1478 3166 futura,

639 3188 731 3262 Quae
754 3193 828 3273 post
851 3193 988 3253 eventus
1010 3209 1119 3252 rerum
1142 3187 1238 3252 modo
1262 3209 1340 3254 vera
1362 3190 1525 3275 probavit.

638 3291 772 3376 lamque
796 3290 887 3354 ducis
912 3291 999 3355 Oarli
1023 3291 1197 3378 Pippinum
1220 3291 1350 3362 nomine
1374 3294 1519 3372 natum¹,

638 3395 684 3458 Ut
707 3400 801 3479 pater
824 3396 958 3481 optavit,
982 3415 1074 3458 sacro
1097 3394 1296 3480 baptismate
1319 3395 1446 3476 fincxit,

571 3521 583 3555 a
640 3496 692 3561 Dc
716 3519 780 3582 quo
804 3497 974 3584 discipulis
996 3496 1161 3583 praedixit
1184 3498 1263 3561 talia
1284 3499 1383 3561 vatis:

640 3600 810 3666 ‘Omnibus
833 3601 895 3665 iste
919 3601 993 3664 aliis
1016 3599 1115 3665 fucrit
1137 3600 1308 3665 sublimior
1330 3599 1437 3665 infans

637 3705 836 3769 Francorum
858 3703 1007 3784 ducibus,
1030 3724 1111 3788 quos
1135 3704 1267 3768 saecula
1290 3704 1387 3788 longa
1407 3706 1562 3770 tulerunt.

638 3808 703 3872 Hic
727 3815 820 3892 reget
843 3797 1119 3893 imperium'felix
1141 3806 1281 3871 feliciter
1302 3805 1399 3884 istud,

639 3910 789 3975 Dilatans
813 3911 895 3975 fines
918 3911 1045 3994 magnis
1068 3910 1143 3974 hinc
1167 3908 1242 3973 inde
1265 3909 1458 3994 triumphis'.

560 4037 584 4074 ιο
639 4015 714 4079 Non
737 4036 819 4101 opus
843 4019 894 4078 est
916 4013 1037 4077 nostris
1061 4012 1141 4077 illud
1164 4020 1346 4077 monstrare
1370 4014 1525 4094 camenis,

640 4117 735 4192 Quod
757 4124 826 4182 toto
850 4119 937 4183 veris
960 4118 1146 4182 celebratur
1167 4117 1200 4181 in
1223 4117 1302 4182 orbe
1325 4117 1477 4202 loquelis.

553 4242 638 4289 xxiv.
703 4221 764 4285 Vir
780 4221 842 4285 fuit
857 4221 919 4286 istc
936 4221 988 4286 dci
1005 4221 1151 4306 paciens3
1175 4219 1373 4300 moderatus,
1395 4220 1563 4302 honestus,

639 4325 787 4390 Moribus
811 4325 973 4409 egregius,
998 4330 1031 4388 ct
1053 4325 1087 4388 in
1111 4324 1198 4388 omni
1222 4331 1374 4388 strenuus
1397 4331 1482 4404 actu,

641 4428 746 4494 Corde
767 4429 851 4515 pius,
874 4427 989 4492 humili
1011 4429 1100 4492 mitis
1123 4427 1312 4512 rigidusque
1337 4429 1489 4514 superbo,

641 4533 772 4597 Solator
793 4532 933 4612 miseris,
957 4537 990 4596 et
1013 4531 1107 4617 inops
1131 4530 1203 4612 sibi,
1227 4531 1318 4596 dives
1342 4531 1455 4616 egenis
1466 4531 1489 4594 ².

573 4663 584 4698 s
641 4634 704 4707 Qui
727 4641 900 4720 postquam
921 4635 1009 4700 vitae
1032 4634 1157 4700 moritis
1182 4634 1346 4719 perfectus
1370 4635 1403 4698 in
1426 4635 1531 4714 annis,

342 4933 353 4998 ΙΙ
374 4931 446 4999 [xxu]
465 4930 480 4983 1
498 4934 578 4983 Tecta
598 4931 628 4993 d,
645 4939 706 4982 nota
720 4929 745 4978 U
828 4931 948 4996 temporis
963 4929 996 4978 W
1078 4927 1095 4979 5
1112 4931 1147 4981 At
1161 4929 1186 4978 U
1240 4931 1380 4981 manifestis
1392 4929 1507 4980 cladibus
1518 4929 1556 4978 illi
1571 4926 1597 4977 U
1678 4925 1876 4977 6ltlultotiusG

225 5029 296 5086 rapto
313 5019 345 5068 W
353 5021 383 5082 G,
396 5020 496 5085 rapiens
511 5017 536 5067 U
608 5014 764 5082 ‘flncipiens
779 5017 809 5078 U,
822 5015 907 5065 iniecit
921 5014 947 5063 U
1012 5014 1134 5067 limitare
1149 5015 1175 5064 U
1242 5014 1274 5067 12
1286 5016 1326 5066 dei
1338 5032 1386 5065 om.
1402 5015 1435 5063 W
1500 5012 1533 5064 13
1545 5013 1618 5064 ulid
1688 5011 1721 5062 15
1733 5013 1877 5078 predixerat

224 5115 301 5172 atque
313 5107 344 5164 G,
357 5106 466 5173 predixit
483 5111 570 5169 aperto
585 5101 611 5152 U
702 5099 734 5151 17
747 5101 952 5152 Consunuuenda
967 5100 1029 5150 Wc·
1044 5100 1069 5150 U
1161 5099 1196 5151 20
1207 5101 1249 5152 lric
1260 5102 1370 5152 donanto
1384 5099 1409 5149 U
1465 5099 1635 5151 scrrriarrtisfi
1723 5096 1756 5148 21
1769 5099 1877 5148 luctetur

223 5201 307 5244 ainata
329 5191 355 5242 U
437 5187 470 5240 23
488 5191 598 5241 Echino
619 5191 642 5238 G
740 5189 751 5252 Η
772 5185 853 5253 [xxiii]
872 5185 889 5236 2
906 5195 1002 5238 euentu
1018 5187 1081 5238 WU
1141 5188 1258 5253 probabit
1275 5187 1338 5238 We
1352 5186 1378 5236 U
1393 5187 1432 5252 Cf.
1451 5188 1462 5235 l
1480 5203 1500 5236 c.
1519 5182 1554 5235 23
1647 5181 1664 5234 3
1682 5187 1797 5250 Namque
1817 5183 1881 5234 GU

224 5278 313 5328 Karoli
330 5278 445 5343 pipinum
464 5274 490 5325 U
522 5285 537 5308 ⁸
588 5273 607 5325 4
623 5291 694 5326 sacra
714 5274 737 5324 U
806 5273 883 5324 tinxit
897 5273 919 5322 U
935 5271 961 5322 U
1061 5270 1076 5322 l
1095 5273 1304 5324 FranelrorumG
1372 5273 1474 5324 saecula
1491 5287 1559 5322 corr.
1577 5273 1605 5322 iu
1622 5271 1757 5333 sauciatis,
1774 5270 1877 5321 seclaG

224 5363 319 5429 tregit
335 5362 366 5412 W
376 5362 400 5412 G
486 5360 517 5411 ll
531 5361 713 5424 celebraturG
811 5359 822 5422 ll
835 5356 915 5424 [XXIV]
928 5355 1015 5407 1-10
1026 5367 1125 5409 astaret
1137 5359 1212 5410 etiam
1224 5360 1252 5408 in
1265 5358 1290 5408 Z
1289 5361 1316 5425 s.
1325 5356 1376 5409 233
1472 5355 1549 5408 lfuit
1560 5375 1608 5407 om.
1619 5356 1645 5405 Z
1692 5357 1837 5408 moderatus
1850 5355 1881 5404 W

225 5446 242 5498 3
259 5449 364 5500 humilis
383 5447 408 5496 Ζ
515 5445 533 5498 4
550 5453 576 5497 et
593 5464 641 5497 cus.
658 5446 720 5495 WZ
731 5445 757 5494 U
823 5461 919 5512 pauper
936 5445 986 5496 sibi
1008 5443 1033 5494 U

332 5617 358 5684 1)
385 5617 528 5687 Pippiuua
546 5631 606 5670 curu
624 5613 820 5670 iuuenalibus
855 5613 1062 5668 Lourisaerras'b.
1086 5612 1211 5667 minorita
1240 5611 1305 5680 (δ’δ’.
1325 5611 1350 5674 Ι,
1369 5611 1429 5680 117)
1455 5629 1483 5665 a.
1508 5611 1560 5665 768
1580 5611 1611 5664 tn
1628 5611 1670 5664 54.
1689 5625 1761 5665 anno
1778 5611 1879 5666 aetatis

225 5735 293 5776 suae
311 5718 411 5774 obiisse
429 5719 548 5784 dicatur,
567 5735 593 5773 a.
612 5717 663 5774 714
681 5717 723 5772 cet
740 5717 791 5770 715
808 5721 891 5772 uatus
910 5718 947 5774 stt
964 5721 1079 5792 oportet.
1163 5715 1190 5784 2)
1212 5715 1255 5784 Cf.
1273 5729 1361 5785 supra
1374 5731 1405 5784 p.
1422 5713 1476 5769 200
1492 5729 1518 5769 o.
1537 5713 1717 5770 1401-1404.
