4612 6414
718 425 908 484 MODOINUS
926 429 975 484 AD
994 427 1243 488 THEODULFUM
1261 431 1418 488 axutam.

525 621 550 660 o
607 601 707 667 Livor
729 602 839 668 edanl
861 604 946 690 petit
967 605 1034 670 alta
1055 605 1210 687 fremens,
1234 614 1446 674 consternere
1469 613 1634 697 temptans

689 707 728 770 Id
749 707 836 794 quod
859 730 959 773 ovans
984 710 1125 796 simplex
1146 717 1280 797 pectore
1303 713 1401 778 turba
1422 713 1509 778 colit.

606 809 755 892 Pertulit,
778 831 821 876 an
843 812 963 893 neseis,
987 813 1074 898 quod
1096 815 1211 899 longos
1234 814 1324 880 Naso
1347 816 1504 896 labores²‚

688 912 806 978 Insons
829 921 881 980 est
903 915 1008 980 faotrrs
1032 917 1110 981 exul
1133 916 1174 980 ob
1198 918 1364 983 invidiam.

606 1013 684 1101 Ipse
708 1015 913 1082 Severinus³
935 1039 1055 1104 magna
1077 1025 1128 1084 est
1152 1019 1298 1096 deiectus
1321 1022 1363 1086 ab
1387 1022 1479 1104 urbe,

692 1117 813 1184 Consul
835 1120 985 1185 Romana
1006 1122 1113 1187 clarus
1136 1123 1177 1187 ab
1201 1145 1275 1188 arce
1298 1127 1423 1211 procul.

605 1219 746 1306 Magnus
769 1223 809 1287 ab
833 1223 954 1288 infesto
978 1230 1029 1288 est
1052 1224 1195 1309 agitatus
1218 1227 1322 1292 milite
1344 1229 1429 1292 vatis

687 1325 848 1410 Virgilius
871 1327 1013 1412 propriis
1036 1329 1242 1413 exspoliatus
1266 1330 1364 1414 agris.

605 1427 754 1492 Vulnera
776 1450 875 1494 saeva
899 1451 957 1493 suo
981 1430 1086 1495 fertur
1110 1432 1289 1518 sumpsisse
1312 1440 1451 1517 tyranno

691 1530 818 1596 Seneca
839 1533 1046 1618 praecipuus,
1069 1533 1170 1598 caede
1193 1533 1334 1599 Neronis
1357 1536 1436 1600 obit.

604 1629 691 1704 Quid
713 1655 892 1699 memorem
915 1656 957 1700 ex
980 1643 1101 1701 nostris
1124 1638 1236 1722 plures
1260 1638 1396 1703 sudasse
1419 1638 1595 1703 nefandum

687 1738 752 1803 Pro
776 1745 889 1804 nostra
913 1740 1048 1804 exilium
1070 1742 1230 1826 religione
1254 1742 1328 1828 pia?

605 1838 669 1911 Qui
692 1842 797 1926 magis
822 1863 841 1906 a
864 1863 984 1927 magno
1008 1843 1125 1908 colitur
1147 1844 1221 1929 pius
1244 1844 1316 1930 ipse
1339 1845 1507 1929 magistro,

688 1942 852 2010 Iohannes
876 1945 994 2010 durum
1017 1947 1154 2032 pertulit
1177 1948 1324 2012 exilium.

603 2047 763 2129 Hilarius,
787 2050 921 2114 sensisti
944 2050 1121 2134 ergastula,
1145 2056 1181 2114 tu
1204 2071 1343 2137 quoque,
1367 2050 1448 2131 dira,

692 2151 815 2217 Missus
839 2153 873 2216 in
895 2153 1044 2238 ignotum
1068 2174 1146 2238 rege
1170 2153 1305 2219 iubente
1328 2155 1446 2218 locum.

605 2255 757 2341 Claviger
780 2255 851 2341 ipse
874 2255 993 2320 Petrus
1017 2277 1103 2336 nam,
1127 2277 1255 2320 necnon
1278 2263 1312 2322 et
1333 2257 1528 2343 populorum

686 2358 811 2424 Doctor
834 2364 905 2423 erat
926 2359 1050 2423 Paulus
1074 2360 1215 2424 carceris
1239 2359 1272 2423 in
1295 2361 1430 2445 gremio.

605 2461 671 2528 Sed
694 2469 805 2528 tamen
826 2461 887 2527 hoc
910 2463 979 2547 egit
1000 2462 1114 2528 feritas
1138 2463 1263 2528 inculta
1286 2485 1471 2550 repugnans

689 2564 840 2646 Gentilis,
863 2564 941 2630 fidei
962 2587 1101 2652 namque
1125 2567 1257 2631 inimica
1280 2567 1365 2652 piae.

536 2691 547 2727 s.
606 2668 701 2734 Adde
726 2669 836 2749 etiam,
860 2669 945 2754 quod
968 2669 1073 2734 adhue
1096 2669 1186 2734 rudis
1209 2669 1453 2736 ecclesiasticus
1477 2669 1566 2748 ordo,

686 2771 905 2857 Informisque
930 2793 990 2836 sua
1012 2773 1087 2858 lege
1111 2778 1237 2838 careret
1260 2772 1358 2838 iners.

601 2875 763 2962 Deposita
785 2876 850 2940 iam
871 2896 954 2961 pace
977 2874 1040 2939 lrui
1062 2873 1193 2940 feritate
1217 2896 1336 2941 serena

687 2979 812 3045 Debuit
835 2985 868 3044 et
889 2979 1056 3064 proprium
1078 2978 1149 3043 iure
1173 2985 1287 3044 tencre
1310 2977 1453 3046 modum.

603 3082 709 3170 Culpa
731 3083 938 3148 sacerdotum
960 3082 1040 3147 facit
1063 3081 1135 3163 hoc,
1160 3082 1245 3168 quod
1267 3083 1346 3170 uilis
1365 3083 1505 3149 habetur

688 3186 777 3252 Ordo
801 3186 974 3252 ministerii
998 3186 1160 3250 maximus
1183 3186 1240 3251 ille
1264 3187 1358 3252 sacri.

602 3290 695 3356 Inter
717 3312 774 3356 eos
798 3289 936 3354 effectus
959 3290 1069 3354 nullus
1093 3289 1177 3353 fidus
1200 3289 1350 3370 habetur,

687 3393 906 3460 Commendat
928 3399 1041 3458 sancto
1064 3393 1171 3478 gratia
1194 3414 1340 3480 quosque
1363 3379 1447 3460 Ιοοο.ι

603 3496 709 3563 Nemo
732 3497 835 3582 gemit
856 3496 1016 3561 miserans
1039 3497 1167 3562 alienae
1191 3496 1397 3562 incommoda
1418 3497 1521 3577 vitae,

686 3598 750 3664 Pro
774 3599 883 3663 fratris
906 3599 1041 3685 pulsans
1064 3599 1206 3664 utilitate
1230 3599 1291 3663 sui.

519 3724 544 3762 rs
604 3701 837 3787 Unusquisque
862 3699 973 3767 studet
995 3709 1127 3766 terreno
1150 3702 1341 3767 incumbere
1364 3702 1465 3784 lucro,

685 3804 838 3870 Seotatur
860 3805 995 3889 fragiles
1019 3804 1194 3870 dcirciosus
1218 3826 1309 3891 opes.

600 3907 654 3972 Ex
677 3929 813 3993 quorum
836 3929 888 3973 me
911 3909 998 3987 nolo,
1021 3913 1127 3993 putes,
1152 3929 1287 3973 numero
1311 3915 1421 3972 tamen
1444 3928 1529 3988 esse,

685 4010 749 4085 Qui
771 4010 882 4076 fucata
904 4012 971 4076 leri
991 4017 1126 4096 pectore
1150 4011 1252 4076 verba
1274 4011 1392 4100 lerunt.

602 4114 669 4180 Sed
691 4115 747 4201 qui
769 4115 906 4180 cessabo
930 4135 1106 4200 numquam
1128 4120 1254 4179 certare
1277 4113 1452 4200 precando,

518 4241 543 4278 ao
685 4219 749 4283 Pro
773 4217 881 4283 reditu
901 4223 1011 4284 vestro
1035 4218 1154 4303 quique
1178 4218 1290 4282 laboro
1313 4217 1430 4282 libens.

598 4319 687 4407 Ergo
711 4342 773 4406 ego
797 4321 937 4386 sollicito
961 4327 1092 4385 veteres
1115 4320 1174 4384 tibi
1198 4341 1329 4407 semper
1350 4321 1483 4402 amicos,

681 4424 811 4510 Proque
834 4425 899 4489 tuis
923 4424 1049 4489 damnis
1073 4425 1266 4489 ambitiosus
1290 4447 1356 4491 ero.

598 4529 691 4594 Haec
715 4536 749 4594 te
772 4548 870 4593 nosse
893 4549 980 4607 reor,
1004 4529 1161 4613 quoniam
1184 4528 1249 4593 cito
1274 4528 1439 4615 spargitur
1461 4528 1540 4592 orbe

683 4632 785 4696 Fama
807 4631 896 4696 celer
918 4636 987 4695 toto
1011 4631 1119 4696 aulica
1141 4631 1228 4714 dicta
1250 4652 1380 4716 gerens,

518 4759 542 4798 ss
601 4735 654 4801 Sis
677 4736 763 4821 quod
786 4736 827 4800 ab
851 4735 972 4800 infesta
994 4735 1056 4800 hac
1079 4735 1210 4800 demum
1233 4735 1368 4820 regione
1391 4733 1583 4816 movendus,

682 4839 835 4905 Caesaris
858 4837 900 4903 ad
922 4838 1060 4903 nitidum
1083 4839 1184 4903 limen
1207 4839 1311 4904 iturus
1335 4839 1426 4920 item,

597 4943 693 5008 Illius
716 4948 792 5008 ante
817 4942 929 5006 oculos
952 4941 1100 5020 veniens,
1124 4942 1291 5027 letumque
1313 4941 1441 5007 ridebis

682 5043 877 5111 Iamdudum
899 5045 1037 5124 vultum,
1060 5045 1116 5130 qui
1139 5044 1199 5108 tibi
1223 5033 1326 5109 tristis
1351 5051 1431 5125 erat,

332 5290 367 5343 46
385 5300 489 5362 pectora
506 5293 564 5344 To
652 5290 753 5342 coletO
882 5283 916 5339 47
935 5289 1024 5340 Nescis
1046 5289 1078 5339 ob
1101 5289 1225 5340 inuidiam
1248 5287 1351 5354 quodb'
1465 5283 1501 5336 48
1518 5286 1593 5336 exsul
1607 5285 1631 5334 'I'
1714 5283 1828 5334 inuidam
1852 5283 1885 5334 ob

229 5378 352 5429 inuidiam
373 5395 503 5447 coeperam.
521 5378 621 5444 quG
690 5377 800 5430 Pertulit
817 5381 843 5426 et
860 5374 941 5442 patria
958 5374 1063 5442 pellitur
1078 5375 1133 5442 ipsa
1151 5393 1198 5427 sua
1216 5374 1238 5427 S
1339 5370 1374 5424 49
1391 5374 1448 5439 Ipse
1460 5371 1605 5423 uerinnsG
1689 5365 1724 5419 54
1741 5369 1800 5420 sede
1818 5386 1884 5421 corr.

229 5463 329 5516 codsG
421 5461 591 5516 abdimus
694 5461 727 5514 61
746 5461 886 5515 CluuiarG
989 5459 1023 5512 64
1041 5461 1120 5528 pisG
1224 5459 1258 5512 65
1280 5457 1490 5524 edesiastieusG
1593 5453 1627 5507 72
1645 5455 1815 5507 (lummsndat
1832 5456 1856 5506 Τ
1863 5457 1886 5506 0

229 5549 263 5602 '15
280 5553 487 5618 Uunusquisque
505 5556 531 5606 Τ

333 5723 358 5791 1)
380 5723 432 5778 Oc.
450 5722 544 5776 Amor.
563 5722 674 5784 1,15‚1.
756 5722 784 5788 2)
805 5719 854 5774 Oe.
872 5717 923 5772 Ea
940 5718 1031 5772 Ponto
1049 5717 1140 5785 ΙΙΙ,4,
1151 5718 1182 5771 11
1202 5714 1279 5784 longi
1299 5713 1423 5769 minuere
1441 5712 1555 5769 labores.
1627 5708 1654 5770 3)
1673 5710 1815 5767 Boethius.

463 5823 464 5826 ’
1631 5803 1685 5859 '12'
