4628 6428
671 415 720 468 AD
738 415 957 480 praelautos,
975 417 1025 471 AD
1043 415 1218 472 CAROLUM
1237 416 1370 472 REGEM.

927 675 1118 742 LXXVIII.

390 787 665 874 EXPOSITUM
691 800 920 874 ALCHUlNl
946 799 994 873 IN
1022 799 1269 873 CANTICUM
1296 800 1612 876 CANTICORUM
1626 799 1649 877 ¹.

563 933 662 998 Hunc
685 934 804 999 cecinit
828 933 982 998 Salomon
1004 934 1087 997 mira
1108 932 1282 997 dulcedine
1304 933 1434 1014 librum,

564 1037 628 1111 Qui
651 1043 743 1102 tenet
765 1038 916 1122 egregias
940 1037 1052 1122 sponsi
1076 1058 1280 1122 sponsaeque
1304 1058 1467 1118 camenas,

564 1140 735 1205 Ecclesiae
759 1146 793 1205 et
815 1139 937 1204 Christi
961 1140 1075 1204 laudes
1098 1139 1173 1203 hinc
1196 1138 1272 1204 inde
1296 1147 1462 1222 canentes,

563 1242 608 1307 Et
630 1242 764 1308 thalami
787 1250 947 1307 memorat
969 1244 1076 1308 socios
1099 1244 1270 1328 sociasque
1293 1244 1419 1308 fideles.

564 1345 646 1426 Has,
669 1367 758 1430 rogo,
782 1345 885 1409 menti
907 1352 994 1426 tuae,
1018 1348 1157 1427 iuvenis,
1179 1345 1335 1411 mandare
1359 1351 1538 1412 memento:

564 1448 699 1513 Cantica
722 1455 797 1512 sunt
818 1449 955 1512 nimium
978 1449 1053 1514 falsi
1076 1451 1158 1514 haec
1181 1450 1318 1513 meliora
1339 1449 1518 1514 Maronis².

563 1552 657 1616 Haec
679 1551 740 1615 tibi
762 1573 840 1616 vera
863 1559 982 1617 canunt
1005 1553 1091 1618 vitae
1114 1559 1270 1639 precepta
1292 1554 1457 1639 perennis,

562 1655 707 1720 Auribus
730 1656 786 1720 ille
809 1656 874 1720 tuis
897 1657 982 1720 male
1006 1655 1125 1721 friuola
1147 1656 1231 1721 falsa
1253 1657 1391 1721 sonabit.

882 2140 887 2149 .
946 2085 1104 2151 LXXIX.

767 2211 832 2284 Al)
860 2212 1044 2286 LIBRUM
1072 2212 1276 2286 COMlTlS.

464 2342 469 2350 '
560 2343 699 2409 Inchoat
721 2345 774 2409 hic
797 2347 928 2410 ‘comes’
952 2346 986 2410 in
1009 2344 1141 2410 Christo
1165 2345 1360 2430 cognomine
1384 2344 1489 2410 codex
1502 2345 1524 2426 ³,
1604 2395 1607 2400 ,

562 2449 663 2514 Festa
686 2450 860 2514 ministerii
887 2450 970 2514 sacri
994 2450 1153 2514 solemnia
1176 2450 1354 2535 complens.

561 2553 681 2619 Annua
703 2554 914 2618 flammivomi
937 2552 1076 2618 redeunt
1099 2552 1175 2619 dum
1199 2561 1348 2640 tempora
1369 2553 1506 2632 Phoebi,

561 2657 750 2722 Catholicae
775 2657 936 2722 ecclesiae
960 2656 1128 2721 Romanae
1151 2658 1224 2721 iura
1246 2663 1411 2734 retexens,

490 2783 502 2819 a
559 2760 612 2824 Ex
636 2767 709 2825 ortu
732 2762 876 2825 innitens
903 2760 1025 2825 domini
1049 2762 1215 2825 nascentis
1238 2761 1271 2824 in
1294 2761 1384 2838 orbe,

558 2867 668 2950 Atque
691 2865 733 2930 ad
756 2871 889 2930 euntem
912 2865 1032 2929 iterum
1055 2865 1213 2951 pertingit
1235 2865 1297 2930 rite
1321 2885 1465 2930 recursu.

812 3069 957 3076 *—
964 3071 1223 3078 ——-.-...--——

639 3311 647 3320 ·
950 3276 1090 3342 LXXX.

527 3399 769 3474 lNClPlUNT
795 3399 981 3474 VERSUS
1009 3400 1215 3474 EIUSDEM
1241 3396 1602 3506 ΑΙΛΙΗΙΙΙΝΙζμ

1023 3536 1032 3579 Ι
1369 3577 1374 3586 ,

566 3618 594 3683 Ο
619 3637 688 3700 vos,
712 3624 763 3682 est
785 3625 888 3699 aetas,
913 3620 1059 3698 iuvenes,
1082 3617 1201 3702 quibus
1223 3625 1300 3704 apta
1321 3617 1473 3702 legendo,

645 3721 790 3785 Discite:
815 3727 895 3784 eunt
917 3721 994 3785 anni
1017 3741 1108 3786 more
1131 3721 1262 3784 fluentis
1286 3741 1389 3805 aquae
1403 3723 1425 3786 ⁵.

557 3825 667 3911 Atque
691 3826 762 3890 dies
784 3825 908 3890 dociles
931 3826 1045 3890 vacuis
1069 3847 1110 3890 ne
1134 3825 1261 3910 perdite
1285 3825 1402 3889 rebus:

639 3930 710 3994 Nec
733 3929 819 3994 redit
841 3927 930 3994 unda
951 3929 1068 4010 fluens,
1091 3950 1153 3994 nec
1176 3928 1263 3994 redit
1285 3929 1366 3992 hora
1387 3949 1498 3993 ruens.

489 4059 501 4096 a
558 4036 692 4100 Floreat
714 4035 748 4099 in
771 4034 887 4100 studiis
910 4036 1066 4099 virtutum
1088 4035 1194 4120 prima
1216 4036 1380 4114 iuventus,

640 4139 782 4224 Fulgeat
803 4145 840 4203 ut
861 4159 980 4224 magno
1003 4137 1110 4202 laudis
1133 4137 1256 4204 honore
1280 4158 1393 4218 senex,

262 4363 419 4435 [LXXVIII]
455 4384 486 4418 ec
504 4367 559 4418 cod.
578 4366 664 4417 Paria.
683 4365 751 4417 5577
764 4369 790 4434 s.
810 4365 868 4430 137,
885 4367 952 4418 adid.
973 4369 1054 4420 Derris
1072 4371 1164 4434 (Codd.
1182 4388 1241 4420 mss.
1259 4369 1317 4419 bibl.
1335 4367 1422 4418 Palas.
1441 4370 1461 4433 1,
1480 4366 1524 4432 95)
1542 4383 1573 4417 ea·
1589 4367 1643 4418 cod.
1661 4365 1768 4418 Vindob.
1781 4364 1849 4417 1128

193 4468 212 4500 a.
230 4453 262 4502 X.
282 4454 301 4510 s.
319 4451 345 4516 2,
369 4452 532 4504 Valeatiaclli
550 4453 627 4514 (Bidl.
645 4471 704 4503 mss.
722 4454 766 4504 od.
785 4453 818 4505 D.
838 4453 925 4504 Marci
950 4454 1073 4506 Venetiar.
1091 4459 1112 4521 1,
1130 4455 1191 4520 233)
1210 4473 1241 4507 cx
1258 4456 1313 4506 cod.
1338 4455 1428 4506 Veneto
1447 4457 1466 4518 Ι,
1485 4451 1533 4515 63,
1551 4452 1695 4504 Frobenim
1712 4455 1732 4518 l,
1750 4451 1802 4503 392
1819 4470 1850 4503 ee

193 4539 248 4588 cod.
268 4540 358 4590 Chr-iat.
376 4557 428 4606 rep.
447 4538 481 4590 69
551 4541 663 4591 Achuini
676 4540 702 4590 P
802 4539 963 4592 4thalnmoa
980 4543 1046 4594 Dea.

262 4621 395 4692 [LXXIX]
430 4626 497 4676 edict
515 4625 626 4677 Froben.
645 4628 678 4691 ΙΙ,
696 4625 747 4678 612
766 4643 796 4678 ear
814 4627 870 4677 cod.
889 4628 1021 4680 Ratisboa.

262 4708 382 4778 [LXXX]
420 4711 471 4778 )1[1)
489 4730 520 4763 ex
537 4712 592 4763 cod
610 4713 730 4779 Iacpdua.
749 4713 841 4764 Barac.
861 4711 894 4763 70
910 4716 958 4778 sol.
977 4733 996 4766 a.
1015 4718 1047 4766 X.
1060 4717 1086 4782 s.
1106 4713 1147 4765 'll'
1165 4715 1245 4765 deser.
1265 4714 1423 4772 Bethmoarr,·
1441 4709 1581 4762 Benenate
1598 4705 1650 4759 394
1668 4725 1688 4759 r.
1706 4710 1739 4760 X.
1753 4709 1779 4775 j.
1797 4705 1848 4759 227

192 4797 246 4846 riae
272 4798 359 4862 titulo,
388 4798 473 4849 Porio.
496 4795 565 4852 8069
592 4800 679 4862 (Biora
704 4800 808 4850 Anthol.
833 4802 872 4864 II,
897 4801 973 4864 XIV)
998 4803 1060 4870 finit
1086 4803 1113 4852 ia
1134 4819 1209 4852 aerea
1232 4799 1261 4866 6,
1290 4801 1395 4851 Monac.
1416 4796 1485 4850 6407
1513 4795 1648 4863 (Friaiay.)
1675 4813 1695 4846 e.
1713 4797 1750 4846 IX
1776 4793 1849 4861 fll3

194 4880 211 4932 2
226 4899 293 4948 aque
305 4883 331 4933 B
451 4882 469 4936 3
486 4902 538 4936 non
548 4885 647 4936 LPM
764 4885 781 4937 6
799 4887 924 4952 Fulgaeat
941 4887 1024 4954 imago
1037 4887 1068 4952 J,
1087 4888 1196 4954 Fulgeat
1213 4895 1243 4937 ut
1260 4903 1334 4952 mago
1344 4884 1377 4948 B,
1394 4885 1472 4950 digno
1484 4883 1511 4933 P

296 5035 322 5100 1)
342 5034 386 5102 Cf.
400 5034 489 5088 Vitom
507 5036 637 5090 Alchaim'
654 5053 677 5090 c.
695 5037 735 5090 12.
835 5039 862 5106 2)
881 5038 925 5092 Id.
944 5055 966 5092 c.
988 5040 1033 5092 10:
1055 5038 1225 5109 Virgiliique
1243 5036 1397 5092 mendacia.
1486 5036 1514 5103 3)
1534 5035 1670 5090 Mabs’lloa
1693 5037 1776 5105 (Acta
1795 5037 1848 5090 SS.

193 5152 264 5190 socc.
283 5137 303 5190 1
308 5137 336 5206 V,
356 5139 380 5200 1,
401 5139 461 5203 767)
490 5139 586 5193 laudm
604 5140 704 5194 librum
723 5142 902 5196 Carnuteaar's
921 5142 1056 5202 eccleciae,
1075 5143 1124 5210 qai
1144 5145 1234 5195 Comes
1251 5147 1363 5194 vocatur
1381 5139 1417 5192 ab
1436 5155 1468 5192 eo
1486 5137 1580 5193 codice
1598 5141 1748 5208 sumptum,
1767 5156 1848 5208 quem

193 5242 303 5292 constat
330 5240 365 5292 ab
384 5239 487 5294 Albino
511 5242 699 5296 eruditissimo
718 5243 791 5308 viro,
819 5244 916 5299 Carolo
936 5244 1140 5314 sapientissimo
1164 5244 1332 5314 imperatore
1349 5241 1553 5313 praecipiente,
1577 5241 1646 5295 lima
1672 5241 1849 5296 rectitudinis

193 5358 251 5394 ease
277 5341 396 5412 politum
417 5345 509 5410 atque
536 5344 722 5398 emendatum.
827 5348 854 5414 4)
874 5348 915 5401 Hi
935 5364 1032 5402 oeream
1053 5349 1192 5416 pertinent
1215 5363 1269 5400 aon
1292 5346 1329 5399 ad
1353 5346 1536 5408 dialecticam,
1563 5345 1611 5398 aed
1633 5346 1671 5399 ad
1688 5345 1849 5400 rhetoricam

192 5446 315 5506 Alcuim',
338 5451 370 5499 at
391 5453 462 5499 recte
484 5447 540 5499 iam
558 5448 715 5503 Frobeaiaa
734 5452 880 5520 perspexit
904 5452 1025 5518 (Alcuini
1042 5467 1105 5522 opp.
1125 5451 1164 5505 ed.
1183 5451 1341 5506 Frobem'oe
1359 5450 1407 5520 ΙΙ,
1425 5449 1494 5517 333).
1581 5451 1607 5518 b)
1628 5451 1671 5518 Cf.
1692 5450 1769 5506 Ora'd.
1788 5453 1848 5506 Art.

192 5555 273 5604 amat.
293 5550 354 5612 ΙΙΙ,
373 5549 477 5602 (ta-m
709 5596 714 5608 .
735 5594 741 5606 .
761 5595 768 5607 .
787 5557 856 5608 eunt
872 5555 939 5608 anni
958 5572 1034 5608 more
1051 5554 1163 5608 fluentis
1181 5569 1280 5622 aquae.

639 5639 696 5694 Nec
715 5657 787 5708 quae
806 5641 954 5709 praeteriit
971 5640 1072 5694 iterum
1090 5641 1268 5694 revocabitur
1286 5639 1370 5695 unda.

707 5726 766 5780 Nec
784 5744 856 5794 quac
875 5726 1022 5797 praeteriit
1039 5727 1107 5780 hora
1126 5727 1215 5781 redire
1235 5727 1335 5797 potest.
