4988 6434
1250 364 1631 420 BONthTll‘CARMINA.

1411 657 1470 723 ΠΙ.

1244 819 1639 912 [urrusnousr

922 989 1006 1054 Vale
1035 989 1151 1072 frater,
1185 991 1377 1057 florentibus
1509 989 1684 1054 iuventutis
1713 1011 1786 1054 oum
1817 990 1952 1066 viribus,

921 1098 957 1156 ut
988 1093 1111 1158 floreas
1140 1117 1213 1160 cum
1244 1094 1375 1160 domino
1509 1094 1543 1158 in
1570 1079 1878 1179 sempiterno'solio
1901 1129 1942 1140 -

922 1217 987 1281 qua
1015 1207 1174 1285 martyres
1206 1200 1239 1264 in
1273 1222 1376 1264 cuneo
1509 1219 1621 1284 regom
1653 1207 1774 1262 canunt
1804 1199 1969 1276 aethereo,

922 1301 1104 1386 prophetae
1132 1304 1322 1389 apostolicis
1507 1302 1733 1367 consonabunt
1762 1309 1795 1366 et
1823 1300 1985 1382 laudibus,

859 1455 863 1466 .
923 1425 987 1489 qua
1017 1426 1076 1469 rex
1106 1427 1220 1491 regum
1249 1415 1408 1492 perpetuo
1504 1408 1593 1470 cives
1622 1405 1704 1469 ditat
1733 1406 1766 1468 in
1795 1406 1928 1469 saeculo
1950 1439 1992 1452 -

921 1508 1080 1572 iconisma
1107 1510 1154 1572 sic
1186 1508 1342 1574 cherubin
1505 1515 1541 1572 ut
1564 1517 1598 1572 et
1621 1515 1731 1592 gestos
1755 1529 1828 1572 cum
1858 1509 2022 1594 seraphin.

920 1613 1143 1697 apostolorum
1174 1613 1282 1678 editus
1505 1621 1537 1677 et
1565 1613 1798 1699 prophetarum
1829 1612 1925 1677 filius.

923 1714 1093 1797 hithardo,
1127 1739 1212 1782 nuno
1243 1717 1421 1802 nigerrima
1505 1717 1561 1785 imi
1591 1717 1693 1780 cosmi
1723 1715 1874 1798 contagia

921 1819 1034 1886 lemno
1064 1820 1171 1885 fauste
1195 1858 1237 1867 -
1261 1821 1419 1886 Tartarea
1507 1821 1588 1890 haec
1616 1820 1811 1884 contrahunt
1838 1818 1998 1905 supplicia
2025 1855 2065 1863 —

858 1953 862 1978 ·
924 1922 1056 2007 altaque
1085 1946 1185 2010 super
1211 1925 1347 1989 aethora
1508 1925 1621 1993 rimari
1650 1931 1767 2009 petens
1798 1923 1939 2006 agmin'a,

923 2024 1020 2093 deum
1048 2048 1132 2111 quae
1164 2049 1295 2114 semper
1323 2028 1459 2092 canticis
1505 2046 1619 2095 verum
1647 2033 1778 2090 comunt
1805 2025 1973 2110 angelicis,

923 2145 1053 2196 summa
1081 2129 1159 2196 sede
1189 2138 1225 2194 ut
1256 2130 1401 2216 gaudeas
1510 2152 1640 2216 unaque
1672 2130 1766 2194 simul
1795 2129 1932 2214 fulgeas,

881 2299 883 2302 .
924 2234 1050 2297 excelsi
1077 2235 1170 2319 regui
1197 2236 1343 2320 praemia
1507 2233 1635 2299 lucidus
1667 2241 1780 2319 captes
1810 2252 1913 2296 aurea

925 2334 1023 2418 inque
1051 2336 1167 2400 throno
1198 2337 1354 2402 aethereo
1508 2337 1675 2402 Christum
1703 2335 1818 2400 laudes
1847 2335 2033 2421 praeconio.

1414 2803 1473 2868 IV.

926 2953 964 3017 In
998 2957 1090 3021 caclo
1120 2961 1262 3046 flagrans
1294 2963 1358 3026 iarn
1388 2962 1483 3025 iustis
1513 2962 1580 3025 vita
1609 2962 1773 3047 perennis,

924 3055 996 3129 Qua
1024 3062 1129 3125 sancti
1160 3085 1291 3149 semper
1317 3064 1492 3148 fulgebunt
1523 3063 1644 3128 lumino
1672 3063 1807 3149 pulchro

926 3160 965 3224 Iu
997 3183 1099 3246 regno
1130 3165 1248 3249 patria,
1284 3187 1345 3230 ceu
1375 3166 1483 3230 clarus
1514 3165 1611 3230 Titan
1641 3167 1674 3229 in
1703 3165 1794 3232 orbe.

923 3265 1034 3351 Atque
1062 3287 1123 3352 per
1150 3275 1324 3353 augustam
1356 3269 1567 3334 Hierusalem
1597 3291 1678 3334 voce
1710 3275 1878 3333 tonantem

926 3367 981 3433 Sic
1012 3368 1179 3436 dominum
1210 3394 1341 3458 semper
1374 3371 1509 3438 laudant
1537 3375 1608 3436 sinc
1639 3375 1702 3437 fine
1731 3371 1889 3452 dicantes,

923 3471 968 3535 Et
999 3481 1130 3538 sanctas
1160 3476 1284 3561 paritor
1310 3477 1507 3540 concinnant
1536 3497 1592 3540 ore
1622 3498 1682 3561 per
1710 3497 1816 3540 auras.

923 3574 990 3639 Hic
1019 3577 1140 3662 iugiter
1171 3577 1341 3643 celebrant
1372 3580 1504 3644 excelso
1536 3581 1680 3644 carmina
1712 3579 1859 3654 Christo;

923 3677 1030 3751 Quem
1061 3680 1180 3745 chorus
1213 3687 1391 3766 martyrum
1423 3682 1469 3745 sic
1501 3682 1596 3746 simul
1625 3683 1730 3746 omnis
1762 3683 1878 3762 orabit,

924 3782 1065 3847 Multum
1093 3784 1133 3847 dc
1165 3784 1298 3848 domino
1327 3784 1493 3870 gaudens,
1528 3783 1569 3849 de
1599 3793 1732 3871 pectore
1762 3785 1881 3849 multas

925 3885 1107 3950 Effundens
1138 3885 1253 3950 laudes
1282 3894 1416 3971 gratans
1446 3887 1634 3973 hominique
1667 3887 1804 3974 deoque,

923 3988 1060 4052 Laetior
1088 4009 1145 4052 ora
1173 3989 1279 4053 modis
1308 3990 1464 4053 attollens
1493 3989 1623 4076 placida
1650 3993 1750 4056 miris.

926 4090 1032 4156 Crede
1066 4092 1161 4172 mihi,
1194 4094 1271 4179 quia
1303 4101 1335 4157 te
1366 4114 1492 4157 summo
1525 4096 1718 4180 conplector
1745 4115 1867 4159 amoro.

924 4297 1008 4362 Vale
1038 4297 1170 4362 Christo
1199 4298 1392 4383 virguncula
1499 4299 1622 4364 Christi
1650 4323 1769 4387 nempe
1799 4301 1971 4382 tiruncula,

926 4400 1008 4464 Mihi
1037 4422 1113 4465 cara
1143 4424 1342 4488 magnopere
1500 4411 1598 4488 atquc
1629 4426 1730 4488 gnara
1759 4406 1791 4467 in
1822 4425 1933 4488 opere,

850 4535 873 4571 a·
926 4503 1002 4569 Tibi
1030 4503 1144 4568 laudes
1172 4511 1349 4570 contexero
1498 4514 1597 4591 atque
1625 4513 1736 4591 grates
1763 4507 1940 4591 ingemino.

925 4609 1038 4695 Teque
1067 4629 1148 4692 rogo
1177 4630 1251 4672 cum
1282 4616 1435 4690 tremore,
1495 4631 1598 4694 agna,
1630 4609 1752 4674 Christi
1778 4631 1837 4695 pro
1868 4633 1994 4678 aurore:

924 4713 1011 4777 Vota
1038 4710 1140 4777 redde
1169 4733 1243 4775 cum
1271 4713 1399 4777 fervore
1425 4775 1428 4782 ,
1495 4713 1655 4776 altissimo
1685 4713 1718 4776 in
1747 4712 1893 4777 aethere.

924 4816 1016 4890 Quae
1048 4815 1234 4902 pepigimus
1267 4817 1401 4902 pariter,
1495 4836 1677 4880 memorare
1706 4816 1872 4880 vivaciter.

996 4993 1506 5000 -υ--ῄ-η--ψ--ῃ-..μ-
1517 4993 1522 4996 -
1534 4991 1605 4997 ---«=—-
1617 4993 1646 4997 -..
1664 4993 1691 4998 .,-
1705 4993 1710 4996 .
1729 4993 1737 4996 -
1749 4993 1832 4998 —-.-2-
1845 4993 1979 5000 ----—.-
2016 4997 2034 5000 -
2050 4997 2114 5002 φ.
2145 4997 2165 5003 -,

686 5110 755 5178 [lla]
791 5129 822 5164 es·
842 5111 898 5178 Cs.
917 5111 951 5163 56
975 5111 1000 5160 V
1008 5114 1033 5178 s.
1053 5109 1070 5161 ‘2
1087 5111 1125 5162 ecl.
1145 5109 1213 5176 Iuga
1230 5110 1301 5160 Mon.
1320 5110 1436 5174 allegunt.
1456 5107 1489 5159 52
1585 5107 1716 5160 lt'orihus
1736 5109 1758 5158 C
1841 5108 1901 5161 het
1918 5113 2050 5176 gentesC
2135 5111 2193 5164 'lat
2212 5116 2279 5167 aad.

615 5197 690 5264 leffe,
708 5199 793 5250 editus
812 5199 984 5265 apostolorum
997 5197 1178 5264 prophatarum
1196 5197 1265 5247 lilius
1282 5196 1356 5246 codd.
1374 5197 1407 5262 cs.
1420 5195 1501 5246 Ehert
1515 5193 1603 5244 Geso-lu.
1617 5195 1664 5244 der
1675 5194 1770 5244 christi.
1783 5196 1827 5244 lut.
1841 5194 1919 5244 Liter.
1933 5199 1952 5259 1,
1965 5195 2016 5247 61‘2
2028 5195 2080 5247 vah
2176 5198 2194 5248 8
2206 5217 2279 5254 nunc

614 5283 706 5334 om.C
811 5283 933 5336 9cuntra
950 5286 1020 5336 hunc
1043 5284 1067 5332 V
1082 5283 1108 5347 C,
1127 5285 1283 5335 contrahunt
1300 5301 1367 5332 corr.
1386 5281 1455 5346 Iaffc'
1565 5277 1595 5328 11
1615 5281 1783 5345 tlsurnquaC
1855 5282 1982 5332 caelicolis
2003 5282 2066 5346 VC,
2084 5285 2190 5336 carnicis
2208 5305 2278 5338 corr.

614 5370 683 5437 Iafft
787 5369 820 5422 12
837 5389 890 5423 una
907 5388 972 5436 quac
990 5370 1014 5418 V
1113 5367 1146 5420 14
1164 5371 1190 5419 in
1208 5387 1274 5435 quae
1290 5369 1315 5416 V

653 5459 655 5464 Ι
685 5488 752 5557 [1v‚]
789 5508 819 5541 ac
839 5490 896 5555 Vs.
909 5487 944 5539 20
961 5489 1000 5541 ed.
1014 5489 1082 5555 Iaffo'
1094 5489 1165 5539 Mon.
1179 5488 1332 5554 namorp.
1346 5484 1396 5537 307
1485 5484 1502 5535 5
1519 5485 1633 5535 dicentes
1650 5483 1676 5546 V,
1696 5484 1808 5534 dicantes
1821 5483 1888 5549 Io-[l'c'
1973 5484 1990 5536 9
2007 5495 2110 5539 auctore
2128 5488 2154 5552 V,
2173 5499 2277 5556 pectore

614 5596 681 5630 corr.
701 5576 823 5628 Seras-ius
928 5573 962 5626 10
977 5575 1111 5642 gratulans
1127 5575 1153 5639 V,
1172 5583 1276 5644 gratans
1298 5591 1365 5625 corr.
1386 5571 1510 5623 Serarists
1620 5565 1653 5620 14
1671 5585 1732 5619 cura
1748 5567 1774 5632 V,
1798 5587 1856 5620 cara
1874 5570 1942 5636 Ioffo'
2045 5571 2079 5628 18
2096 5575 2229 5626 minaciter
2248 5575 2277 5642 V,

615 5665 739 5716 vivaciter
756 5661 824 5728 Iaffc'
