4612 6414
937 433 1144 492 THEODULFI
1163 433 1361 492 CARMINUM
1379 431 1572 492 APPENDIX.

715 633 740 671 rs
799 609 902 704 Fama
924 619 1036 678 manet
1057 616 1169 678 nostre
1191 617 1326 696 totaque
1349 617 1487 696 vagatur
1508 611 1541 676 in
1564 610 1657 692 urbe,

877 714 990 781 Mente
1013 717 1107 802 polos
1129 713 1291 800 quendam
1315 713 1473 780 scandere
1495 713 1579 779 forte
1602 714 1717 792 virum,

801 815 845 881 Et
868 815 993 904 Stigios
1014 817 1130 884 Manes
1153 817 1259 883 noctis
1282 816 1422 903 caligine
1445 823 1561 890 tectos,

877 921 1028 989 infernos
1051 924 1163 988 tristes
1188 923 1383 989 sollicitasse
1406 921 1506 996 deos;

795 1024 945 1091 Monstra
968 1027 1066 1094 deum
1090 1035 1272 1113 tenuesque
1295 1027 1392 1092 simul
1416 1025 1476 1090 snb
1499 1025 1641 1111 imagine
1664 1025 1778 1092 mortis

712 1148 738 1188 ²0
881 1130 1022 1198 Umbras
1048 1153 1112 1217 quo
1134 1130 1273 1218 pavidus
1295 1129 1384 1195 Ditis
1407 1129 1441 1193 in
1463 1129 1529 1194 ima
1551 1127 1651 1193 videt.

795 1234 957 1321 Agnoscit
978 1241 1075 1300 notos
1099 1235 1245 1319 torqueri
1267 1232 1465 1298 Acherontis
1488 1231 1522 1295 in
1548 1229 1645 1312 unda,

879 1335 1010 1402 Felices
1034 1337 1162 1422 superis
1186 1344 1220 1400 et
1241 1333 1370 1400 radiare
1392 1333 1476 1420 pios.

794 1442 858 1506 Ast
880 1441 936 1506 elii
960 1439 1122 1524 quandam
1146 1439 1293 1504 referunt
1316 1437 1378 1502 snb
1401 1441 1497 1500 nocte
1520 1435 1663 1521 puellam

878 1543 1032 1609 Excessu
1055 1543 1174 1608 mentis
1198 1543 1281 1606 forte
1305 1539 1416 1605 subire
1439 1539 1543 1625 polos,

715 1671 741 1709 ss
799 1646 844 1711 Et
866 1653 1040 1733 penetrare
1061 1647 1153 1711 lacus
1178 1643 1284 1710 Oociti
1307 1643 1512 1729 Stigiamque
1534 1638 1688 1726 paludem

880 1749 1060 1834 Diramque
1085 1798 1092 1813 .
1117 1799 1125 1814 .
1150 1798 1156 1812 .
1181 1800 1187 1814 .
1211 1750 1285 1813 loca
1307 1744 1430 1811 torrida
1452 1790 1623 1811 ......

795 1853 888 1928 Quae
912 1853 1009 1918 simul
1033 1858 1164 1919 enarrat
1186 1853 1361 1917 multorum
1385 1869 1520 1915 cernere
1543 1868 1677 1934 poenas,

880 1954 925 2023 Se
951 1962 985 2022 et
1007 1955 1129 2022 vidisse
1153 1956 1225 2042 pios
1249 1975 1324 2020 arce
1348 1954 1453 2018 nitere
1476 1950 1554 2037 poli.

797 2059 860 2124 His
885 2060 992 2145 rogita
1016 2080 1116 2145 super
1138 2057 1260 2123 eximio
1282 2054 1505 2122 moderamine
1530 2055 1667 2134 cunctis,

715 2187 742 2226 eo
887 2163 986 2228 Certa
1007 2183 1081 2228 meo
1105 2161 1236 2227 domino
1258 2169 1295 2227 ut
1317 2167 1350 2226 te
1373 2159 1538 2225 referente
1561 2160 1675 2226 feram.

799 2265 847 2331 Te
870 2264 1046 2346 referente,
1070 2285 1162 2351 puer,
1186 2263 1312 2349 capiam
1335 2261 1491 2327 fidissima
1514 2260 1597 2341 Clio,

882 2367 963 2432 Eius
985 2367 1019 2432 in
1042 2373 1180 2454 aspectu
1204 2365 1291 2451 quod
1313 2387 1388 2431 mea
1410 2364 1511 2429 verba
1534 2370 1661 2430 sonent.

797 2469 833 2536 si
856 2470 983 2536 meritis
1007 2470 1115 2536 celsus
1139 2469 1264 2536 cunctis
1287 2474 1488 2534 memoretur
1509 2468 1542 2533 in
1565 2467 1637 2532 istis

881 2573 1064 2640 'leudulfus
1087 2579 1198 2639 noster
1220 2572 1318 2638 rebus
1332 2573 1353 2654 ¹,
1377 2572 1492 2652 amice,
1516 2572 1601 2658 pius.

717 2697 742 2736 ss
801 2675 907 2742 Multa
929 2676 990 2742 tibi
1014 2677 1106 2741 lirico
1130 2675 1257 2742 modico
1281 2675 1321 2741 de
1344 2682 1478 2763 pectore
1501 2675 1627 2761 plectro

881 2778 1035 2846 Carmina
1058 2780 1253 2862 conferrem,
1276 2777 1412 2860 credito,
1437 2799 1563 2844 summe
1587 2797 1678 2864 puer,

796 2882 839 2947 Ni
863 2882 971 2948 subito
997 2884 1082 2949 lator
1105 2883 1272 2949 dominum
1296 2881 1532 2970 adgrederetur
1555 2881 1696 2968 ineptus,

880 2985 945 3060 Qui
969 2986 1102 3074 rapidus
1124 2989 1258 3073 longum
1283 3007 1418 3072 carpere
1444 2985 1552 3072 coepit
1575 2985 1647 3050 iter.

798 3088 945 3176 Cumque
969 3111 1089 3172 sacras,
1112 3112 1193 3176 quas
1217 3112 1317 3176 saepe
1341 3089 1435 3168 solet,
1458 3088 1616 3153 inviseret
1638 3085 1749 3166 aedes,

713 3217 739 3255 ιο
883 3193 957 3280 Quo
984 3194 1111 3261 cineres
1135 3194 1239 3259 sancti
1263 3199 1349 3274 sunt,
1372 3191 1501 3258 Aniane
1514 3191 1537 3272 ²,
1560 3191 1619 3270 tui,

797 3297 1030 3364 Praetoribus
1054 3300 1157 3364 sacris
1180 3295 1354 3382 medioque
1378 3296 1410 3360 in
1433 3295 1546 3360 limine
1570 3295 1690 3360 sistens

877 3400 992 3467 Lateri
1017 3402 1168 3488 urguenti
1192 3399 1295 3466 edidit
1317 3400 1382 3464 ista
1404 3399 1501 3464 citus:

798 3503 963 3570 ‘Rusticus
987 3513 1038 3570 est
1060 3510 1173 3570 noster
1196 3504 1253 3569 tali
1276 3524 1362 3568 nunc
1386 3500 1499 3572 ordine
1523 3522 1641 3580 sermo,

874 3608 972 3674 Unde
996 3611 1156 3675 salutetur
1177 3607 1300 3694 primns
1324 3607 1356 3672 in
1379 3613 1449 3671 arte
1471 3626 1562 3692 puer,

712 3733 738 3772 a
796 3712 866 3778 Neo
890 3712 983 3777 tenni
1006 3712 1097 3792 vitta,
1122 3707 1219 3776 solito
1242 3732 1303 3776 nec
1326 3709 1478 3774 fulminat
1500 3713 1598 3788 ostro,

877 3815 948 3882 Nec
972 3816 1078 3900 girum
1102 3815 1209 3880 rotula
1231 3813 1332 3879 currit
1354 3833 1470 3878 amena
1493 3832 1597 3876 sunm.

795 3916 843 3983 Te
866 3919 922 4004 pie
943 3925 1061 3984 nostro
1082 3918 1173 4004 pium
1196 3916 1332 3981 nimium
1355 3915 1556 4000 nimiumque
1580 3911 1700 3977 salutat

876 4020 988 4085 Turbo
1013 4027 1184 4107 poetarum
1208 4041 1339 4107 semper
1361 4019 1467 4085 amica
1488 4017 1559 4083 tibi.

795 4121 845 4186 Tu
869 4121 1035 4188 dominum
1059 4123 1158 4188 simili
1182 4130 1295 4188 nostro
1319 4143 1469 4187 sermone
1494 4119 1611 4200 saluta,

712 4249 739 4286 so
884 4223 1027 4308 Quaeso,
1051 4233 1153 4308 tunm,
1177 4226 1277 4291 sociis
1301 4226 1414 4310 sicque
1438 4223 1568 4288 ‘valeto’
1592 4243 1684 4300 cane,

686 4364 688 4370 ν
793 4329 905 4416 Atque
928 4331 1093 4416 poetalem
1116 4329 1222 4395 radiat
1245 4349 1329 4414 quae
1353 4375 1652 4393 ..........
1660 4375 1667 4406 ,

879 4432 1054 4498 (laeserisl
1079 4433 1217 4520 imperio
1241 4453 1324 4518 quae
1348 4432 1434 4497 bene
1457 4436 1551 4517 paret
1575 4450 1686 4508 ovans,

798 4534 890 4609 Quae
915 4537 1003 4603 celer
1025 4537 1171 4622 ingenio,
1192 4535 1350 4621 fulgentis
1374 4534 1524 4599 acumine
1548 4553 1664 4598 sensns

876 4640 1015 4705 Artibus
1038 4641 1072 4704 in
1097 4640 1221 4706 cunctis
1245 4638 1418 4724 ingeniosa
1439 4637 1545 4721 viget:

530 4984 564 5038 15
586 4987 677 5039 Forma
694 4994 765 5039 tenet
776 4985 814 5051 H,
837 5005 873 5038 aa
891 4989 990 5040 refert?
1068 4995 1202 5055 totumque
1215 4987 1248 5038 H
1360 4985 1392 5038 16
1414 4993 1481 5039 sorte
1495 4985 1527 5035 H
1635 4982 1669 5036 18
1688 4986 1806 5037 infensus
1818 4985 1851 5036 H
1958 4985 1993 5039 20
2010 5005 2040 5040 co
2052 4988 2087 5040 H

425 5069 458 5123 21
478 5074 603 5125 ccerontis
621 5073 649 5124 in
666 5074 718 5125 ima
730 5073 764 5123 H
875 5071 910 5125 22
927 5075 1043 5127 Foelices
1062 5075 1093 5125 H
1203 5072 1238 5125 25
1255 5074 1314 5126 lacu
1332 5073 1414 5125 solitis
1426 5073 1456 5123 H
1566 5068 1600 5122 26
1618 5071 1686 5122 locat
1702 5071 1797 5122 orridet
1809 5072 1842 5122 H
1944 5072 1978 5126 27
1996 5077 2081 5129 simuli

425 5158 554 5210 narretH
662 5155 697 5210 29
715 5159 851 5226 rogitatH
957 5157 992 5211 30
1009 5177 1024 5212 e
1041 5163 1167 5212 referente
1179 5160 1211 5210 H
1320 5157 1355 5211 32
1372 5159 1435 5226 quid
1448 5158 1479 5208 H
1589 5153 1625 5207 33
1642 5163 1796 5208 memoratus
1808 5157 1841 5207 H
1940 5158 1975 5212 34
1992 5163 2040 5229 piis
2052 5163 2086 5212 H
2173 5217 2177 5222 ,

424 5241 461 5302 36
475 5246 605 5296 conferam
622 5243 655 5292 H
738 5261 810 5296 sume
828 5244 862 5294 H
979 5243 1013 5297 39
1037 5263 1096 5298 cnm
1118 5246 1214 5298 uiseret
1231 5244 1268 5310 H,
1294 5245 1417 5296 inviseret
1439 5243 1513 5296 Perta
1633 5239 1669 5293 40
1686 5242 1822 5293 emeneH
1935 5244 1969 5298 41
1991 5248 2087 5298 ProH

424 5326 460 5379 42
482 5330 561 5382 Litori
573 5328 607 5379 H
699 5327 734 5380 43
752 5339 850 5384 estnec
868 5329 949 5396 (nnnc
967 5329 1054 5398 Perta)
1067 5333 1111 5384 tali
1124 5331 1158 5382 H
1251 5329 1287 5383 44
1299 5332 1373 5383 Unde
1384 5331 1505 5384 uidentur
1517 5328 1549 5378 H
1600 5327 1704 5380 erceH
1808 5327 1843 5380 45
1855 5331 1909 5382 uita
1921 5331 1955 5382 H
2012 5350 2082 5385 nnnc

425 5413 500 5465 Perta
569 5415 689 5466 fulminet
706 5431 777 5467 omor
790 5416 823 5466 H
910 5415 943 5468 51
962 5434 1028 5484 que.
1041 5456 1047 5470 .
1058 5457 1063 5470 .
1075 5417 1112 5482 H,
1130 5435 1166 5468 oo
1184 5435 1283 5470 summa
1301 5421 1448 5470 catervam?
1553 5412 1587 5466 53
1606 5415 1662 5477 Quo
1679 5415 1749 5466 colen
1760 5413 1797 5480 H,
1814 5417 1882 5468 celer
1897 5416 1970 5469 Wau.

530 5598 555 5667 1)
577 5597 608 5651 id
630 5601 669 5652 est
691 5599 721 5652 ia
741 5599 854 5654 vesicae.
895 5597 1080 5669 sscodulfam
1097 5601 1185 5671 igitur
1204 5606 1260 5656 tam
1278 5601 1335 5654 ium
1350 5601 1487 5653 mmtuam
1505 5597 1598 5667 fuisse
1615 5600 1666 5654 hoc
1681 5615 1763 5655 uersa
1784 5598 1897 5654 Lirraelr
1916 5597 2082 5669 (flreodalse

427 5699 558 5757 Gecliclrte
571 5719 600 5773 p.
619 5703 664 5770 29)
683 5708 902 5772 argumentatur.
973 5703 1001 5770 2)
1018 5703 1211 5759 monasteriaco
1231 5703 1321 5758 suncti
1338 5702 1445 5757 Anioni
1462 5701 1501 5770 (S.
1521 5702 1645 5773 Aigoua)
1665 5703 1740 5759 dicit.
1808 5704 1835 5772 3)
1855 5703 2026 5760 Hludorcs'rr'.
