4628 6428
610 413 887 475 INSCRIPTIONES
906 417 945 473 IN
965 415 1117 484 QUODAM
1137 415 1383 472 MONASTERIO.

982 614 1002 660 u

534 705 662 771 Currite
686 728 756 787 ros,
780 708 928 786 iuvenes,
953 705 1076 769 Christi
1098 712 1313 790 properanter
1335 705 1368 768 in
1391 705 1509 784 aulam,

615 809 669 874 Ad
691 808 821 874 laudern
845 809 967 874 Christi
990 809 1109 872 currite
1133 830 1202 886 vos,
1225 809 1373 873 iuvenes.

532 912 778 997 Unanimesquc
801 912 898 975 simul
921 931 1034 996 regem
1056 909 1187 974 laudate
1210 932 1397 996 supernum,

617 1015 755 1101 Semper
777 1023 884 1080 amate
908 1014 1004 1080 deum
1027 1015 1263 1098 unanimesque
1289 1014 1395 1078 simul.

464 1143 476 1178 s
533 1118 569 1182 Si
592 1140 737 1204 nequeas
759 1119 911 1204 pedibus,
936 1119 1053 1198 senior,
1076 1139 1166 1202 rogo,
1189 1125 1324 1203 pectore
1347 1138 1455 1190 curre;

616 1223 727 1287 Mente
749 1223 862 1308 polum
886 1221 1014 1302 scande,
1038 1222 1066 1285 si
1089 1242 1233 1306 nequeas
1256 1219 1406 1306 pcdibue.

839 1357 1147 1366 ———-—-—----.-.—.

532 1549 668 1615 Diseute
692 1556 870 1631 torpentes,
893 1548 1003 1628 frater,
1026 1547 1086 1612 tihi
1109 1549 1228 1632 pellice
1252 1569 1382 1612 somnos
1398 1552 1417 1628 ¹,

615 1654 660 1719 Et
682 1653 842 1720 contende
867 1655 955 1740 prior
978 1661 1065 1718 tecta
1088 1653 1199 1718 subire
1222 1653 1286 1718 dei.

533 1758 624 1823 Intra
647 1759 767 1845 quippe
791 1759 880 1845 prior
902 1758 1068 1843 templum,
1094 1756 1152 1821 sed
1175 1756 1298 1821 tardior
1320 1758 1385 1836 exi,

613 1861 661 1925 Te
686 1861 808 1925 Christi
832 1859 931 1923 ducat
954 1867 1050 1943 atque
1075 1859 1209 1923 reducat
1232 1881 1331 1923 amor.

462 1987 474 2023 s
523 1965 663 2050 ¹Septies
686 1964 783 2047 inque
807 1961 860 2026 die
884 1963 1050 2026 dominum
1073 1962 1205 2026 laudare
1229 1970 1403 2042 memento,

612 2067 658 2131 Ut
680 2067 851 2153 psalmista
874 2067 962 2130 canit
983 2064 1091 2130 David
1114 2066 1156 2129 ab
1180 2087 1236 2129 ere
1260 2065 1345 2130 dei².

530 2755 694 2842 Egregius
718 2761 850 2839 martyr,
874 2756 1006 2840 praesul
1029 2753 1215 2839 Christique
1239 2753 1344 2820 fidelis

614 2862 707 2926 Haec
728 2861 802 2925 loca
824 2860 1021 2926 Lambertus
1044 2862 1158 2926 inclita
1181 2869 1312 2926 sanctus
1335 2861 1445 2926 habet.

530 2964 682 3050 Iungitur
703 2963 779 3027 huic
803 2964 887 3048 patri
912 2965 1034 3049 pariter
1057 2963 1182 3028 Cecilia
1206 2965 1307 3050 virgo,

614 3067 814 3152 Virginitate
837 3073 953 3151 potens
977 3068 1198 3152 martyrioque
1222 3069 1328 3132 simul.

463 3193 474 3228 s
532 3168 703 3234 Ecclesiae
727 3169 835 3233 luerat
856 3190 994 3254 magnus
1017 3191 1092 3235 nam
1116 3179 1228 3255 pastor
1252 3179 1286 3236 et
1308 3172 1378 3236 ille:

615 3271 709 3336 Haec
733 3271 856 3335 Christi
879 3274 966 3358 regis
989 3295 1110 3358 sponsa
1132 3275 1286 3358 perennis
1311 3281 1390 3338 erat.

526 3373 622 3438 Ilanc
646 3374 778 3439 humilis
801 3374 904 3438 abbas
927 3374 1017 3440 At0³
1039 3377 1103 3440 iam
1127 3382 1357 3440 construxerat
1378 3375 1505 3458 aedem,

614 3476 711 3542 Dona
734 3478 786 3541 eui
810 3476 960 3541 Christus
984 3477 1083 3542 donet
1105 3478 1139 3541 in
1161 3498 1235 3542 arce
1259 3478 1337 3563 poli.

980 3713 1002 3755 u

531 3801 705 3876 Quintinus
728 3808 860 3888 martyr,
884 3808 978 3888 pater
1000 3809 1033 3867 et
1056 3801 1236 3887 Dionysius
1260 3822 1349 3866 eram

615 3905 711 3970 Hane
736 3911 869 3969 servent
891 3905 1044 3990 precibus
1068 3925 1198 3990 semper
1220 3905 1260 3969 ab
1283 3905 1480 3984 hesternis,

530 4008 693 4074 Doctores
716 4009 804 4072 vitae
828 4008 954 4074 meritis
977 4008 1145 4072 vivacibus
1169 4009 1275 4082 ambo,

615 4112 782 4198 Sanguine
806 4113 862 4197 qui
885 4133 980 4178 roseo
1004 4133 1106 4197 regna
1127 4113 1227 4178 beata
1249 4121 1373 4179 tenent.

531 4441 626 4506 Hane
649 4448 743 4527 peter
766 4441 920 4526 egregius
944 4461 1033 4505 arem
1056 4440 1261 4505 Filibertus⁴
1283 4442 1428 4522 habebit,

613 4544 759 4609 Plurima
782 4545 965 4610 construxit
988 4544 1044 4628 qui
1066 4544 1140 4608 loca
1162 4550 1276 4608 saneta
1298 4543 1370 4609 deo.

533 4649 620 4716 Huic
644 4668 777 4733 quoque
801 4649 975 4712 coniuncta
998 4653 1050 4713 est
1073 4648 1400 4735 clarissimamartyr
1421 4648 1563 4734 Agatha,

580 4745 581 4750 ’
614 4751 762 4816 Venerat
783 4752 817 4815 in
840 4752 1019 4816 thalamum
1043 4751 1202 4837 sanguine
1224 4753 1317 4838 virgo
1339 4753 1418 4840 poli.

278 4929 336 4938 ...ιι-
947 4928 1110 4934 --.-...--.

279 5049 290 5113 ΙΙ
316 5047 351 5116 [11]
375 5050 421 5101 hoa
437 5065 524 5102 verare
542 5065 560 5098 a
573 5048 707 5113 quior-ihus
731 5047 841 5110 arietari,
865 5047 1012 5111 quihtucum
1030 5047 1103 5112 apud
1123 5048 1307 5110 Qrmcetanum
1324 5049 1451 5100 coniuncti
1473 5060 1547 5102 mont
1662 5049 1674 5113 11
1705 5049 1749 5116 [1¹1]
1768 5052 1821 5102 rinc

165 5135 199 5184 tit.
222 5134 244 5195 Q
262 5137 279 5186 l.
298 5137 314 5186 l.
334 5137 456 5186 cxxxn
577 5131 593 5182 2
612 5141 696 5184 mento
711 5133 740 5197 Q,
757 5141 825 5184 tecta
836 5133 895 5182 har.
1017 5131 1035 5183 4
1053 5135 1123 5185 ducit
1141 5153 1207 5184 corr.
1227 5135 1253 5184 in
1271 5136 1348 5186 duent
1362 5135 1384 5197 Q

234 5215 340 5288 [XCIX]
375 5222 453 5273 edidit
473 5219 537 5286 ΟΡ.
556 5217 734 5270 1702-1707
753 5237 777 5270 n.
797 5220 1082 5284 CXXXIII-CXLV,
1106 5221 1348 5272 CXLIX—cmx.

268 5405 295 5472 1)
310 5405 353 5474 Cf.
365 5421 453 5474 cupro
463 5421 494 5474 p.
506 5405 558 5458 254
570 5421 594 5459 v.
606 5407 631 5458 3.
684 5405 712 5472 2)
726 5404 873 5466 Penne.
887 5406 945 5460 154.
998 5407 1025 5474 3)
1039 5407 1093 5460 Ato
1111 5406 1168 5473 fuit
1186 5404 1274 5460 abhoc
1292 5409 1319 5459 ct
1335 5407 1510 5460 instaurator
1520 5407 1820 5462 monosteriiNohiltu·

163 5508 253 5562 reneis
271 5509 424 5574 (Nouar'llc‘)
441 5507 519 5578 opud
536 5509 668 5563 Pictcvoa
685 5509 742 5574 siti,
760 5509 797 5576 cf.
817 5508 940 5577 diploma
958 5508 1098 5563 Lndoeici
1115 5507 1317 5577 Aquitanornm
1335 5509 1408 5576 repta
1426 5507 1512 5562 anal
1530 5507 1624 5562 datum
1642 5509 1820 5576 (SiclcelActa

163 5609 302 5666 Ludocr'ci
319 5613 345 5678 1)
363 5617 388 5665 et
409 5610 568 5665 Mnhillom'i
591 5613 662 5665 Anu.
684 5611 733 5676 ΙΙ,
751 5611 809 5664 307.
902 5612 931 5678 4)
950 5611 1105 5666 Filibertuo
1128 5609 1216 5666 abhas
1241 5609 1371 5665 Gemetiet
1392 5625 1463 5666 ecee.
1489 5611 1554 5665 VII.
1562 5651 1570 5678 ,
1596 5612 1647 5680 qui
1664 5616 1822 5669 construxit

162 5716 329 5768 monasterio
348 5714 529 5770 Grmeticense
549 5721 573 5769 et
592 5715 722 5769 Hermae.

1556 5809 1612 5863 41*
