4612 6414
950 406 1137 466 surarum
1158 405 1368 480 [cunerono
1387 407 1563 466 CARMINA.

722 603 746 642 ιι
803 583 897 650 Haec
920 593 1031 650 tamen
1052 593 1089 650 ut
1110 583 1240 650 domino
1264 585 1406 671 supplex
1428 584 1578 649 assecula
1599 585 1700 648 verbo

883 685 1033 768 Adiacet,
1055 693 1092 751 ut
1113 685 1236 751 famula
1257 692 1389 771 tergere
1412 685 1509 752 docta
1530 686 1642 773 pedes.

800 788 863 855 Illa
886 789 980 856 sedet
1001 790 1084 855 solio
1107 790 1211 874 regali
1234 789 1376 854 culmine
1399 790 1538 874 pollens,

884 890 979 957 Illius
1002 893 1035 957 iu
1058 893 1183 977 gremio
1207 892 1354 958 continet
1376 892 1440 956 ista
1462 890 1574 976 pedes.

800 994 864 1059 Illa
885 1016 945 1081 per
967 996 1133 1060 inmensos
1157 994 1307 1062 extendit
1327 994 1463 1060 brachia
1484 994 1597 1070 libros,

718 1118 745 1158 ao
890 1096 960 1162 Ista
983 1097 1063 1163 satis
1086 1098 1211 1163 faciens
1235 1098 1335 1163 currit
1357 1097 1479 1182 ubique
1502 1116 1655 1182 sequens.

801 1393 845 1438 xu
890 1372 1060 1438 INCIPIT
1083 1372 1342 1439 PRAEFATIO
1367 1371 1428 1436 DE
1451 1370 1722 1438 PARTIOIPIO.

801 1491 895 1558 Haec
918 1515 993 1581 pars
1017 1515 1037 1559 a
1059 1493 1160 1560 verbo
1184 1515 1305 1559 nomen
1328 1500 1362 1560 et
1383 1494 1515 1558 nomine
1539 1495 1688 1578 sumpsit,

885 1596 916 1661 A
939 1598 1058 1684 quibus
1081 1605 1116 1664 et
1136 1599 1255 1684 recipit
1277 1599 1386 1664 omnia
1408 1597 1563 1683 quioquid
1585 1597 1696 1662 habet.

803 1699 873 1766 Ceu
895 1703 1034 1787 pelagus
1058 1703 1136 1768 rivis
1158 1703 1270 1767 multia
1293 1701 1334 1768 de
1357 1702 1497 1766 vallibus
1520 1703 1615 1782 aurit,

886 1803 939 1868 Ex
962 1805 1036 1870 aliis
1059 1813 1169 1893 partes
1192 1806 1279 1871 aurit
1300 1813 1334 1870 et
1356 1805 1420 1870 iate
1443 1806 1516 1874 eibi.

734 1926 746 1962 ὁ
804 1907 943 1995 Magnus
966 1915 1002 1974 ut
1024 1930 1043 1975 e
1066 1910 1176 1996 parvis
1199 1909 1354 1996 impletur
1375 1908 1518 1974 fontibus
1540 1910 1656 1991 amnis,

883 2011 1036 2077 Partibus
1060 2033 1103 2078 ex
1125 2013 1199 2078 aliis
1220 2013 1285 2077 ista
1306 2013 1434 2098 repleta
1455 2020 1575 2078 manet.

802 2114 854 2180 De
877 2116 977 2181 verbo
1001 2122 1141 2203 tempus,
1164 2116 1281 2203 recipit
1302 2114 1343 2181 de
1366 2117 1497 2182 nomIne
1521 2138 1627 2197 casus,

888 2218 991 2305 Signa
1012 2220 1114 2285 trahit
1136 2220 1246 2301 verbo,
1269 2220 1401 2285 nomine
1424 2241 1563 2306 namque
1587 2241 1704 2305 genus.
1746 2273 1749 2282 .

803 2321 901 2388 Aurit
923 2323 965 2388 ab
986 2323 1145 2389 ambabus
1168 2343 1332 2403 numeros,
1354 2323 1396 2387 ab
1419 2329 1556 2408 utraque
1579 2323 1726 2410 figuram,

722 2451 747 2487 ιο
889 2426 935 2492 Ut
957 2448 1033 2514 pars
1056 2447 1075 2492 e
1098 2426 1209 2492 multis
1230 2426 1379 2514 partibus
1402 2447 1467 2491 una
1489 2428 1555 2492 fiat.

804 2532 848 2597 Et
872 2532 1007 2597 sibimet
1028 2531 1159 2597 tandem
1182 2551 1302 2597 nomen
1324 2530 1481 2596 defendat
1503 2538 1537 2597 et
1559 2538 1679 2612 actum,

887 2636 933 2702 Et
953 2642 1064 2703 teneat
1086 2637 1254 2723 proprium
1278 2656 1409 2722 semper
1431 2636 1553 2722 ubique
1576 2637 1693 2702 Iocum.

990 2932 1045 2976 nur
1091 2907 1164 2998 [DE
1189 2909 1551 2999 CONIUNCTIONE]

783 3031 887 3097 Tema
909 3037 1001 3097 tenet
1021 3030 1160 3096 nitidum
1182 3031 1274 3118 pacis
1297 3031 1483 3098 coniunctio
1507 3054 1646 3121 semper,

886 3135 950 3200 Illa
970 3135 1052 3221 ligat
1073 3135 1203 3216 Intres,
1226 3156 1344 3200 sensus
1369 3140 1403 3200 et
1426 3135 1490 3200 ista
1510 3136 1601 3221 ligat.

804 3238 876 3305 Pax
899 3241 1025 3305 animas
1047 3239 1183 3304 fratrum
1207 3239 1325 3325 iungit:
1350 3225 1535 3306 coniunctio
1558 3242 1658 3307 verba

889 3343 1036 3426 Ordinat,
1058 3343 1215 3425 adnectit,
1238 3344 1311 3408 unit
1334 3349 1368 3408 et
1389 3350 1484 3408 ornat
1506 3365 1556 3409 ca.

736 3469 748 3507 a
806 3447 877 3513 Pax
899 3447 1020 3513 retinet
1041 3453 1183 3512 mentes:
1208 3446 1320 3532 apices
1344 3446 1530 3513 coniunctio
1552 3449 1666 3529 nectit,

887 3550 952 3616 Illa
973 3571 1051 3616 auos
1074 3550 1188 3631 sociat,
1211 3549 1315 3616 nectit
1337 3557 1371 3616 et
1393 3551 1457 3615 ista
1479 3573 1566 3618 suos.

804 3655 924 3721 Fibula
946 3655 1121 3722 verborum
1145 3660 1197 3720 est
1218 3655 1354 3719 nimium
1376 3676 1524 3742 eonpago
1547 3666 1694 3741 venusta,

889 3759 1024 3846 Pompa,
1047 3757 1149 3824 dacus
1172 3758 1316 3840 rutilum,
1341 3759 1448 3824 clarus
1472 3767 1506 3824 et
1528 3768 1626 3847 aptus
1649 3763 1762 3830 honor.

806 3862 907 3929 Istius
930 3862 1060 3948 eloquio
1083 3862 1241 3927 librorum
1264 3863 1390 3927 cartula
1412 3864 1522 3929 floret:

724 3990 749 4027 lo
891 3966 994 4032 Istius
1018 3966 1149 4052 eloquio
1172 3967 1294 4053 pagina
1315 3972 1385 4031 tota
1406 3967 1498 4033 nitet.

807 4069 959 4136 Concutit
982 4077 1016 4136 et
1038 4070 1134 4136 metri
1156 4090 1312 4154 germano
1333 4069 1466 4136 foedere
1490 4071 1616 4154 cordas,

894 4174 1056 4240 Carminis
1079 4180 1116 4239 ut
1138 4174 1240 4259 digito
1264 4179 1427 4261 temperet
1449 4196 1545 4241 omne
1567 4179 1682 4260 melos,

807 4278 962 4345 Cithereo
984 4285 1021 4343 ut
1042 4284 1155 4343 nostra
1179 4278 1305 4365 plectro
1327 4279 1466 4346 feriente
1491 4278 1635 4346 Camena

888 4384 971 4449 Cum
994 4385 1096 4471 lyrico
1121 4384 1242 4470 pariter
1265 4385 1410 4450 carmine
1433 4386 1544 4452 iuncta
1566 4396 1671 4454 sonet.

726 4509 750 4548 a
809 4487 910 4553 Istius
933 4493 1089 4553 ornantur
1111 4487 1317 4553 sermonibus
1340 4489 1449 4553 omnia
1471 4497 1586 4574 metra,

889 4591 1131 4667 Quae'calamo
1154 4590 1261 4678 pingit
1282 4593 1394 4678 lingua
1415 4592 1534 4659 Latina
1557 4616 1626 4660 suo.

550 4853 584 4907 15
600 4857 632 4908 ad
650 4856 753 4908 saecula
768 4853 863 4906 GPN
963 4852 994 4904 17
1014 4854 1062 4905 Illa
1079 4853 1161 4906 sedC'
1263 4852 1296 4904 18
1312 4855 1455 4920 gramisN,
1473 4873 1539 4906 corr.
1558 4854 1613 4908 oP
1714 4856 1747 4907 19
1765 4859 1933 4910 inmonsusO

546 4940 603 5009 [xu]
622 4915 715 5010 Incipit
732 4943 855 5010 praefatio
868 4941 932 5009 Ns.
951 4939 993 4992 63⁴
1096 4937 1184 4992 3-12
1201 4958 1250 4992 om.
1263 4940 1325 4991 NP
1339 4941 1379 4992 tis
1395 4942 1508 4993 caudas
1526 4942 1638 4994 additis:

855 5029 978 5096 signitur
995 5035 1025 5079 ut
1042 5029 1146 5095 genitus
1163 5028 1272 5094 geminis
1289 5030 1450 5095 genitoribus
1467 5047 1544 5094 unm,

941 5115 983 5167 Sic
1000 5132 1058 5182 pars
1075 5132 1108 5166 ex
1125 5115 1235 5182 geminis
1254 5116 1370 5182 partibus
1386 5116 1435 5168 isto
1453 5117 1516 5168 fluia

790 5219 801 5258 ι
854 5201 919 5252 Nom
936 5217 1019 5267 genus
1037 5207 1063 5252 ct
1080 5217 1156 5252 casus
1173 5201 1263 5267 recipit
1281 5201 1312 5253 de
1330 5203 1432 5254 nornine
1450 5203 1505 5254 solo

938 5287 978 5338 Da
996 5286 1075 5339 verbo
1092 5303 1187 5353 genera
1204 5295 1318 5354 tempora
1336 5288 1417 5339 lustra
1433 5289 1489 5340 tria.

854 5371 942 5424 Utrius
960 5379 986 5424 et
1003 5389 1138 5424 numerum
1155 5373 1245 5440 recipit
1262 5375 1397 5440 caiusque
1415 5375 1532 5440 figuram,

698 5493 699 5496 ι
923 5461 957 5510 Ut
974 5459 1052 5526 partis
1069 5459 1169 5525 proprie
1187 5477 1279 5511 nomen
1298 5460 1392 5512 habere
1411 5469 1495 5527 queat.
1532 5461 1625 5526 Incipit
1642 5468 1750 5513 tractare
1766 5461 1799 5512 do
1817 5461 1959 5528 participio.

441 5543 557 5594 boam.
573 5543 630 5595 00
732 5540 894 5608 GPartybus
911 5543 1005 5595 aliisO
1072 5543 1193 5596 maneto

546 5626 613 5695 [xur]
634 5629 726 5694 Incipit
743 5630 866 5696 praefatio
879 5628 942 5696 Ns.
960 5628 995 5679 66
1101 5628 1114 5680 1
1134 5632 1173 5680 Te
1191 5639 1276 5684 manet
1288 5630 1314 5680 Ρ
1364 5640 1430 5684 tensa
1447 5632 1473 5682 id
1491 5639 1530 5682 est
1546 5632 1629 5698 figura
1643 5632 1665 5681 (1
1679 5633 1716 5682 cd
1727 5651 1808 5698 ortorp.
1913 5632 1931 5684 4
1949 5635 2020 5684 uenit
2031 5641 2056 5685 et
2071 5634 2095 5684 (1

441 5715 458 5766 1)
475 5716 567 5766 mentis
581 5713 644 5764 NP
745 5713 762 5765 6
781 5715 856 5765 sotiat
871 5715 893 5764 0
995 5710 1028 5763 13
1047 5715 1175 5766 Citthersc
1188 5715 1253 5766 NP
1353 5715 1387 5768 14
1404 5719 1470 5768 Cum
1488 5717 1576 5768 mo
1644 5719 1715 5770 lirico
1728 5719 1794 5783 NP,
1811 5719 1901 5770 librico
1915 5719 1938 5770 Ο
