4694 6428
1094 422 1243 486 Aleum
1261 425 1437 486 Cthller.

793 599 886 674 Quae
901 603 998 666 nimis
1014 612 1153 668 exustae
1169 603 1245 669 dum
1260 605 1408 669 flammas
1424 606 1511 671 serre
1527 607 1714 692 nequibant.
1735 655 1736 658 ,

791 705 939 789 higoris
961 707 994 770 in
1016 707 1160 772 medium
1182 709 1323 772 miserae
1345 731 1422 772 mox
1444 711 1676 795 prosiliebant:

793 808 939 894 Cumque
962 810 1008 873 ibi
1030 833 1091 875 nec
1114 819 1266 897 poterant
1288 813 1435 897 requiem
1458 814 1612 898 reperire.
1635 814 1780 877 vicissim

793 911 1064 976 Flammivomum
1077 914 1194 978 flentes
1207 916 1324 978 ilerum
1340 914 1530 979 ferebantur
1545 917 1577 980 in
1594 917 1714 1000 ignem.

792 1015 886 1079 Haec
909 1037 1048 1082 cernens
1062 1039 1189 1082 mecum
1206 1019 1399 1086 meditabar.
1421 1021 1507 1085 forte
1524 1023 1610 1106 quod
1626 1032 1714 1086 esset

790 1118 903 1183 Poena
925 1120 1104 1188 infernalis.
1128 1143 1225 1206 quam
1249 1144 1349 1208 saepe
1372 1123 1486 1188 andire
1509 1125 1667 1188 solebam.

792 1221 917 1286 Ductor
939 1231 973 1286 et
995 1224 1051 1287 ille
1073 1224 1154 1288 mihi
1177 1224 1347 1290 meditanti
1370 1228 1447 1290 talia
1470 1226 1568 1291 dixit:

791 1325 886 1404 'Nom
908 1334 944 1389 ut
966 1327 1039 1412 ipse
1062 1336 1168 1412 putas.
1193 1328 1289 1392 isthic
1312 1330 1459 1394 infernus
1481 1330 1642 1395 habetnr'.

700 1475 721 1484 ..
794 1427 942 1512 Cumque
965 1429 1047 1493 haec
1070 1431 1263 1516 aspicerem.
1287 1432 1440 1517 pavidum
1463 1455 1516 1496 me
1538 1432 1632 1497 duxit
1655 1435 1687 1496 in
1710 1445 1795 1496 ante.

791 1530 884 1594 Tunc
907 1531 1017 1594 subito
1040 1530 1105 1595 ridi
1129 1533 1276 1596 tenebris
1298 1535 1370 1598 loca
1394 1545 1511 1599 cuncta
1533 1537 1662 1622 repleri.

791 1631 1022 1718 Intrantesque
1045 1635 1118 1697 illas
1141 1635 1300 1699 densatae
1323 1639 1429 1700 noctis
1453 1639 1561 1722 imago

790 1734 859 1799 Nos
881 1738 968 1800 circa
986 1736 1143 1806 incubuit.
1165 1741 1415 1824 necquicquam
1433 1763 1567 1804 cernere
1584 1749 1716 1827 praeter

789 1840 945 1904 Ductoris
968 1843 1112 1927 speciem
1134 1844 1227 1927 potui
1249 1850 1425 1929 testesque
1447 1847 1602 1909 nitentes.

709 1967 720 2001 ε
790 1943 834 2007 Et
856 1945 903 2007 sic
926 1945 1067 2028 ingressi
1090 1946 1160 2008 sola
1185 1945 1246 2008 sub
1268 1957 1366 2009 nocte
1388 1969 1448 2032 per
1468 1947 1610 2012 umbras.

790 2046 878 2110 Ecce
900 2055 1037 2133 repente
1059 2048 1148 2133 globi
1172 2050 1374 2112 flammarum
1398 2050 1492 2113 valde
1514 2056 1671 2113 teratrum

790 2148 894 2213 Sicuti
916 2151 957 2214 de
979 2159 1080 2237 puteo
1104 2161 1242 2235 snrgunt
1265 2152 1448 2236 iterumque
1471 2152 1628 2215 residunt.

789 2251 882 2315 Tunc
905 2253 1018 2317 aberat
1042 2255 1152 2317 subito
1175 2254 1292 2318 ductor
1314 2256 1469 2339 solusque
1492 2257 1644 2322 remansi.

789 2351 828 2416 ln
850 2354 968 2418 mediis
990 2357 1117 2440 positus
1140 2355 1290 2440 trepidus
1312 2356 1526 2441 stupidusque
1559 2358 1712 2420 tenebris.

707 2477 717 2496 ·¹
785 2455 934 2541 [umque
954 2458 1046 2542 globi
1069 2458 1219 2521 flammae
1242 2464 1393 2544 peterent
1415 2459 1492 2524 alta.
1515 2475 1612 2543 atque
1632 2461 1785 2522 vicissim.

787 2559 933 2624 Motibus
955 2563 1092 2625 alternis
1114 2562 1310 2646 repetebant
1333 2563 1397 2624 ima
1420 2563 1576 2628 barathri.

790 2661 907 2726 Omnia
930 2665 1132 2728 flammarum
1154 2665 1286 2747 fastigia
1310 2685 1410 2727 cerno
1432 2664 1553 2748 repleri

789 2765 965 2852 Spiritibus
988 2769 1155 2831 hominum
1178 2769 1318 2832 miseris.
1341 2768 1397 2851 qui
1418 2789 1509 2830 more
1530 2767 1663 2830 favillae

789 2871 872 2934 Cum
896 2873 1037 2936 flammis
1060 2874 1183 2958 pariter
1204 2871 1406 2935 scandebant
1428 2885 1525 2955 atque
1541 2872 1711 2935 cadebant.

719 2997 731 3030 a
791 2973 858 3038 Sed
880 2975 1001 3039 nimius
1023 2976 1129 3039 litetur
1150 2976 1217 3039 late
1241 2976 1312 3038 loca
1335 2985 1451 3039 cuncta
1474 2975 1632 3060 replebat.

788 3077 935 3162 Longius
957 3079 1040 3143 haec
1055 3101 1194 3143 remens
1210 3080 1425 3142 circumstetit
1439 3078 1582 3162 undique
1599 3087 1712 3142 terror.

788 3180 912 3266 l‘tpote
928 3183 1005 3266 quid
1018 3184 1172 3246 lacerem.
1187 3203 1319 3268 possem
1333 3203 1396 3266 quo
1409 3191 1537 3244 rerterc
1552 3203 1711 3265 gressum.

788 3283 927 3350 Inscius.
950 3293 1007 3348 aut
1029 3287 1150 3348 misero
1172 3285 1229 3368 qni
1252 3286 1324 3348 linis
1346 3285 1432 3348 forte
1454 3290 1611 3347 maneret.

786 3387 895 3451 Audio
917 3395 987 3451 tum
1009 3388 1120 3450 subito
1142 3389 1285 3450 sonitum
1307 3395 1382 3473 post
1403 3395 1496 3470 terga
1511 3393 1711 3469 gementum.

787 3491 858 3554 Nec
882 3513 946 3555 non
969 3513 1030 3556 cen
1052 3493 1143 3575 vulgi
1166 3505 1262 3576 capto
1278 3513 1377 3576 super
1391 3491 1486 3553 hoste
1502 3490 1711 3552 cachinnum:

787 3595 852 3667 Qui
868 3616 971 3681 prope
986 3594 1063 3658 dum
1078 3596 1226 3658 veniunt.
1248 3595 1361 3657 hostes
1379 3614 1523 3676 agnosco
1539 3593 1710 3675 malignos.

786 3698 841 3761 sd
862 3721 986 3784 poenas
1009 3700 1134 3761 animas
1156 3699 1322 3761 ululantes
1344 3718 1490 3780 quasque
1511 3695 1691 3758 trahentes.

790 3801 874 3865 Cum
896 3803 1016 3887 quibus
1039 3803 1072 3865 in
1097 3801 1196 3866 medii
1219 3799 1423 3864 descendunt
1446 3800 1511 3861 ima
1533 3798 1688 3860 barathri

786 3904 1023 3968 flammivomo
1045 3927 1065 3968 e
1088 3917 1189 3989 puteo
1212 3903 1343 3987 quidam
1365 3902 1484 3966 deinde
1506 3903 1640 3984 maligni

718 4033 724 4038 ·
787 4007 976 4072 Daemones
999 4008 1200 4072 ascendunt.
1224 4009 1328 4070 oculis
1351 4005 1589 4068 flammantibus
1612 4019 1710 4088 atque

786 4110 842 4174 rte
865 4112 1164 4175 circumsteterant.
1194 4109 1342 4196 putidum
1374 4109 1416 4173 de
1438 4109 1572 4172 naribus
1601 4109 1709 4190 ignem

785 4213 918 4297 Oraque
941 4216 1104 4300 spirantes
1128 4215 1250 4298 ignitis.
1273 4234 1391 4296 meque
1413 4213 1577 4274 minantur

784 4316 951 4380 Prendere
974 4318 1168 4402 forcipibus:
1190 4339 1251 4381 nec
1275 4338 1328 4380 me
1350 4316 1541 4397 contingere
1563 4319 1688 4374 tantum

784 4420 855 4482 Iam
877 4429 1045 4505 poterant.
1073 4423 1221 4504 quamvis
1244 4421 1380 4482 multum
1404 4433 1530 4481 terrere
1552 4418 1708 4479 valerent.

704 4547 710 4554 ·
787 4523 879 4587 Tunc
901 4546 965 4608 ego
987 4527 1159 4588 conclusus
1183 4525 1329 4587 tenebris
1345 4533 1378 4586 et
1394 4522 1435 4584 ab
1452 4522 1547 4584 hoste
1563 4529 1706 4582 tcoactus.

785 4627 1013 4712 circumspexi
1037 4629 1150 4691 oculis.
1174 4626 1297 4711 aliquid
1321 4627 1349 4689 si
1372 4627 1455 4688 forte
1479 4625 1605 4687 reniret

783 4731 921 4795 Auxilia
944 4753 1009 4815 qno
1032 4732 1096 4794 ianr
1120 4732 1265 4794 salvarer
1287 4730 1328 4791 ab
1351 4729 1447 4791 hoste
1470 4739 1616 4789 ementi).

783 4833 876 4898 Tunc
900 4834 979 4896 mihi
1002 4845 1076 4919 post
1098 4845 1227 4917 tergunt
1250 4832 1340 4894 fulsit
1362 4831 1456 4914 qnasi
1479 4830 1575 4892 stella
1598 4850 1658 4913 per
1685 4828 1828 4892 umbras.

784 4938 878 5010 Quae
902 4939 1007 5022 magis
1029 4958 1223 5001 accrescens
1247 4955 1491 5020 properansque
1515 4934 1682 5015 fugarer-m
1712 4936 1834 4997 hostes.

715 5065 726 5098 n
785 5041 956 5105 Duxerat
981 5042 1036 5104 ille
1058 5062 1152 5104 meus
1175 5039 1309 5102 veniens
1333 5059 1406 5100 cum
1428 5039 1501 5100 lnce
1525 5049 1670 5120 repente.

783 5144 887 5207 Cuius
910 5145 944 5207 in
965 5143 1108 5208 adventu
1131 5145 1286 5226 fugerunt
1308 5141 1486 5204 daemones
1508 5139 1581 5201 atri

782 5246 870 5309 Hinc
894 5247 1055 5311 convertit
1078 5248 1139 5310 iter
1162 5245 1343 5307 brumalem
1366 5244 1445 5306 solis
1468 5241 1510 5304 ad
1532 5254 1649 5304 ortum.

783 5350 944 5432 Noctique
967 5369 1117 5434 ereptum
1140 5348 1259 5412 nitidas
1283 5368 1333 5410 me
1357 5345 1451 5408 duxit
1474 5346 1506 5406 in
1530 5365 1637 5406 auras.

781 5453 869 5516 Ante
893 5451 1032 5515 rabinos
1056 5473 1167 5515 murus
1190 5450 1298 5513 subito
1322 5449 1504 5532 comparuit
1527 5448 1653 5529 ingens.

687 5573 716 5609 ra
782 5553 847 5625 Qui
870 5553 941 5616 sine
965 5555 1028 5619 tine
1052 5556 1103 5617 sui
1127 5556 1172 5617 sic
1199 5554 1287 5615 risus
1311 5553 1428 5634 longus
1451 5563 1484 5613 et
1506 5550 1603 5612 altus.

517 5775 567 5826 937
585 5795 740 5844 possemque·
755 5781 817 5826 ital.
923 5776 975 5827 942
993 5781 1106 5844 qtrinqne
1128 5780 1191 5826 ‘inte
