4554 6434
582 383 720 439 VERSUS
738 384 785 438 DE
803 383 953 439 SANCTIS
972 383 1231 438 EUBORICENSIS
1249 382 1449 439 Eoounsmn.

551 557 596 622 Et
618 557 765 642 quamvis
787 557 859 642 ipso
883 556 1042 622 resideret
1065 578 1199 643 corpore
1222 559 1327 637 terris,

551 661 710 724 Attamen
733 682 775 724 ex
798 661 885 724 omni
907 660 972 724 iam
995 667 1103 726 mente
1126 662 1280 726 manebat
1302 660 1452 746 Olympo,

551 762 697 846 Pervigil
720 769 917 848 exspectans
940 763 1091 827 caelestis
1113 764 1260 849 praemia
1281 764 1378 843 vitae,

457 895 460 903 ·
484 886 495 924 a
553 865 714 951 Tempore
738 887 822 950 qnae
846 872 946 945 certo,
969 867 1036 930 vita
1057 874 1232 952 praesente
1255 873 1398 953 peracta,

553 965 722 1032 Sumserat
744 967 903 1051 angelicis
927 968 1018 1032 caelo
1041 974 1248 1034 transvectus
1271 970 1305 1034 in
1327 969 1423 1034 ulnis.

599 1069 664 1134 Hic
687 1072 859 1156 pastoralis
883 1072 992 1157 posuit
1014 1071 1091 1137 dum
1113 1072 1259 1158 pondera
1282 1073 1419 1152 curae¹‚

553 1172 702 1238 Tradidit
723 1173 888 1258 Ecgberto
911 1174 1118 1240 venerandae
1142 1177 1213 1240 iura
1236 1175 1420 1254 cathedrae,

554 1275 659 1348 Quem
683 1276 745 1340 sibi
768 1276 955 1361 pontificem
978 1277 1057 1342 fecit
1080 1277 1258 1342 succedere
1282 1298 1453 1342 summum.

554 1376 620 1440 Hic
643 1378 705 1442 suit
726 1377 911 1463 Ecgbertus
934 1379 1039 1462 regali
1061 1379 1162 1464 stirpe
1186 1385 1325 1459 creatus,

552 1481 721 1545 Nobilium
741 1503 853 1546 eoram
873 1483 983 1547 saeclo
1007 1481 1116 1546 radice
1138 1487 1322 1567 parentum,

553 1582 620 1649 Sed
643 1583 773 1648 domino
797 1605 906 1649 coram
929 1583 1053 1649 meritis
1077 1584 1274 1670 praeclarior
1297 1585 1401 1648 almis.

553 1686 657 1752 Dives
680 1708 779 1773 opum
802 1689 941 1767 terrae²‚
966 1687 1093 1752 miseris
1117 1709 1197 1772 quas
1213 1687 1337 1773 spargit
1352 1686 1476 1772 egenis,

553 1789 663 1855 Ditior
685 1799 721 1856 ut
743 1791 847 1872 fieret,
871 1792 962 1855 caelo
985 1790 1061 1855 dum
1085 1791 1210 1876 colligit
1231 1791 1315 1857 illas.

558 1892 622 1966 Qui
646 1915 740 1958 curas
764 1895 897 1978 inopum
920 1892 1058 1958 devotus
1082 1915 1213 1979 semper
1234 1894 1363 1980 agebat,

554 1996 759 2082 Pauperibus
784 1997 933 2061 tribuens
956 1995 1076 2061 devoto
1099 2004 1233 2082 pectore
1255 2019 1364 2082 ganas,

554 2097 643 2171 Quas
667 2100 763 2164 terris
786 2099 941 2185 perdens,
964 2099 1097 2164 sibimet
1120 2100 1282 2165 condebat
1305 2100 1453 2186 Olympo.

552 2202 619 2267 Hic
643 2208 714 2268 erat
736 2203 897 2267 ecclesiae
921 2208 1029 2267 rector
1051 2203 1249 2268 clarissimus
1273 2211 1369 2288 atque

554 2305 718 2391 Egregius
742 2304 865 2380 doctor,
889 2306 1011 2390 populo
1034 2306 1231 2370 venerahilis
1255 2307 1353 2387 omni,

459 2432 471 2470 a
555 2408 702 2474 Moribus
726 2410 863 2489 electus,
887 2409 981 2472 iustis
1005 2409 1146 2473 affabilis
1169 2417 1267 2494 atque

554 2513 685 2578 Effems
707 2512 741 2576 in
764 2533 893 2597 pravos,
915 2511 1004 2575 mitis
1029 2513 1125 2576 simul
1148 2519 1245 2597 atque
1269 2534 1414 2579 severus.

556 2618 664 2682 Sacris
687 2615 799 2680 divisit
820 2615 947 2680 vicibus
969 2620 1148 2700 noctesque
1169 2614 1315 2700 diesque,

554 2722 701 2807 Impiger
722 2719 853 2784 assidue
878 2719 1030 2804 spatiosis
1053 2719 1205 2784 noctibus
1229 2741 1335 2802 orans,

555 2825 731 2889 Missarum
755 2823 926 2888 celebrans
950 2822 1124 2887 sollemnia
1147 2830 1259 2887 sancta
1281 2823 1408 2904 diebus,

461 2951 499 2986 rs
552 2927 655 3012 loque
679 2925 733 2991 dei
756 2924 905 2989 domibus
928 2924 1031 2988 multa
1053 2932 1243 2989 ornamenta
1264 2926 1399 3012 pararit.

555 3029 634 3093 Illas
657 3032 803 3113 argento,
826 3028 964 3112 gemmis
987 3028 1120 3092 vestivit
1143 3035 1175 3091 et
1197 3049 1287 3109 auro,

557 3131 671 3196 Serica
694 3128 898 3215 suspendens
920 3130 1102 3215 peregrinis
1125 3131 1200 3195 vela
1221 3130 1344 3214 figuris,

557 3234 771 3318 Sacraritque
793 3232 914 3319 probos
937 3232 1097 3296 altaribus
1120 3232 1193 3318 ipse
1215 3234 1393 3314 ministros,

556 3335 734 3401 Ordinibus
757 3336 857 3400 variis
881 3335 1052 3400 celebrent
1074 3336 1128 3420 qui
1151 3335 1237 3400 festa
1259 3338 1413 3416 tonantis,

449 3462 500 3500 nro
558 3439 762 3525 Davidisque
785 3439 868 3503 alios
891 3438 970 3502 fecit
992 3439 1187 3504 concinnere
1211 3460 1324 3518 canna,

556 3544 622 3618 Qui
644 3542 775 3607 domino
798 3546 956 3606 resonent
977 3540 1150 3605 modulatis
1173 3541 1309 3607 vocibus
1332 3543 1480 3628 hymnos.

557 3648 657 3712 (luins
680 3647 781 3711 frater
803 3642 890 3708 idem
913 3643 1014 3727 Tyrio
1037 3644 1177 3708 nutritus
1200 3645 1234 3708 in
1255 3647 1378 3727 ostr0³,

557 3751 726 3816 Sumscrat
747 3747 936 3812 Aedhertus
959 3747 1068 3831 gentis
1092 3748 1217 3832 regalia
1240 3756 1378 3836 sceptra.

557 3854 621 3929 Qui
643 3851 793 3916 dilatavit
814 3850 939 3936 proprii
962 3850 1101 3914 confinia
1124 3851 1227 3934 regni,

456 3979 506 4016 nos
564 3955 704 4042 Saepius
729 3953 867 4018 hostiles
892 3953 1047 4038 subigens
1071 3959 1195 4017 terrore
1219 3953 1408 4040 phalangas.

559 4059 723 4145 Tempora
745 4063 822 4121 tunc
844 4056 942 4120 huius
965 4055 1095 4121 fuerant
1116 4056 1227 4121 felicia
1248 4059 1368 4143 gentis,

557 4161 665 4235 Quam
687 4181 747 4225 rex
770 4166 804 4224 et
826 4160 958 4245 praesul
982 4158 1135 4224 concordi
1158 4159 1229 4224 iure
1252 4160 1418 4246 regebant,

556 4265 621 4330 Hic
644 4265 716 4328 iura
739 4263 911 4344 ecclesiae,
937 4284 998 4328 rex
1021 4263 1076 4327 ille
1100 4264 1233 4348 negotia
1255 4265 1359 4349 regni.

558 4368 623 4432 Hie
644 4368 685 4432 ab
709 4367 890 4453 apostolico
914 4366 1059 4431 humeris
1081 4365 1145 4430 fert
1167 4367 1268 4452 pallia
1290 4368 1399 4446 missa,

452 4493 503 4530 nso
557 4472 619 4535 Ille
642 4471 731 4536 levat
753 4471 852 4557 capiti
875 4475 1024 4535 veterum
1047 4458 1232 4534 diademata
1253 4477 1396 4557 patrum;

557 4574 666 4639 Fortis
688 4574 752 4656 hic,
775 4574 831 4640 ille
854 4576 944 4660 pius;
967 4573 1021 4638 hic
1045 4578 1206 4653 strenuus,
1229 4573 1286 4638 ille
1309 4575 1481 4660 benignus,

561 4676 745 4744 Germanae
768 4678 858 4763 pacis
882 4684 1052 4742 servantes
1075 4677 1147 4740 iura
1168 4677 1323 4759 vicissim,

560 4781 613 4845 Ex
636 4781 701 4846 alio
725 4781 826 4845 frater
847 4781 929 4846 felix
951 4779 1082 4844 adiutus
1105 4785 1252 4863 uterque.

561 4884 663 4950 Rexit
685 4885 738 4949 hic
762 4885 937 4950 ecclesiam
959 4883 1093 4968 triginta
1116 4888 1149 4946 et
1172 4887 1311 4967 quatuor
1333 4883 1461 4962 annis⁴‚

298 5248 366 5303 1270
380 5269 463 5303 canna
481 5268 517 5298 aa
534 5265 637 5300 carmen
656 5249 728 5300 Man
842 5242 910 5295 1272
929 5263 965 5295 an
982 5245 1060 5296 item?
1094 5243 1214 5294 Woltcnh.
1324 5240 1392 5294 1273
1409 5243 1537 5294 Adbertus
1556 5242 1627 5294 Mod.

299 5457 326 5523 1)
349 5457 421 5508 Ana.
440 5449 618 5518 IAndissorn.
641 5450 692 5503 144
711 5449 857 5502 Wilfridus
881 5447 1016 5502 secundus
1038 5447 1183 5516 episcopus
1209 5445 1281 5500 obiit
1302 5447 1342 5500 111
1361 5447 1421 5500 Kal.
1440 5446 1506 5500 Mai.
1600 5449 1627 5513 ⁶2)
1651 5445 1730 5514 Vera·
1748 5447 1846 5514 aeorq.

190 5556 408 5622 laconense
431 5571 516 5624 opum
538 5553 685 5606 vanarum.
766 5555 794 5620 3)
813 5553 963 5607 Alchuaim'
982 5553 1102 5621 epitaph.
1121 5567 1147 5604 o.
1166 5551 1200 5604 13
1218 5549 1303 5618 Tyrio
1408 5551 1535 5604 vestirier
1552 5553 1635 5605 ostro.
1714 5551 1742 5618 4)
1760 5565 1848 5620 caque

192 5662 233 5718 ad
252 5678 278 5713 o.
298 5659 355 5714 166.
