4574 6442
397 1479 899 1646 ALCUINI
948 1471 1411 1644 (ALBINI)
1461 1483 2055 1648 CARMINA.

502 1879 677 1971 Accu-mus
698 1904 908 1986 (Aletiuiue)l
933 1905 997 1968 siae
1018 1905 1187 1982 Alatreus&
1210 1906 1311 1970 nobili
1335 1906 1443 1991 gentis
1466 1906 1648 1990 anglorum
1672 1915 1807 1971 exortus
1829 1907 1992 1993 prosapia,
2017 1907 2057 1968 in

397 2007 720 2073 Norttmrdrumbraua
741 2009 933 2087 piroaincia³
962 2027 1048 2072 anuo
1069 2030 1094 2074 c.
1120 2012 1181 2072 735
1210 2015 1305 2073 rudus
1331 2011 1367 2072 iu
1394 2011 1499 2074 sclicla
1527 2009 1700 2073 asticedrati
1722 2009 1914 2073 Eboraccusi
1934 2010 2057 2089 primis

397 2113 563 2176 literarum
583 2111 740 2174 alcuientis
760 2111 897 2174 irroratus
911 2115 968 2189 cst,
992 2112 1046 2175 utri
1060 2113 1212 2176 libramme
1226 2117 1291 2176 tam
1301 2112 1509 2197 profanorum
1529 2132 1624 2193 quam
1645 2112 1916 2177 ccctcsmstiecrum
1937 2133 2057 2195 rrmpruz

395 2216 427 2278 ei
446 2213 552 2293 adsuit
573 2213 662 2294 copia
672 2215 693 2276 ⁴.
738 2213 789 2277 Aa
811 2213 945 2296 eqcrta
973 2214 1201 2294 ardiiopiscopo
1221 2215 1415 2278 Eboraceusi
1445 2214 1645 2300 (739-766)
1667 2216 1797 2295 eiusque
1826 2217 2058 2298 cousanpuiuco

397 2317 563 2383 Adberteto
584 2316 692 2380 mediis
713 2335 782 2380 curu
802 2315 976 2394 sodalibus,
1005 2317 1089 2380 iuter
1110 2337 1186 2398 quos
1207 2317 1420 2382 Eaubaldus⁵
1450 2322 1589 2395 vocatia,
1618 2319 1702 2381 ouini
1723 2319 1924 2381 sm'errtiarum
1943 2338 2058 2400 patere

397 2421 586 2498 instructus,
617 2419 699 2483 trunc
726 2439 815 2500 quein
841 2420 977 2483 mraxime
999 2421 1206 2484 emerebatur
1227 2422 1425 2501 mapistrum,
1455 2422 1576 2485 iaocriis
1598 2421 1732 2485 Roaiam
1759 2443 1827 2486 mini
1853 2423 1913 2485 iter
1937 2421 2059 2501 faceret

398 2525 560 2589 comitatus
581 2526 660 2588 asti.
715 2523 881 2588 Aethertito
902 2545 933 2589 a.
959 2526 1020 2586 767
1046 2523 1090 2586 ad
1110 2523 1210 2587 sedem
1232 2525 1433 2605 episcopatem
1454 2525 1681 2589 Eboraccnscm
1701 2525 1790 2602 clato,
1812 2525 1970 2589 Atcuinus
1992 2527 2060 2590 ioco

397 2627 465 2690 eius
486 2626 606 2690 setiolae
621 2626 780 2707 praefuit,
811 2626 848 2688 in
877 2646 940 2706 qao
962 2625 1119 2706 querutum
1140 2626 1205 2705 ipsc
1227 2627 1333 2690 doctam
1355 2633 1436 2706 erat,
1467 2629 1637 2708 niidtosquc
1658 2628 1839 2708 discipulos,
1861 2627 2060 2710 Lindperum

399 2731 577 2807 Fresorieni,
600 2729 774 2810 Iosephum
796 2729 886 2806 alios,
910 2729 1010 2792 literis
1031 2729 1170 2792 instituit
1181 2731 1204 2793 ⁷.
1249 2728 1373 2794 Deinde
1395 2752 1472 2806 cuni,
1502 2731 1568 2794 cam
1589 2731 1714 2795 diaconi
1740 2730 1892 2812 diputatc
1913 2734 2059 2807 mantus,

399 2835 511 2897 iterum
532 2832 568 2896 in
590 2852 719 2914 rcpnnm
740 2832 939 2896 Francorum
959 2832 1116 2912 profectus
1137 2834 1245 2908 essen,
1268 2836 1298 2895 et
1319 2854 1388 2896 cirin
1413 2833 1526 2899 Carolo
1547 2854 1625 2916 repe,
1646 2833 1691 2897 ad
1710 2855 1799 2915 quem
1820 2834 1968 2915 mapistcr
1992 2833 2059 2913 ipsc

399 2956 469 3000 cuin
490 2937 635 3014 miserat,
657 2941 687 3001 et
707 2956 776 2999 cum
797 2935 877 2998 airis
897 2935 1044 3012 criiditis,
1075 2936 1131 3016 qui
1153 2937 1188 2998 in
1208 2937 1286 3000 aula
1308 2937 1375 3000 cius
1397 2941 1471 3000 tunc
1492 2938 1708 3016 versabantur,
1739 2937 1883 3000 Petraei
1905 2935 2059 3004 Paidino,

398 3039 571 3104 carradium
596 3039 714 3102 iunxit.
760 3041 826 3121 Quo
847 3039 940 3102 etiaim
963 3043 1095 3120 tempore
1119 3039 1284 3117 Alcuiuus
1301 3043 1470 3121 postquam
1490 3040 1692 3104 Aelbcrtitum
1713 3041 1831 3118 uiuum,
1858 3039 1914 3121 qui
1934 3062 1968 3102 a.
1994 3042 2059 3102 778

400 3143 461 3206 otio
482 3162 514 3206 se
535 3141 676 3219 dederat,
702 3141 892 3206 Eautaidus
914 3142 936 3206 1
955 3141 1204 3222 archiepiscopus
1225 3141 1404 3206 subsecutus
1426 3147 1483 3218 est,
1515 3141 1571 3207 troc
1598 3143 1756 3207 orciniam
1789 3145 1909 3224 repente
1943 3142 2062 3222 illoque

398 3245 495 3326 pardo
510 3249 583 3324 post
605 3243 650 3329 (a.
675 3245 751 3328 780)
774 3249 906 3322 inertiae,
935 3244 1048 3308 Baeda
1063 3244 1246 3326 puesbptero
1261 3245 1447 3326 pierumque
1469 3249 1542 3310 teste
1563 3265 1649 3323 usus,
1676 3266 1786 3326 poento
1813 3246 1892 3310 satis
1916 3245 2063 3325 amptum

399 3368 497 3430 necque
518 3348 679 3430 iuelepaus
699 3347 736 3411 dc
758 3348 907 3428 episcopiis
929 3348 1105 3428 sanctisque
1127 3347 1270 3411 ccclesiae
1291 3367 1367 3410 suae
1388 3348 1572 3426 warmund,
1594 3349 1630 3410 in
1652 3369 1712 3430 quo
1734 3349 1829 3412 simut
1849 3348 1887 3412 de
1908 3347 2063 3429 rctipiene

399 3451 575 3514 christiana
598 3451 679 3514 inter
691 3449 997 3532 Anptosprmapatu
1010 3451 1079 3531 epit,
1093 3469 1148 3513 nec
1161 3450 1268 3512 minus
1282 3450 1449 3514 Aeibcrtito
1461 3451 1601 3532 etapium,
1621 3452 1707 3533 prati
1718 3452 1820 3514 astitui
1833 3451 2062 3527 documentum,

400 3554 535 3634 scripsit.
592 3553 704 3618 Postea
725 3553 929 3618 Eanbaldum
956 3553 1234 3633 archiepiscopum,
1267 3553 1323 3633 pici
1353 3553 1503 3631 pallium,
1536 3553 1701 3635 dipnitatis
1728 3575 1803 3618 sicae
1833 3557 2064 3630 annumeratum,

400 3658 440 3721 ab
462 3656 633 3720 Hadriano
656 3677 743 3737 papa
770 3657 964 3737 capctiturus
989 3661 1071 3733 erat,
1101 3655 1235 3718 Romam
1259 3658 1452 3734 prosecutis,
1484 3676 1552 3718 uere
1579 3657 1660 3719 anui
1689 3660 1747 3721 781
1778 3657 1914 3721 Parmae
1946 3657 2065 3722 aaron

400 3760 467 3842 rapi
487 3759 595 3824 obvius
615 3760 655 3824 ab
676 3780 724 3838 eo,
746 3761 797 3824 cui
819 3760 940 3824 iamdiu
960 3763 1053 3824 notus
1074 3762 1150 3836 erat,
1173 3763 1209 3821 ut
1228 3779 1330 3822 mcum
1351 3757 1494 3840 deinceps
1515 3759 1552 3822 in
1571 3760 1694 3839 pdatio
1714 3759 1847 3842 deperet,
1869 3779 2066 3840 uimnwpere

401 3863 555 3927 'inuitatus
576 3863 651 3926 est'.
1268 3925 1277 3936 ,

513 3985 690 4052 Oonurwatu
711 3983 751 4046 ab
773 3981 1000 4060 archiepiscopo
1029 3983 1150 4060 sarapta
1172 3981 1330 4044 Atacinus
1358 4000 1444 4045 aurio
1468 3983 1530 4045 782
1552 3981 1588 4043 iu
1609 3980 1785 4046 Fraucmm
1814 3980 1920 4058 ratiit,
1947 3979 2004 4044 ubi
2027 3979 2066 4042 iu

406 4087 514 4154 Caroli
534 4085 787 4168 familiaritatem
809 4083 961 4161 adscitus,
983 4103 1082 4166 repam
1111 4083 1215 4163 ipsum
1242 4083 1368 4164 eiusque
1389 4083 1549 4164 furuit-iam
1572 4104 1609 4147 ae
1625 4104 1791 4164 procerum
1814 4083 1910 4164 filios,
1941 4083 1998 4164 qui
2027 4083 2066 4146 iu

508 4415 533 4478 1)
557 4413 602 4466 Dc
624 4412 713 4466 variis
730 4410 814 4465 tunicis
832 4411 952 4464 norriinis
970 4409 1069 4478 sonnis
1086 4409 1124 4478 cs.
1142 4409 1259 4463 iudicem
1276 4416 1508 4464 monumentorum
1527 4411 1761 4464 Aicuininnorurn
1778 4409 1870 4476 Iaffei.
1939 4409 1968 4468 2)
1987 4408 2068 4461 Ibid.

405 4535 445 4587 ep.
469 4517 519 4569 155
533 4533 562 4584 p.
581 4516 646 4568 582:
674 4514 792 4568 Albinus
811 4514 899 4567 habeo
918 4531 1018 4568 nomen
1037 4514 1111 4568 inter
1123 4517 1204 4567 notos
1219 4516 1247 4566 et
1259 4513 1330 4567 filios
1343 4517 1456 4567 sanctas
1469 4513 1513 4566 dei
1527 4513 1667 4566 ecclesias.
1741 4513 1768 4576 3)
1794 4513 1855 4566 Vita
1867 4511 2066 4566 Aietiuiuic.l

403 4620 450 4687 (ib.
463 4637 493 4688 p.
503 4619 544 4686 6);
563 4635 605 4687 ep.
616 4618 648 4670 79
663 4634 692 4686 p.
702 4617 752 4670 351
765 4637 771 4670 ι
795 4619 920 4670 nostrum
933 4635 1050 4687 rognum
1063 4617 1092 4670 iil
1105 4619 1148 4670 est
1160 4615 1468 4684 Nordanhymbrorumi
1493 4615 1594 4670 Versus
1607 4615 1640 4668 de
1652 4615 1761 4668 sanctis
1774 4615 1861 4668 Ebur.
1875 4615 1937 4668 ecci.
1951 4615 2065 4670 16-18.

402 4723 430 4788 4)
451 4721 494 4790 Cf.
505 4735 604 4790 poema
624 4718 658 4772 de
671 4718 803 4788 patribus
820 4719 933 4789 sepibus
952 4726 977 4773 et
995 4721 1100 4774 sanctis
1113 4720 1274 4774 Euboricae
1291 4720 1371 4773 urbis
1388 4719 1469 4787 infra
1481 4719 1613 4773 ednidum
1625 4734 1650 4772 u.
1665 4719 1731 4772 1535
1743 4735 1801 4788 sqq.
1871 4720 1897 4784 5)
1917 4717 1961 4786 Cf.
1974 4735 2016 4787 ep.
2031 4719 2067 4773 74

399 4841 430 4893 p.
442 4823 501 4878 338.
572 4823 599 4891 6)
619 4821 714 4876 Huius
729 4822 814 4889 primi
831 4823 941 4877 itineris
964 4822 1085 4877 Romani
1102 4825 1262 4878 mentionem
1281 4822 1351 4891 fecit
1364 4823 1500 4878 alcuinus
1523 4823 1554 4876 in
1574 4821 1699 4890 epistolis
1718 4821 1760 4885 96,
1778 4821 1830 4875 112
1847 4827 1873 4874 et
1888 4820 1940 4874 969
1956 4836 1984 4889 p.
2002 4821 2067 4880 399.

401 4928 460 4988 458,
479 4925 538 4979 835.
609 4925 635 4991 7)
655 4924 776 4993 Attfridi
799 4925 828 4978 V.
847 4927 877 4979 S.
890 4925 1027 4995 Liudqeri
1044 4942 1066 4980 c.
1086 4927 1131 4980 10:
1155 4927 1309 4981 Alohuinus
1328 4927 1414 4980 eiiam
1432 4926 1482 4980 illo
1500 4925 1530 4980 in
1548 4926 1608 4979 loco
1627 4927 1695 4978 tunc
1713 4924 1848 4993 magister
1866 4927 1926 4977 emt
1943 4929 2001 4987 cic..
2022 4925 2067 4984 11,

405 5029 445 5092 19,
461 5029 492 5081 17
512 5027 724 5097 (ss.11‚407);
742 5027 945 5097 deloseptrou.
959 5044 1085 5098 suprap.
1099 5029 1156 5083 149.
1227 5030 1253 5094 8)
1272 5028 1301 5082 V.
1315 5029 1480 5083 Atcnuiuic.
1494 5030 1524 5082 6:
1551 5029 1675 5082 Noverat
1693 5027 1767 5082 enim
1786 5043 1857 5090 eum,
1875 5026 1942 5095 quia
1960 5025 2029 5080 olim
2049 5047 2068 5082 a

404 5131 537 5200 magistro
556 5147 605 5184 suo
624 5131 659 5184 sd
677 5131 769 5200 ipsum
787 5131 908 5185 duscius
927 5132 1018 5185 tuerat
1039 5132 1068 5198 (i.
1082 5148 1103 5185 e.
1117 5131 1151 5185 ab
1165 5132 1311 5186 Aetherito
1329 5131 1366 5184 ad
1381 5131 1527 5195 Oaroium).
1565 5130 1627 5184 Hoc
1645 5131 1699 5184 iter
1711 5131 1771 5184 eius
1784 5129 1932 5184 secuudum
1944 5128 2068 5198 aprima

404 5250 462 5287 eam
483 5233 517 5287 ob
535 5247 648 5287 causam
665 5233 803 5305 distinqui
820 5249 890 5303 opus
907 5238 963 5300 est,
981 5235 1049 5303 quia
1067 5235 1183 5289 alterum
1201 5234 1324 5304 Ephesio
1342 5234 1551 5304 archiepiscopo
1569 5232 1744 5288 Eborcceusi
1761 5237 1878 5302 repente,
1897 5232 2016 5286 waninc
2034 5250 2069 5288 eo

404 5337 534 5406 defuncto
546 5343 702 5406 susceptum
714 5343 761 5392 est.
790 5338 841 5392 Ea
854 5338 952 5392 itinere
961 5338 1115 5407 posteriori
1127 5339 1157 5392 iu
1169 5339 1347 5393 Britanniam
1359 5353 1487 5391 recusus
1500 5337 1611 5396 amicos.
1630 5351 1699 5406 quos
1710 5337 1741 5389 in
1754 5335 1880 5390 Francia
1894 5334 2070 5402 deseruerat.

401 5445 527 5508 pennata
548 5440 642 5494 iocoso
663 5440 805 5496 salutarit.
883 5441 911 5509 9)
940 5440 1003 5495 Vita
1021 5441 1155 5495 Aletiuim'
1177 5456 1199 5495 e.
1218 5443 1242 5496 6.
1264 5443 1340 5512 Quae
1357 5441 1431 5508 Iaffc
1454 5440 1488 5494 de
1510 5440 1646 5511 iepatioue
1664 5438 1778 5493 Atcuini
1799 5437 1927 5492 Manu
1949 5439 2072 5497 coniecit

405 5543 490 5608 (Mon
509 5541 620 5596 Aieuiu.
643 5559 671 5612 p.
692 5544 742 5598 144
758 5559 785 5597 u.
804 5546 830 5610 1)
854 5559 914 5598 cum
937 5544 1145 5599 wattenbachio
1167 5544 1214 5611 (ib.
1234 5561 1265 5616 p.
1283 5544 1344 5612 903)
1368 5549 1394 5598 et
1413 5543 1532 5598 Sicteiio
1550 5543 1747 5611 (Sitruupsber.
1770 5540 1820 5596 der
1843 5539 1953 5596 Wiener
1971 5543 2070 5603 Atrad.

407 5645 555 5708 LXXIX,
580 5645 632 5699 509
651 5662 678 5701 n.
697 5648 722 5714 1)
744 5661 817 5700 nuuc
835 5652 861 5700 et
878 5647 938 5717 ipsc
954 5661 1030 5714 nepo.
