4694 6428
617 440 754 496 VERSUS
773 443 820 496 DE
838 444 988 499 SANCTIS
1008 445 1267 501 EUBORICENSIS
1287 447 1485 502 ECCLESIAE.

485 632 535 669 1⁰⁵⁰
591 615 696 679 Millia
719 623 753 681 et
775 639 876 702 usque
900 633 977 682 suos
1001 619 1107 683 socios
1131 619 1262 685 undana
1285 623 1449 686 natabant.

592 721 655 784 ast
678 741 871 806 quocunque
894 722 967 786 loco
990 723 1168 788 veniebant
1191 745 1328 811 corpora
1349 733 1456 796 nocte.

592 823 756 887 Maximus
780 824 855 888 hinc
878 826 961 888 lucis
984 825 1093 890 radius
1117 849 1216 912 super
1238 835 1326 892 astra
1350 829 1488 906 refulsit,

590 924 715 991 Lumen
741 933 774 990 et
797 926 858 991 hoo
881 927 939 1006 illi,
963 928 1019 1012 qui
1042 935 1172 992 sanctor
1195 936 1272 994 ante
1295 932 1466 1011 necabant,

590 1028 766 1115 Aspiciunt
789 1032 877 1095 omni
900 1053 1031 1118 semper
1052 1034 1237 1119 fulgescere
1260 1044 1367 1102 nocte.

485 1151 534 1188 roo
592 1132 687 1196 Alter
709 1131 749 1196 ab
773 1133 824 1197 his
847 1140 945 1198 noctu
969 1136 1132 1200 sociorum
1154 1138 1244 1202 visus
1268 1145 1302 1202 at
1323 1139 1380 1202 uni
1404 1147 1464 1220 ert,

590 1235 766 1321 ‘Corpora’,
790 1238 842 1302 cui
865 1237 959 1318 dixit,
982 1241 1103 1304 ‘statim
1125 1243 1268 1327 reperire
1292 1244 1432 1328 potestis

589 1338 719 1419 Nostra,
743 1340 800 1404 ubi
822 1340 863 1406 dc
887 1343 989 1407 caelis
1010 1343 1118 1407 lucem
1141 1344 1267 1408 radiare
1290 1345 1430 1410 videtis'.

590 1441 685 1506 Visio
707 1450 785 1508 tunc
808 1446 914 1510 socios
937 1447 1013 1511 talis
1035 1469 1096 1512 neo
1120 1449 1177 1513 illa
1198 1449 1330 1522 refellis

591 1544 736 1630 Corpora
758 1567 897 1632 namque
914 1550 993 1614 loeis
1015 1551 1061 1613 sic
1081 1559 1157 1615 sunt
1173 1552 1306 1616 inventa
1325 1552 1385 1616 sub
1401 1551 1515 1632 isdem,

484 1667 533 1702 1010
591 1647 852 1734 Martyribusque
877 1651 940 1736 piis
963 1651 1062 1738 digno
1086 1653 1268 1718 conduntur
1290 1655 1424 1720 bonore.

636 1750 682 1814 At
704 1751 760 1815 alii
783 1760 881 1837 atque
904 1754 960 1818 alii
982 1756 1129 1840 praefata
1152 1778 1195 1822 cx
1217 1764 1316 1841 gente
1339 1757 1477 1821 ministri
1716 1759 1747 1809 B.
1768 1759 1842 1822 ΚΗ·

591 1853 758 1919 Sermonis
781 1857 910 1921 fuerant
933 1857 997 1921 illis
1020 1859 1053 1923 in
1076 1861 1224 1945 partibus
1248 1861 1348 1927 orbis.

582 1956 618 2019 Ἐ
643 1958 761 2042 quibus
785 1961 911 2045 egregii
935 1959 1090 2026 Suidbert
1113 1963 1281 2048 Viraque¹
1305 1963 1460 2028 sacerdos

590 2059 808 2145 Temporibus
831 2062 953 2128 fulsere
979 2065 1057 2145 suis,
1080 2066 1135 2149 qui
1159 2067 1300 2130 culmine
1324 2067 1403 2130 clari

483 2181 532 2218 nra
589 2161 756 2227 Virtutum
779 2164 920 2245 fucrant,
942 2174 1053 2231 nostro
1077 2190 1159 2253 quos
1183 2170 1326 2233 carmine
1351 2177 1485 2234 cunctos

589 2265 739 2350 Tangere
763 2289 828 2332 non
850 2269 956 2335 libuit.
1001 2270 1096 2336 Nunc
1119 2293 1259 2356 namque
1291 2281 1455 2339 revertere
1479 2275 1607 2338 Musam

588 2367 688 2433 Urbis
710 2369 751 2433 ad
766 2370 951 2437 Euboricae
974 2374 1023 2438 las
1047 2381 1107 2456 est,
1131 2379 1244 2462 procul
1267 2377 1343 2443 inde
1366 2378 1514 2456 recessit,

588 2471 765 2537 Pontifices
789 2496 950 2556 summos,
974 2478 1157 2563 seriemque
1180 2481 1366 2566 relinquere
1390 2502 1514 2566 rogum,

588 2573 651 2647 Qui
675 2583 750 2661 post
771 2577 957 2642 Aldiridum
979 2581 1144 2646 variarunt
1167 2589 1316 2669 tempora
1338 2585 1442 2669 regni,

481 2698 531 2736 nso
590 2677 732 2765 imperio
754 2681 903 2746 functum
926 2683 1019 2748 denis
1044 2685 1139 2749 simul
1162 2692 1260 2772 atque
1283 2689 1419 2753 novenis

588 2783 732 2848 Orbibus
755 2805 925 2866 annerum,
948 2787 1003 2871 qui
1026 2795 1101 2873 post
1124 2790 1184 2854 sub
1208 2797 1358 2876 tempore
1381 2792 1473 2878 pacis

588 2885 768 2972 Appositus
792 2889 939 2973 patribus
963 2911 1116 2976 suprema
1139 2900 1225 2957 sorte
1249 2895 1382 2980 quievit.

635 2990 766 3055 Interea
787 2991 877 3056 Bosa
899 2993 1009 3058 felicia
1031 3016 1134 3080 regna
1155 3003 1301 3082 petente,

588 3094 719 3180 Accipit
740 3095 902 3161 ecclesiae
925 3099 1073 3182 regimen
1095 3100 1295 3164 clarissimus
1317 3101 1373 3165 ille

482 3217 531 3254 mes
590 3195 650 3260 Vir
671 3198 805 3282 pietate,
828 3199 902 3278 lide,
926 3201 1052 3265 meritis
1076 3209 1110 3266 et
1132 3209 1243 3266 mente
1265 3201 1440 3282 Iohannes,

587 3301 788 3366 Pontificalis
812 3324 907 3389 apex,
930 3303 1111 3389 priscorum
1133 3304 1274 3368 formula
1295 3310 1439 3390 patrum,

588 3404 739 3469 Flumina
761 3406 929 3470 doctrinae
952 3405 1092 3471 fundens
1116 3428 1134 3471 e
1158 3414 1292 3493 pectore
1316 3429 1409 3492 puro,

587 3507 615 3571 E
639 3508 756 3592 quibus
778 3509 904 3574 intente
927 3510 1053 3574 vivacia
1075 3517 1169 3596 prata
1189 3511 1325 3595 rigavit;

588 3610 692 3684 Quem
715 3612 842 3676 virtutis
866 3612 970 3676 honor
993 3613 1095 3697 signis
1118 3612 1292 3676 comitatur
1314 3613 1447 3698 apertis,

481 3735 530 3773 rosc
587 3713 732 3786 Quorum
755 3735 861 3801 penca
882 3714 965 3779 libet
986 3715 1107 3780 nostris
1130 3735 1311 3779 memorare
1336 3716 1490 3779 camenis.

586 3815 674 3880 Dum
696 3823 789 3901 pater
810 3818 882 3904 ipse
905 3819 979 3904 pins
1000 3818 1122 3882 ieiunia
1145 3825 1258 3882 sancta
1279 3818 1427 3902 gerebat,

586 3918 728 3983 Parvula
751 3926 845 4006 septa
866 3921 943 3984 viris
967 3921 1086 4006 repetit
1109 3921 1282 3985 comitatus
1304 3920 1462 4000 honestis,

586 4019 706 4086 Posset
728 4029 765 4086 ut
786 4022 959 4087 aethereos
982 4023 1090 4087 animo
1114 4021 1292 4110 decerpere
1315 4024 1424 4102 flores,

586 4124 630 4189 Et
653 4123 783 4190 domino
807 4127 959 4212 propriae
983 4125 1127 4191 decimas
1150 4128 1338 4212 persolvere
1361 4127 1458 4207 vitae,

481 4248 530 4287 nos
588 4226 616 4290 E
640 4228 732 4312 queis
756 4227 886 4294 divitias
910 4230 1002 4295 caelo
1026 4231 1187 4316 reperiret
1209 4230 1344 4317 opimas.

587 4330 717 4395 Intrans
741 4353 818 4417 ergo
841 4334 949 4398 locum
971 4332 1128 4398 districtis
1149 4333 1265 4398 usibus
1288 4340 1410 4418 aptum,

586 4434 678 4499 Tunc
700 4435 816 4522 inopes
839 4437 935 4501 iussit
956 4459 1016 4523 per
1038 4437 1187 4523 proxima
1209 4436 1351 4522 compita
1373 4436 1496 4521 quaeri,

586 4537 711 4603 Perse
734 4540 934 4626 pauperibus
956 4540 1078 4604 rictum
1101 4546 1138 4604 ut
1160 4539 1304 4604 deferret
1327 4540 1453 4624 egenis.

587 4640 679 4706 Tunc
701 4663 801 4728 aeger
823 4643 951 4707 invenis
974 4650 1148 4728 mutusque
1170 4642 1343 4708 adducitur
1364 4643 1423 4724 illi,

480 4767 530 4804 noc
586 4745 742 4810 Promore
765 4745 820 4830 qui
843 4746 941 4810 nullis
963 4753 1093 4831 poterat
1114 4747 1180 4810 iam
1201 4746 1304 4812 verba
1325 4747 1474 4832 loquelis,

587 4847 649 4912 Cui
671 4855 769 4934 caput
790 4849 938 4913 horribili
961 4850 1068 4914 luerat
1090 4848 1276 4935 scabrigine
1299 4855 1432 4930 tectum,

587 4950 631 5015 Et
652 4972 711 5037 pro
735 4952 824 5015 crine
848 4951 931 5016 cutis
954 4953 1090 5017 maculis
1113 4953 1235 5017 vestita
1256 4951 1423 5016 remansit.

585 5053 673 5118 Huic
696 5054 769 5140 pius
792 5055 930 5119 antistes
951 5057 1094 5120 casulam
1117 5056 1284 5142 congessit
1306 5075 1422 5140 egeno,

588 5156 626 5220 In
649 5178 713 5242 qua
735 5158 917 5243 susciperet
940 5159 1059 5244 stipem
1080 5159 1181 5224 miser
1203 5159 1259 5224 ille
1282 5163 1422 5238 suetam,

362 5337 499 5342 .....--...--
778 5333 1025 5342 ———-—...-.-
1208 5333 1765 5340 ——.....-.-—.-—————-——..--.

324 5469 393 5522 1090
409 5471 521 5522 camenis
538 5469 585 5520 boc
602 5471 656 5521 leco
677 5469 779 5520 namu.

324 5641 350 5708 l)
365 5640 462 5694 Huius
475 5640 574 5695 Bardo
592 5655 647 5693 aon
664 5638 789 5692 meminit.
825 5638 930 5691 Procul
948 5638 1032 5693 dubie
1051 5637 1076 5692 is
1094 5641 1142 5704 est,
1160 5637 1209 5705 qui
1225 5638 1301 5692 Wiro
1319 5637 1355 5692 ab
1377 5637 1442 5692 altis
1460 5637 1624 5707 appellator,
1642 5652 1720 5705 quera
1737 5637 1767 5690 in
1784 5639 1872 5690 nwnte

221 5745 251 5796 S.
266 5743 381 5796 Ottiliac
395 5757 485 5812 prope
498 5741 722 5797 Roracnondem
738 5741 844 5810 dcqtsse
854 5741 958 5810 smne.
994 5742 1070 5796 Fusa
1081 5741 1115 5795 de
1127 5757 1158 5796 eo
1170 5741 1223 5809 epit
1235 5740 1279 5794 Io'.
1291 5739 1447 5794 Bellundus
1465 5741 1546 5794 Temo
1559 5739 1598 5793 11
1610 5739 1773 5794 Sanctorum
1788 5739 1871 5794 Masi.

289 5836 392 5890 Porrir
404 5853 487 5890 terrm
500 5853 560 5890 arm
573 5837 697 5891 Craotno
713 5840 732 5890 1.
1631 5834 1666 5888 25
