4554 6434
580 399 718 456 VERSUS
736 401 783 455 DE
801 401 950 458 SANCTIS
969 401 1228 461 EUBORIGENSIS
1248 397 1463 462 auctusne(

551 572 633 637 Oum
651 575 738 638 clero
755 576 896 660 praesul,
912 577 1063 663 populus,
1085 577 1285 664 iuvenesque
1302 601 1473 666 senesque,

549 675 657 740 Patris
681 676 859 744 honorifice
883 687 1034 746 curantes
1058 681 1199 747 condere
1222 704 1349 773 cqrpus.
1458 711 1459 714 ¹

551 777 579 843 O
603 786 708 865 pater,
732 801 750 844 o
773 789 897 868 pastor,
921 785 1006 850 vitae
1032 807 1108 871 spes
1132 787 1275 851 maxima
1296 793 1444 853 nostrae:

550 881 598 946 Te
622 882 692 948 sine
716 904 775 948 nos
798 885 934 950 ferimur
955 888 1085 952 turbata
1107 909 1166 975 per
1188 909 1330 974 aequora
1350 889 1474 971 muudi,

551 983 599 1048 Te
623 984 706 1051 duce
729 985 852 1051 deserti
875 989 973 1053 variis
996 991 1191 1056 involvimur
1212 991 1319 1075 undis,

548 1087 671 1154 Incerti
694 1091 821 1175 qualern
844 1113 1029 1159 mereamur
1050 1101 1185 1180 tangere
1208 1101 1346 1181 portum.

548 1189 637 1255 Dum
660 1193 710 1256 sol
732 1214 862 1279 noxque
886 1195 950 1261 sibi
972 1196 1100 1278 cedunt,
1124 1197 1200 1260 duur
1215 1205 1354 1283 quatuor
1368 1220 1472 1264 auuns

549 1292 716 1359 Dividitur
738 1296 875 1378 vicibus,
899 1307 1049 1364 crescunt
1072 1299 1147 1364 dum
1171 1301 1319 1385 genuina
1340 1303 1454 1376 terris;

551 1395 666 1482 Sidera
689 1398 765 1464 dum
788 1401 909 1482 lucent,
932 1402 1033 1467 trudit
1054 1402 1129 1467 dum
1153 1403 1265 1468 nubila
1287 1409 1414 1486 ventus,

551 1499 689 1588 Semper
711 1501 814 1567 honos
838 1525 1022 1590 nomenque
1045 1512 1147 1584 tuum,
1170 1507 1349 1593 laudesque
1372 1507 1551 1573 manebunt
1565 1509 1584 1572 ¹.

595 1603 660 1668 Hic
684 1625 745 1690 ego
769 1605 845 1670 dum
868 1608 956 1672 volui
980 1615 1069 1673 certo
1092 1615 1125 1674 te
1149 1609 1223 1690 fine,
1247 1609 1374 1690 Thalia,
1435 1655 1438 1670 ι

420 1793 426 1806 ¹
549 1706 719 1788 Olaudere,
742 1731 795 1775 res
819 1712 937 1776 nostris
961 1713 1102 1777 occurrit
1123 1719 1218 1798 gesta
1240 1713 1374 1779 diebus:

548 1809 652 1876 Fessa
674 1813 752 1877 licet
774 1834 896 1899 paucos
913 1821 1110 1901 quapropter
1126 1815 1232 1880 adhuc
1248 1837 1328 1882 caue
1347 1837 1472 1894 versus,

549 1913 659 1999 Atque
682 1917 748 1980 mei
771 1918 865 2002 pueri
889 1939 1018 1982 causam
1044 1919 1199 2004 succinge
1222 1940 1406 2005 parumper,

551 2015 611 2081 Oui
635 2038 763 2104 quoque
785 2027 994 2106 praesentem
1017 2027 1136 2087 testem
1160 2044 1212 2087 me
1234 2024 1371 2108 contigit
1386 2044 1471 2087 esse.

595 2121 684 2208 Ergo
708 2123 771 2187 fuit
793 2123 924 2209 quidam
946 2125 1073 2189 iuvenis
1096 2126 1237 2190 nutritus
1261 2126 1294 2189 iu
1317 2125 1397 2190 urbe

547 2224 743 2308 Euburical,
768 2229 909 2314 simplex
932 2229 1050 2309 auimo,
1074 2227 1132 2293 sed
1154 2227 1298 2294 fervidus
1321 2233 1405 2307 actu,

549 2328 677 2415 Quique
700 2352 794 2397 meae
818 2333 905 2397 rexit
927 2332 1064 2417 puerilis
1088 2338 1237 2418 tempora
1259 2331 1345 2396 vitae

550 2433 706 2512 Consilio,
731 2435 820 2500 solus
844 2434 982 2520 quadam
1005 2436 1061 2520 qui
1083 2442 1178 2500 nocte
1203 2435 1303 2500 suetis

548 2536 677 2603 Insistit
699 2539 852 2624 precibus
876 2537 998 2603 Christi
1020 2539 1187 2624 genitricis
1210 2539 1243 2602 iu
1267 2539 1351 2604 aula.

547 2639 638 2704 Tunc
661 2641 719 2704 lux
741 2642 827 2706 alma
850 2640 981 2706 domum
1004 2642 1114 2706 subito
1138 2642 1325 2727 repleverat
1347 2641 1447 2721 illam,

546 2742 686 2808 Etcum
709 2745 782 2809 luce
807 2745 903 2809 simul
926 2745 1016 2809 veuit
1038 2745 1087 2809 vir
1109 2744 1255 2810 vestibus
1281 2744 1375 2825 albis,

545 2846 706 2932 Fulgidus
727 2846 900 2933 adspectu,
925 2854 1011 2912 statu
1034 2847 1182 2912 sublimis
1205 2847 1355 2927 honesto,

548 2949 592 3014 Et
614 2949 743 3016 blandis
767 2950 918 3016 iuvenem
941 2951 1041 3016 nimio
1064 2958 1189 3016 terrore
1213 2950 1384 3016 cadentem

442 3070 491 3110 raro
548 3051 668 3118 Elevat
690 3054 852 3138 alloquiis,
876 3054 1059 3140 librumque
1083 3054 1226 3120 ostendit
1249 3061 1407 3140 apertum.
1525 3137 1526 3140 Ἴ

547 3155 694 3241 Perlegit
716 3156 802 3221 huuc
825 3157 963 3238 invenis,
986 3157 1071 3221 dixit
1093 3159 1145 3222 oui
1169 3157 1280 3224 codice
1305 3159 1415 3222 clauso

548 3257 714 3324 Candidus
738 3261 808 3324 ille:
833 3259 960 3326 ‘Sciens
984 3261 1103 3326 iterum
1126 3261 1249 3328 maiora
1271 3249 1420 3325 uidebis‘.

546 3361 610 3426 His
634 3361 730 3427 dictis
754 3363 863 3428 subito
887 3363 1007 3428 nitidus
1031 3363 1192 3450 disparuit
1214 3364 1346 3450 hospes.

546 3464 634 3530 Hinc
657 3486 785 3551 quoque
809 3473 884 3552 post
906 3468 1033 3552 aliquos
1055 3488 1119 3532 uou
1142 3469 1242 3552 longo
1266 3474 1413 3552 tempore
1436 3486 1567 3532 menses

426 3619 431 3626 .
547 3567 734 3632 Percutitur
756 3570 884 3635 iuvenis
908 3571 1053 3636 currenti
1075 3577 1169 3656 peste
1192 3593 1251 3657 per
1273 3576 1373 3650 artus,

547 3671 778 3758 Aegrotnsqne
802 3672 858 3738 diu
881 3673 980 3738 dubia
1003 3674 1063 3738 sub
1086 3681 1191 3739 morte
1215 3674 1353 3754 iacebat,

546 3774 706 3861 Augustis
730 3777 900 3842 retrahens
922 3777 1102 3864 perituram
1125 3776 1258 3842 naribus
1281 3797 1409 3848 auram;

547 3877 651 3964 Inque
674 3879 757 3944 meis
780 3879 940 3944 recubans
963 3880 1123 3960 manibus,
1147 3887 1225 3944 tunc
1247 3880 1380 3966 spiritus
1400 3878 1471 3942 eius

548 3978 610 4046 Est
633 3988 746 4067 raptus
771 3981 889 4058 subito,
914 4003 1096 4070 corpusque
1119 3983 1277 4048 remansit
1299 3983 1406 4046 iuaue.

549 4083 630 4149 Post
647 4085 788 4170 spatium
804 4085 935 4151 rediens
952 4087 1068 4152 iterum
1082 4086 1140 4152 sed
1152 4086 1299 4152 membra
1310 4084 1471 4164 movebat,

547 4187 591 4252 Et
613 4187 692 4252 mihi
716 4189 879 4270 narrabat,
903 4189 1035 4276 quidam
1058 4189 1144 4276 quod
1167 4190 1299 4256 duxerit
1319 4191 1412 4255 illum

546 4291 600 4355 Ad
622 4293 695 4356 loca
717 4293 854 4377 pulchra
877 4294 983 4375 nimis,
1008 4296 1128 4358 multos
1151 4294 1208 4359 ubi
1227 4293 1308 4359 sidit
1325 4299 1470 4373 ovantes,

548 4394 683 4480 Ignotos
707 4401 866 4482 notosque
891 4397 996 4480 simul,
1021 4397 1081 4463 sed
1103 4399 1244 4463 maxime
1269 4404 1400 4463 sanctae

548 4499 641 4565 Illius
665 4501 826 4565 ecclesiae
849 4502 954 4567 laetos
975 4503 1111 4587 agnovit
1132 4503 1291 4567 alumnos.

480 4625 491 4661 a
551 4601 615 4675 Qui
638 4623 716 4667 mox
739 4603 921 4689 suscipiunt
943 4604 1080 4690 placidis
1103 4605 1309 4691 amplexibus
1333 4605 1433 4682 illum,

548 4705 591 4770 Et
614 4728 725 4772 secum
747 4707 879 4792 penitus
903 4728 1034 4793 semper
1056 4709 1199 4774 retinere
1223 4708 1387 4787 volebant,

549 4809 615 4876 Sed
638 4811 703 4874 cito
727 4809 841 4875 ductor
865 4832 939 4875 euru
963 4831 1121 4876 converso
1145 4812 1228 4876 calle
1252 4809 1384 4876 reduxit

547 4913 599 4978 Ad
623 4913 790 4999 proprium
813 4934 941 4998 corpus,
964 4913 1076 4979 diceus
1093 4913 1180 4999 quod
1203 4913 1292 4977 ‘solis
1309 4911 1470 4977 adortum

548 5017 618 5082 Iam
641 5017 759 5081 melius
782 5015 953 5081 habiturus
977 5017 1061 5092 eris;
1084 5015 1124 5082 de
1148 5015 1304 5081 fratribus
1327 5016 1410 5080 alter

444 5141 494 5182 roco
551 5119 617 5186 Sed
639 5119 737 5185 hodie
760 5119 936 5184 moriturus
959 5120 1031 5200 erit,
1055 5120 1210 5205 cuiusque
1233 5124 1378 5206 paratam

742 5262 769 5267 ....
779 5262 844 5267 —..-
1195 5260 1209 5265 -

284 5345 353 5400 1596
371 5348 414 5399 Sic
431 5345 502 5398 Mac.
606 5343 675 5397 1625
692 5345 868 5412 complexibus
886 5345 957 5397 Man.

285 5483 311 5550 1)
342 5481 446 5536 Versus
470 5481 595 5550 Vergilii,
618 5481 681 5535 Ecl.
701 5481 729 5544 V,
748 5481 789 5534 78.
866 5480 895 5548 2)
921 5479 963 5548 Cf.
989 5479 1103 5532 Alcuiai
1127 5478 1268 5548 epistolum
1291 5480 1520 5535 Eboraceasibua
1541 5482 1680 5536 monacbis
1702 5481 1833 5550 scriptam

180 5589 218 5656 (n.
236 5587 271 5640 34
284 5603 315 5656 p.
327 5583 405 5654 25⁰)ss
434 5583 514 5648 Quia,
532 5584 605 5639 sicum
623 5600 691 5654 puer
710 5586 804 5638 noster
822 5583 926 5638 Seneca
944 5580 1087 5636 sevidisse
1101 5583 1228 5646 testatur,
1247 5585 1358 5637 nostrae
1374 5583 1558 5638 fraternitatis
1571 5583 1677 5637 animas
1695 5583 1724 5637 in
1737 5583 1832 5637 eodem

179 5689 308 5744 laetitiae
326 5690 388 5743 loco
406 5687 614 5757 congregandas
633 5705 691 5744 esse
710 5688 856 5742 credimus:
891 5689 1012 5743 Senecae
1029 5687 1118 5758 igitur
1135 5687 1287 5742 inventitii
1304 5702 1398 5742 nomer
1414 5687 1480 5757 suit.
