4936 6406
914 428 962 486 DE
979 431 1095 487 REBUS
1113 430 1260 488 DIVINIS.

627 603 713 669 Nam
734 603 879 689 loquitur
900 603 1009 688 rebus,
1031 612 1199 673 taceamus
1221 605 1378 693 dogmata
1397 605 1545 692 quamvis

712 705 853 774 Divinae
875 707 971 793 legis,
994 729 1078 794 quae
1100 707 1134 773 id
1156 709 1226 774 fore
1250 714 1367 774 cuncta
1388 706 1501 774 boant.

559 833 571 870 s
629 809 705 875 Non
727 831 767 876 ca
788 812 967 899 temperies
992 812 1111 878 hiemis
1133 813 1224 900 prius
1246 819 1283 879 ut
1304 812 1366 878 fuit
1388 817 1509 893 exstat,

708 913 801 990 Quae
823 916 948 982 sutrim
971 923 1070 1002 queat
1092 917 1250 1003 gramina,
1273 917 1374 1002 ligna,
1397 922 1479 982 sata.

628 1015 733 1104 Copia
755 1016 851 1085 deest
873 1019 953 1085 solis
976 1020 1132 1086 torrendo
1155 1027 1283 1086 aestate
1305 1019 1421 1103 labori,

705 1121 819 1188 Vama
840 1143 903 1188 nec
925 1122 1033 1190 officio
1057 1132 1133 1190 sunt
1155 1123 1252 1190 modo
1274 1125 1364 1190 laeta
1386 1143 1457 1188 suo.

627 1223 788 1291 Dulcibus
811 1224 899 1291 haud
920 1225 1004 1293 adeo
1026 1228 1143 1293 mustis
1166 1234 1322 1294 autumna
1344 1224 1538 1307 redundant,

547 1349 572 1386 ιο
712 1327 873 1394 Postibus
896 1329 1043 1395 arboreis
1065 1351 1132 1396 non
1154 1335 1290 1396 onerata
1311 1330 1435 1415 rigent.

626 1431 684 1496 Nil
705 1431 803 1497 modo
826 1438 916 1498 terra
937 1431 1015 1498 boni
1038 1433 1086 1498 sic
1107 1433 1172 1500 fert
1194 1433 1286 1499 velut
1308 1439 1384 1498 ante
1406 1431 1545 1515 ferebat,

714 1533 878 1601 Effaetam
901 1541 935 1600 ct
957 1535 1103 1602 sterilem
1126 1543 1232 1602 semet
1253 1536 1364 1602 inesse
1387 1534 1493 1604 docet.

627 1637 672 1703 Et
694 1639 801 1704 minor
822 1639 937 1704 existit
959 1639 1088 1704 cunctis
1110 1639 1281 1725 opulentia
1301 1639 1411 1722 rebus,

711 1741 834 1809 Deficit
854 1744 954 1829 inque
976 1743 1058 1809 locis
1081 1743 1166 1830 plus,
1188 1744 1216 1807 it
1237 1743 1359 1828 ubique
1381 1744 1498 1808 minus.

548 1869 571 1908 a
630 1846 749 1913 Rarior
769 1845 913 1912 officium
934 1847 1085 1912 consistit
1106 1847 1141 1911 in
1163 1868 1259 1913 omne
1281 1847 1432 1912 minister

713 1948 820 2026 Quam
841 1950 942 2037 prius,
967 1956 1002 2015 et
1024 1949 1127 2014 fixum
1149 1951 1196 2016 nil
1219 1957 1343 2016 statut
1365 1957 1442 2016 ante
1465 1949 1565 2014 stetit.

629 2052 746 2119 Cultor
766 2053 865 2139 agris,
888 2053 1006 2118 castris
1030 2059 1064 2117 et
1086 2053 1193 2134 miles,
1215 2053 1327 2119 nauita
1348 2060 1460 2140 ponto,

708 2157 810 2224 Libra
831 2158 865 2221 in
888 2156 1029 2238 iudiciis,
1052 2157 1152 2243 inque
1174 2159 1245 2224 foro
1268 2159 1385 2246 pictas.

628 2261 690 2328 Est
711 2262 746 2328 in
768 2262 921 2328 amicitiis
944 2283 1092 2344 concors,
1116 2263 1188 2348 quis
1210 2264 1244 2327 in
1267 2270 1339 2330 arte
1360 2263 1498 2350 peritus,

545 2389 572 2430 ro
717 2366 790 2440 Quo
812 2365 987 2452 disciplina
1008 2367 1042 2430 in
1064 2366 1211 2432 moribus
1233 2367 1320 2432 alma
1337 2366 1450 2452 viget?

627 2469 659 2536 N
661 2491 704 2536 on
725 2469 826 2556 viget,
848 2476 885 2535 ut
907 2469 1014 2555 viguit
1035 2469 1168 2551 dudum,
1190 2476 1347 2556 vegetata
1367 2471 1511 2551 iuventa,

708 2571 836 2639 Cuncta
857 2578 1013 2638 senectus
1036 2578 1131 2639 atrox
1153 2593 1210 2639 ore
1233 2573 1386 2659 nigrante
1409 2578 1511 2638 vorat.

627 2676 778 2764 Namque
800 2698 937 2743 necesse
960 2682 1072 2742 manet
1094 2677 1206 2758 minui,
1229 2677 1283 2742 cui
1305 2677 1474 2764 proximus
1495 2681 1606 2742 exstat

706 2780 810 2862 Finis,
833 2787 868 2847 et
890 2802 1043 2847 occasum
1065 2780 1153 2846 haud
1174 2781 1288 2868 procul
1312 2802 1386 2848 esse
1409 2779 1507 2846 videt.

545 2907 571 2946 ss
630 2885 698 2951 Dat
721 2885 859 2951 solima
881 2893 998 2972 petens
1022 2885 1131 2952 radios
1154 2884 1330 2973 splendore
1352 2884 1489 2966 minore,

710 2990 870 3077 Lunaque
892 2989 1089 3056 decrescens
1112 3011 1235 3056 cornua
1256 2990 1350 3056 fusca
1370 2990 1467 3076 gerit.

628 3093 748 3174 Athos,
770 3114 855 3179 quae
878 3093 1005 3159 iuvenis
1028 3094 1188 3160 vernabat
1209 3094 1290 3160 flore
1314 3094 1492 3180 comisque,

712 3196 862 3263 Deformi
885 3196 992 3262 fundit
1015 3197 1165 3282 germina
1186 3218 1260 3262 rara
1282 3197 1358 3262 situ.

627 3298 717 3365 Fons
740 3305 775 3365 et
795 3298 992 3364 inundantes
1015 3300 1132 3365 solitus
1155 3298 1310 3366 diducere
1332 3301 1430 3380 rivos,

547 3425 573 3462 so
717 3401 772 3468 Sic
795 3408 923 3488 guttam
945 3407 1080 3467 tenuem
1103 3422 1204 3488 saepe
1226 3409 1376 3468 vetustus
1398 3401 1511 3469 habet.

630 3505 761 3573 Scissus
782 3505 853 3591 agit
874 3504 984 3591 paries
1006 3512 1163 3571 venturae
1186 3505 1282 3590 signa
1304 3506 1446 3587 ruinae¹,

712 3613 776 3691 Qui
798 3613 927 3680 iuvenis
950 3611 1075 3679 solidus
1097 3613 1205 3700 pictus
1227 3619 1261 3678 et
1283 3619 1353 3679 arte
1376 3613 1479 3679 stetit.

629 3717 739 3804 thue
762 3738 877 3785 senem
899 3716 1034 3784 taedent
1054 3717 1120 3782 iam
1143 3716 1272 3782 cantica
1292 3715 1421 3782 ludicra
1441 3715 1520 3798 ludi,

711 3819 818 3902 Stare,
841 3820 999 3906 equitare,
1022 3819 1126 3905 gradi,
1150 3819 1252 3886 verba
1274 3819 1385 3886 iocosa
1406 3819 1512 3906 loqui;

547 3941 573 3983 a
629 3922 782 4011 Dumque
806 3924 911 4010 quatit
932 3924 1089 3990 tremulos
1112 3923 1197 3990 male
1221 3921 1336 3989 creber
1356 3923 1519 3989 anhelitus
1542 3919 1660 4002 artus²,

712 4027 872 4116 Suspirat,
894 4026 1003 4094 fundit
1023 4048 1190 4093 murmura
1212 4027 1328 4094 crebra
1347 4049 1498 4114 gemens:

628 4130 749 4198 Dulcia
771 4132 819 4197 sic
840 4132 988 4198 vetulum
1009 4131 1177 4217 liquerunt
1198 4132 1308 4197 omnia
1328 4131 1497 4214 mundum,
1521 4117 1524 4122 ¹

711 4235 783 4301 Nec
805 4241 916 4301 manet
936 4235 1024 4301 ullus
1047 4235 1081 4302 ei
1102 4234 1157 4320 qui
1180 4235 1243 4300 fuit
1265 4241 1341 4301 ante
1364 4234 1468 4321 vigor.

629 4336 713 4403 Dira
735 4337 871 4425 cupido⁸
892 4337 995 4424 riget,
1018 4337 1144 4419 sordes,
1167 4337 1323 4425 periuria,
1347 4338 1455 4420 luxus,

546 4463 573 4502 ro
715 4442 817 4509 Livor
838 4441 955 4522 cdax‘,
978 4442 1107 4522 falsum,
1130 4442 1246 4528 iurgia,
1270 4442 1481 4524 rixa-dolus.

1052 4871 1127 4939 XV.

314 5001 377 5075 EX
404 4999 639 5076 EPISTOLA
666 4999 732 5072 AD
759 4996 1054 5073 CORINTHIOS
1081 4999 1281 5074 CARMEN
1308 5001 1373 5074 AD
1400 4999 1595 5075 PRECEM
1621 4997 1866 5075 CUIUSDAM

867 5118 1089 5194 MONACHI
1114 5119 1324 5196 FACTUM.

628 5253 684 5319 Sic
707 5258 863 5338 vegetata
886 5251 1003 5354 sedent
1025 5252 1158 5319 sibimet
1179 5255 1372 5341 plerumque
1395 5253 1562 5336 decenter,

709 5355 848 5429 Quando
870 5376 971 5420 unum
992 5378 1036 5421 cx
1057 5359 1159 5422 variis
1182 5358 1392 5424 continuatur
1414 5379 1508 5445 opus.

365 5632 393 5702 l)
412 5633 462 5690 Oc.
479 5649 515 5687 ca
527 5631 617 5688 Ponto
630 5633 689 5696 111,
696 5631 722 5695 1,
732 5631 765 5684 11
784 5629 908 5698 Cumque
926 5629 1006 5685 dedit
1023 5631 1114 5701 parics
1127 5635 1262 5688 venturae
1274 5631 1356 5700 signa
1367 5632 1473 5686 ruinae.
1530 5631 1558 5700 2)
1579 5632 1662 5704 Vcry.
1675 5632 1745 5684 Aea.
1757 5625 1791 5694 V,
1799 5624 1850 5680 199
1859 5627 1920 5680 tum

262 5734 357 5788 creber
365 5735 508 5789 anhelitus
516 5739 594 5788 artus
609 5735 615 5802 Ι
630 5733 771 5802 Aridaque
781 5749 831 5786 ora
840 5733 942 5801 quatit.
993 5739 1020 5804 3)
1037 5737 1078 5790 It,
1096 5738 1140 5802 VI,
1150 5735 1202 5791 313
1214 5734 1276 5788 dira
1288 5733 1397 5803 cupido.
1445 5735 1473 5804 4)
1488 5735 1536 5788 Oc.
1547 5741 1640 5792 Amor.
1650 5735 1675 5800 1,
1686 5735 1727 5803 lo,
1738 5734 1761 5796 l,
1774 5729 1852 5786 Rem.
1861 5729 1920 5784 389.
