4666 6406
729 410 777 464 ΑΙ)
796 405 971 466 baernum
1009 407 1058 466 An
1077 406 1252 468 CAROLUM
1270 407 1403 470 REGEM.

604 581 824 667 Balsameum,
848 586 971 672 regina,
994 587 1074 652 mihi
1096 589 1281 654 transmitte
1304 590 1473 676 liquorem,

687 689 758 764 Quo
782 690 867 756 bene
890 712 950 776 per
972 693 1111 777 populos
1136 692 1321 758 chrismatis
1343 716 1477 781 unguen
1500 703 1563 760 eat.

601 790 683 858 Inde
707 814 803 878 seges
828 801 955 860 crescet
978 795 1107 859 tibimet
1129 795 1289 862 mercedis
1313 798 1452 886 opimae,
1560 799 1562 804 ’

521 916 547 952 rc
696 894 927 962 Christicolum
949 917 1066 963 nomen
1090 919 1163 962 cum
1187 897 1279 963 dabit
1300 920 1433 985 unguen
1455 901 1552 967 idem.

603 995 671 1063 Det
692 998 752 1063 tibi
775 1000 1003 1087 cunctipotens
1027 1002 1128 1066 vitam
1151 1007 1186 1066 ct
1208 1002 1262 1087 pia
1284 1000 1370 1066 dona
1393 1005 1519 1086 salutis,

688 1101 797 1187 thue
821 1125 945 1170 memor
968 1105 1070 1170 nostri
1095 1106 1139 1170 sis
1164 1105 1234 1170 sine
1257 1106 1333 1188 fine,
1356 1108 1440 1174 vale.

858 1312 1269 1323 ----—......-...-—--—-—..-...

993 1535 1138 1604 XXXII.

932 1661 996 1734 AD
1024 1662 1201 1738 REGEM.

604 1793 679 1859 Rex
701 1793 876 1859 benedicte
900 1796 985 1877 vale,
1008 1795 1120 1862 valcas
1143 1818 1202 1883 per
1225 1803 1374 1884 tempora
1395 1800 1504 1886 longa,

681 1895 812 1983 Datque
835 1896 897 1961 tibi
921 1919 1066 1962 summus
1089 1921 1247 1986 prospera
1270 1907 1388 1967 cuncta
1408 1903 1525 1971 bonus.

601 1999 684 2065 Nam
709 2007 765 2065 tua
787 2002 989 2087 prosperitas
1012 2001 1113 2069 decus
1138 2009 1245 2068 estet
1268 2004 1373 2089 gloria
1395 2007 1501 2092 plebis

683 2102 909 2186 Christicolae,
934 2106 987 2169 cui
1009 2112 1046 2170 tu
1069 2112 1157 2171 tutor
1180 2129 1217 2172 cs
1240 2115 1337 2194 atque
1361 2116 1464 2196 pater.

532 2232 543 2268 s
599 2207 704 2273 Tutor
725 2229 823 2293 opum
847 2230 894 2288 es,
916 2208 1038 2274 uindex
1062 2212 1235 2293 scelerum,
1258 2212 1395 2298 largitor
1417 2214 1602 2298 honorum¹,

678 2313 835 2399 Quaeque
858 2314 939 2378 lacis
962 2314 1043 2380 fiunt
1066 2315 1147 2381 haec
1170 2317 1361 2382 moderante
1385 2317 1457 2384 deo.

599 2417 701 2481 Arma
723 2438 759 2482 es
781 2417 982 2502 pontificum,
1006 2441 1083 2505 spes
1107 2426 1141 2486 et
1163 2419 1311 2486 defensio
1335 2422 1425 2503 cleri,

679 2520 746 2585 Per
767 2526 800 2585 te
823 2521 994 2607 pontifices
1018 2523 1089 2587 iura
1112 2531 1241 2588 sacrate
1264 2530 1388 2589 tenent.

598 2623 751 2704 Mentior,
774 2630 932 2710 expertus
957 2625 984 2689 si
1007 2646 1073 2690 non
1095 2626 1164 2691 Leo
1187 2628 1320 2713 praesul
1342 2626 1376 2691 id
1400 2628 1471 2713 ipse
1495 2627 1573 2708 est2,

686 2726 781 2802 Quod
798 2727 923 2792 recinet
945 2727 1077 2793 modulo
1100 2729 1211 2794 fistula
1234 2737 1345 2795 nostra
1367 2730 1471 2796 brevi.

599 2832 706 2907 Quem
726 2829 812 2895 male
835 2829 956 2896 deiecit
979 2853 1039 2896 sua
1060 2853 1143 2917 gens
1166 2833 1248 2898 urbe
1272 2840 1369 2920 atque
1394 2833 1558 2916 cathedra,

680 2933 786 3007 Quem
808 2936 875 2999 leto
897 2936 1006 3021 potins
1030 2957 1128 3022 quam
1150 2936 1220 3020 tibi,
1242 2939 1319 3020 uita,
1343 2945 1445 3024 parat.

600 3038 705 3113 Quem
728 3038 814 3102 bene
838 3039 986 3124 suscepit
1008 3046 1074 3120 tus,
1099 3062 1168 3120 rex,
1192 3042 1359 3107 miseratio
1384 3042 1539 3123 clemens,

680 3139 822 3220 Solatur,
845 3141 976 3216 mulcet,
999 3141 1160 3227 perfovet,
1184 3151 1288 3224 ornat,
1311 3144 1378 3209 alit.

530 3268 541 3304 c
598 3242 705 3317 Quem
727 3243 903 3308 furibunda
924 3266 1040 3309 manus
1064 3247 1216 3332 spoliavit
1238 3248 1372 3330 lumine,
1394 3248 1516 3334 lingua,

682 3346 840 3412 Vestibus
864 3354 897 3412 et
921 3349 1032 3429 saeris,
1057 3348 1291 3434 ordinibusque
1314 3351 1388 3436 piis.

595 3445 753 3515 Reddidit
775 3449 856 3514 haec
878 3449 1007 3532 Petrus,
1030 3471 1113 3535 quse
1137 3451 1236 3516 Iudas
1261 3452 1396 3518 obstulit
1419 3461 1501 3536 ater,

681 3553 746 3618 Hic
769 3553 845 3638 quia
867 3553 1047 3636 confessor,
1070 3554 1217 3641 proditor
1240 3557 1295 3621 ille
1319 3555 1372 3622 dci
1396 3565 1457 3622 est.

597 3655 764 3722 Seditiosa
785 3657 902 3722 cohors
925 3657 1041 3722 Iudam
1063 3665 1115 3724 cst
1136 3658 1198 3723 heo
1221 3666 1315 3744 parte
1339 3667 1463 3742 secuta,

514 3781 540 3820 ao
682 3759 743 3826 Ille
765 3780 881 3826 necem
903 3761 1037 3841 domini,
1061 3762 1224 3848 praesulis
1248 3763 1312 3827 ista
1334 3765 1460 3831 volens.

595 3861 737 3930 Reddita
759 3885 899 3950 namque
923 3871 1033 3951 negat,
1056 3872 1157 3951 neget
1179 3866 1261 3932 haec
1285 3866 1395 3932 ablata
1417 3867 1531 3948 fuisse,

678 3966 774 4032 Haec
797 3967 926 4034 auferre
950 3975 1059 4035 tomen
1083 3991 1119 4036 se
1142 3969 1287 4035 voluisse
1309 3970 1407 4035 canit.

595 4069 739 4137 Reddita
762 4078 845 4154 suut,
869 4073 985 4138 mirum
1010 4079 1070 4156 est,
1094 4074 1210 4138 mirum
1233 4080 1286 4138 cst
1308 4072 1437 4139 auferre
1460 4072 1626 4158 nequisse,

677 4173 741 4240 Est
761 4182 870 4242 tamen
893 4176 1060 4258 indubio,
1083 4177 1158 4243 hinc
1181 4178 1281 4242 mirer
1303 4198 1345 4241 an
1368 4176 1443 4243 inde
1467 4176 1599 4262 magist

762 4337 1147 4346 ..η-...Ἣ
1152 4340 1188 4344 ..--
1192 4340 1231 4344 —-
1235 4338 1513 4345 -.-..------—-——---

299 4430 423 4501 [XXXII]
441 4451 472 4487 ec
489 4434 547 4487 edit.
567 4433 702 4486 Sirmcucli
713 4453 743 4501 p.
763 4435 814 4486 195
832 4437 850 4488 t.
869 4439 907 4487 lll
924 4454 944 4488 c.
963 4438 1000 4487 v1
1105 4435 1138 4488 12
1156 4437 1261 4490 lsthoS
1364 4435 1397 4489 18
1415 4438 1459 4503 qui
1472 4435 1501 4500 S,
1518 4437 1579 4502 quis
1596 4451 1662 4487 corr.

332 4589 359 4654 1)
372 4586 506 4642 Prudeut.
520 4592 617 4642 contra
628 4586 725 4658 Spmm.
738 4587 782 4653 ΙΙ,
791 4588 843 4643 435
855 4587 944 4644 Tutor
952 4605 1045 4658 opum,
1058 4588 1160 4644 vindex
1171 4591 1313 4655 scelerum,
1323 4589 1441 4660 largitor
1449 4589 1593 4643 honorum.
1640 4589 1668 4656 2)
1683 4586 1792 4658 Quippe
1804 4587 1852 4656 qut
1865 4604 1884 4640 c

228 4689 365 4746 Romanis
375 4693 438 4747 sede
450 4707 503 4747 suu
515 4692 642 4758 deiectus,
654 4707 716 4747 cuns
728 4693 766 4747 ad
776 4692 905 4748 ecorum
915 4709 1004 4763 repens
1016 4693 1187 4764 confupsssct
1199 4695 1230 4748 s'u
1243 4694 1331 4749 oedem
1342 4709 1421 4748 suum
1430 4675 1467 4748 ab
1475 4693 1523 4747 illo
1533 4692 1678 4746 restitutus
1688 4695 1735 4744 est.
1754 4689 1885 4745 Deiectus

228 4801 268 4850 est
285 4811 357 4849 cono
376 4795 434 4859 799,
453 4794 576 4866 sequenti
592 4787 736 4850 restitutus
754 4797 802 4864 (cf.
821 4813 910 4865 supra
923 4814 954 4866 p.
976 4797 1046 4864 374).
1075 4797 1211 4853 Akesinos
1229 4813 1293 4852 uero
1311 4797 1345 4852 de
1362 4813 1393 4852 re
1410 4797 1512 4850 certior
1529 4813 1547 4850 a
1559 4793 1658 4849 Ocrolo
1674 4793 1770 4862 somus
1783 4794 1887 4848 istaec

226 4897 270 4952 itti
287 4898 377 4967 ceta,
395 4915 467 4968 quae
489 4898 669 4964 Theodultics‘s
687 4905 840 4954 consonant
856 4899 1001 4969 respoudit
1019 4900 1100 4969 epist.
1118 4901 1170 4954 XI
1184 4901 1256 4968 (114,
1270 4917 1301 4969 p.
1312 4899 1364 4954 464
1377 4899 1418 4953 cd.
1437 4898 1533 4968 Iofft):
1566 4897 1635 4953 Ecce
1652 4897 1683 4951 in
1700 4899 1729 4951 te
1747 4897 1805 4952 solo
1824 4899 1885 4952 toto

227 5001 301 5055 salus
320 5001 498 5056 ecclesiarum
524 5001 626 5056 Christi
645 5003 782 5057 inclinata
800 5003 945 5058 recumbit.
983 5004 1026 5058 Tu
1044 5004 1149 5059 vindex
1168 5004 1315 5072 scelerum,
1334 5006 1366 5057 tu
1385 5004 1475 5057 rector
1493 5000 1659 5064 errantium,
1678 5003 1710 5054 tu
1729 5001 1885 5056 consolator

227 5103 427 5169 maerentium,
454 5107 486 5158 tu
505 5105 640 5159 exaltatio
659 5105 802 5160 bonorum.
838 5107 939 5160 Nonne
958 5107 1084 5161 Romana
1107 5107 1137 5161 in
1156 5106 1234 5170 sede,
1256 5105 1305 5160 ubi
1329 5105 1434 5175 relegio
1452 5103 1591 5158 maximae
1610 5103 1725 5173 pietatis
1744 5104 1884 5172 quondam
1966 5113 1968 5122 ’

227 5207 376 5272 claruerat,
403 5207 443 5262 ibi
468 5210 593 5263 extrema
615 5207 771 5278 impietatis
796 5210 923 5278 exempla
942 5211 1134 5265 emerserunt?
1170 5209 1227 5280 ipsi
1246 5208 1375 5263 cordibus
1411 5207 1468 5262 suis
1487 5206 1641 5272 excaecati,
1666 5213 1885 5263 excaecaverunt

226 5312 312 5378 ceput
329 5311 481 5380 proprium.
501 5312 530 5365 S.
601 5311 629 5379 3)
650 5311 692 5379 Cf.
718 5312 831 5366 Alcus‘m'
853 5311 930 5382 epist.
950 5312 988 5367 od
1008 5311 1097 5367 Caret.
1116 5328 1173 5381 rep.
1191 5311 1284 5366 datam
1305 5312 1356 5366 119
1375 5312 1415 5381 (p.
1426 5311 1491 5380 485)
1510 5309 1590 5376 Quod
1601 5327 1667 5365 vero
1685 5309 1884 5367 nobisvestrae

224 5411 360 5468 bonitatis
378 5414 409 5468 in
423 5415 533 5470 Christo
551 5414 670 5484 probata
681 5415 812 5470 voluntas
830 5415 865 5468 de
882 5415 1030 5485 apostolici
1049 5414 1168 5485 pastoris
1188 5415 1312 5470 mirabili
1331 5415 1454 5470 sanitate
1472 5412 1640 5468 demandare
1659 5415 1781 5469 curavit:
1801 5413 1882 5470 decet

226 5518 300 5572 enim
318 5535 428 5573 omnem
452 5518 588 5589 populum
612 5519 795 5574 christianum
818 5519 849 5572 in
871 5519 924 5574 hac
947 5519 1096 5574 clementia
1118 5519 1231 5574 divinae
1249 5519 1433 5589 protectionis
1450 5516 1572 5590 gaudere
1600 5521 1630 5572 et
1647 5517 1762 5573 laudare
1781 5535 1882 5573 nomeu

225 5625 352 5677 sanctum
379 5622 424 5677 dei
449 5622 539 5677 nostri
562 5663 624 5686 ...,
647 5621 697 5690 qui
718 5623 819 5692 impias
841 5624 1003 5693 conpescuit
1024 5641 1124 5678 manus
1147 5640 1165 5678 a
1190 5640 1276 5694 pravo
1294 5623 1448 5679 voluntatis
1472 5621 1586 5687 effectu,
1612 5622 1738 5677 volentes
1763 5623 1882 5677 caecatis

223 5725 364 5779 mentibus
387 5725 482 5779 lumen
505 5743 585 5780 suum
610 5725 774 5794 extinguere
798 5729 827 5780 et
852 5748 881 5785 se
905 5731 979 5800 ipsos
1005 5728 1092 5797 impio
1117 5727 1233 5782 consilio
1258 5729 1370 5797 proprio
1394 5727 1504 5798 privare
1529 5725 1630 5800 caprite.

1624 5823 1677 5875 db*
