4612 6414
1097 395 1317 450 AEDILVULFI
1336 395 1494 450 CAItMEN.

838 569 981 635 Divitias
1003 568 1118 635 tribuit
1140 571 1252 634 laxato
1275 570 1394 634 mentis
1417 568 1526 655 opima

768 693 780 729 s
838 671 908 736 Iam
931 674 1057 758 grando
1080 672 1259 753 monachis,
1280 693 1361 756 quos
1385 671 1490 737 lurida
1511 670 1621 738 inedia
1643 673 1773 758 pressit.

838 774 940 861 Inque
965 775 1096 841 modum
1119 776 1235 840 mirum
1257 774 1428 861 dispersae
1451 775 1492 840 ad
1516 775 1662 862 praemia
1683 781 1773 842 certa

838 879 983 944 Divitiae
1007 885 1179 946 crescunt:
1204 879 1349 945 cumulat
1371 879 1558 944 reverentia
1579 877 1701 944 Christi

838 982 976 1047 Munera
999 1003 1114 1069 sparsa
1137 982 1200 1047 sibi
1222 1003 1283 1069 per
1304 988 1441 1046 cunetae
1464 981 1612 1069 tempora
1634 983 1732 1048 vitae.

836 1085 965 1171 Largus
987 1093 1059 1152 crat
1081 1085 1222 1166 miseris,
1245 1085 1381 1149 nimium
1405 1082 1467 1149 sibi
1489 1105 1607 1171 parcus
1631 1085 1664 1149 in
1687 1086 1775 1151 omni

759 1209 783 1248 ιο
838 1186 955 1252 Victu:
978 1209 1120 1274 namque
1144 1188 1231 1253 escis
1253 1186 1413 1274 pascebat
1435 1207 1572 1273 corpora
1595 1187 1701 1252 siccis.

837 1291 988 1358 Triverat
1010 1292 1063 1357 hic
1087 1294 1186 1373 soles,
1209 1293 1397 1376 nullamque
1420 1290 1647 1379 adsumpserat
1670 1313 1780 1358 escam

839 1394 1002 1460 Ieiunium
1025 1396 1173 1461 referens
1196 1395 1346 1460 volitanti
1367 1395 1490 1460 lumine
1512 1403 1639 1482 pectus.

928 1497 999 1565 Nec
1022 1500 1139 1564 mirum
1163 1499 1331 1564 excellens
1352 1498 1454 1563 iaciat
1475 1499 1504 1563 ei
1526 1499 1605 1564 talia
1627 1499 1791 1586 princeps,

841 1600 924 1665 Cum
947 1603 1071 1668 maiora
1093 1601 1170 1668 boni
1192 1607 1344 1688 paterent
1365 1601 1416 1666 his
1439 1621 1544 1687 aeque
1567 1602 1721 1684 minores,

759 1727 782 1765 rs
840 1705 950 1791 Atque
974 1704 1044 1770 dies
1067 1706 1186 1769 multas
1210 1710 1337 1769 certant
1359 1704 1481 1770 ieiunia
1503 1703 1636 1770 Christe

839 1808 1004 1890 Reddere,
1025 1829 1068 1874 na
1091 1813 1218 1873 mentes
1241 1807 1342 1873 fallax
1366 1807 1516 1874 eluderet
1537 1815 1612 1874 astu

842 1911 994 1978 incautas
1017 1911 1122 1976 hostis
1145 1911 1273 1976 subitae
1295 1911 1426 1976 virtutis
1448 1911 1581 1978 honore.

843 1997 984 2103 stapris
1007 2016 1079 2103 ipse
1101 2015 1186 2101 fugit
1208 2035 1321 2081 sacrae
1344 2014 1517 2082 formidine
1539 2017 1663 2103 plebis:

840 2119 937 2184 Bella
958 2117 1100 2184 nefanda
1121 2119 1232 2183 sinunt
1255 2119 1376 2205 populo
1400 2124 1526 2183 certare
1549 2118 1653 2196 fideli;

758 2244 785 2282 eo
841 2223 1012 2288 Auxilium
1034 2231 1207 2310 praestans
1232 2224 1383 2289 Christus
1406 2231 1572 2290 concertat
1593 2226 1634 2291 ab
1657 2249 1743 2293 arec.

840 2325 937 2391 Unde
961 2327 1024 2392 dec
1048 2327 1126 2392 lecti
1149 2327 1273 2391 celsum
1296 2347 1436 2413 rapuere
1459 2327 1669 2413 triumphum,

841 2431 1114 2518 Praecipitesque
1136 2432 1248 2516 sugam
1271 2432 1384 2517 nigrae
1408 2453 1578 2518 sumpsere
1601 2433 1760 2520 falanges.

926 2535 1045 2599 Pastor
1066 2541 1103 2598 ut
1125 2535 1188 2600 iste
1210 2535 1285 2620 pius
1308 2535 1475 2621 conplevit
1498 2534 1612 2602 ordina
1635 2543 1775 2624 tempus,

841 2637 1006 2703 Germano
1029 2638 1148 2702 meruit
1170 2635 1333 2722 condigna
1355 2637 1503 2722 linquere
1527 2637 1649 2704 sedem.

759 2762 784 2801 rs
840 2741 1027 2806 Alduuinus
1050 2741 1103 2806 hic
1127 2741 1235 2806 iuerat
1257 2741 1379 2806 carnali
1401 2742 1534 2807 nomine
1557 2741 1673 2820 dictus,

841 2844 989 2909 Moribus
1012 2843 1066 2909 irie
1088 2865 1189 2909 verax
1212 2851 1246 2909 et
1267 2844 1378 2910 verbis
1402 2847 1552 2911 omnibus
1576 2852 1678 2928 extat,

844 2947 989 3034 Signifer
1012 2953 1064 3012 est
1084 2949 1201 3028 clarus,
1225 2948 1391 3014 subiectos
1414 2950 1550 3016 vocibus
1572 2951 1719 3031 hortans,

842 3050 887 3115 Ut
911 3072 971 3116 sna
992 3055 1068 3115 vota
1091 3049 1136 3136 pii
1158 3057 1248 3115 trans
1272 3051 1409 3116 aethera
1431 3051 1578 3139 principe
1602 3053 1742 3139 signent.

734 3348 789 3392 xrv
823 3327 883 3392 DE
906 3325 1089 3392 ΑΒΒΑΤΕ
1111 3324 1170 3390 ΕΤ
1187 3323 1456 3392 SAOERDO'PE
1471 3325 1615 3392 DIGNO
1632 3328 1869 3397 SIGBALDO.

844 3466 988 3540 Quartus
1012 3465 1106 3532 adest
1127 3473 1241 3553 pastor
1263 3468 1433 3553 praeclaro
1456 3470 1588 3535 nominc
1613 3469 1749 3556 sigbald

841 3569 1027 3636 Preebiter:
1050 3570 1104 3635 hic
1128 3571 1245 3636 cellam
1268 3571 1380 3635 multis
1402 3570 1547 3637 donariis
1570 3573 1673 3656 auxit,

841 3674 951 3760 Atque
973 3672 1036 3738 deo
1060 3671 1193 3758 dignam
1217 3673 1382 3739 studiosus
1406 3673 1550 3739 condidit
1572 3677 1691 3741 aulam.

839 3776 934 3841 Haec
957 3782 1009 3841 est
1031 3776 1088 3840 illa
1110 3773 1236 3858 domus,
1259 3797 1356 3863 quam
1379 3783 1484 3843 mater
1506 3778 1648 3844 numinis
1671 3781 1751 3844 alti¹

772 3903 784 3940 a
839 3879 1020 3944 Incolitans
1044 3884 1154 3943 servat
1175 3880 1262 3944 vasti
1285 3881 1346 3945 sub
1369 3880 1511 3946 eulmine
1535 3881 1628 3948 caeli.

844 3983 905 4048 Oui
929 3989 1088 4068 conpacta
1110 3982 1194 4047 nitet
1216 3983 1443 4069 praepulchris
1466 4005 1581 4049 mensa
1603 3984 1746 4065 tabellis,

842 4086 992 4151 Porticus
1015 4085 1049 4149 in
1072 4083 1192 4166 medio,
1218 4086 1323 4151 sancti
1346 4107 1444 4172 quam
1465 4086 1580 4153 fronde
1604 4096 1770 4171 coronant,

843 4187 931 4253 Dum
954 4187 1053 4253 bunis
1076 4187 1232 4255 claudunt
1253 4188 1420 4276 pretiosae
1443 4210 1580 4255 munera
1601 4191 1699 4256 vitae.

845 4289 992 4356 Occidna
1013 4290 1107 4355 nitidi
1130 4290 1305 4377 splendent
1328 4292 1361 4356 in
1383 4300 1475 4378 parte
1499 4292 1649 4374 ministri,

763 4417 787 4455 rc
843 4392 908 4467 Qui
930 4393 1070 4459 modulis
1094 4394 1224 4460 culmen
1247 4394 1330 4460 caeli
1353 4395 1566 4460 concentibus
1590 4403 1715 4464 ornant.

843 4499 966 4564 Omnes
989 4504 1042 4562 ast
1063 4498 1169 4563 sancti
1191 4497 1292 4564 medii
1314 4497 1503 4586 pavimenta
1525 4501 1639 4566 sacelli

842 4600 1019 4667 Servantes
1042 4601 1179 4666 colitant
1200 4622 1260 4687 per
1282 4607 1431 4688 tempora
1452 4607 1580 4685 cuncta,
1603 4603 1756 4690 maniplis

841 4704 1025 4800 Innumeris
1048 4705 1185 4790 iungant
1207 4704 1341 4769 vocitati
1362 4704 1404 4769 ad
1427 4711 1504 4770 vota
1526 4706 1665 4792 piorum,

579 5033 597 5086 5
613 5033 751 5086 monachos
763 5033 821 5086 LO
925 5030 957 5085 13
969 5050 1017 5084 cur.
1033 5033 1056 5084 0
1164 5028 1197 5083 14
1214 5033 1284 5082 Dum
1299 5030 1355 5082 00
1415 5033 1442 5082 hi
1454 5033 1570 5098 sequeO
1671 5031 1704 5086 17
1716 5036 1828 5088 honorae
1839 5036 1864 5087 L
1969 5033 2002 5087 18
2014 5035 2132 5087 fuitLO

479 5120 513 5173 19
531 5121 657 5174 sinuntO
701 5127 814 5172 certante
826 5120 851 5170 L
931 5116 965 5171 21
978 5119 1079 5171 IndeO
1158 5115 1194 5169 22
1211 5118 1351 5170 senscreO
1428 5114 1463 5168 23
1480 5125 1505 5169 et
1517 5117 1601 5169 iared
1643 5121 1770 5173 inordina
1785 5121 1808 5172 G
1883 5119 1919 5172 25
1937 5122 2065 5173 Alduinus
2080 5121 2135 5172 0⁰

475 5206 510 5260 26
531 5223 609 5259 uerus
627 5205 649 5256 0
773 5203 809 5256 28
831 5207 960 5274 principes
974 5205 999 5255 L
1131 5202 1142 5268 ΙΙ
1159 5201 1224 5270 [¹1v]
1252 5205 1291 5255 De
1312 5204 1432 5270 Sigbaldc
1454 5204 1548 5256 abbate
1575 5205 1701 5271 quomode
1731 5209 1819 5259 multis
1847 5209 1959 5260 donariis
1984 5215 2010 5259 et
2035 5207 2132 5258 diuitiis

475 5295 710 5347 Lindislamensem
723 5293 856 5344 ecclesiam
867 5293 959 5344 ditauit
972 5290 995 5342 0
1078 5287 1245 5342 2d0naribus
1257 5289 1282 5339 L
1295 5290 1316 5340 O
1401 5286 1418 5340 3
1431 5297 1492 5355 tque
1507 5289 1529 5340 O
1610 5287 1626 5340 6
1639 5293 1779 5358 perpulcris
1794 5293 1816 5344 0
1829 5293 1851 5344 Ο
1936 5291 1951 5344 'l
1963 5293 2095 5358 sanctique
2110 5291 2133 5343 Ο

475 5377 492 5430 8
509 5375 701 5430 claudantLO
811 5374 828 5427 9
845 5376 986 5445 splendunt
996 5374 1058 5426 LO
1161 5364 1333 5443 10'repetitur
1350 5375 1418 5427 irater
1436 5383 1513 5441 caput
1530 5377 1592 5426 XIV
1609 5384 1633 5428 et
1649 5378 1698 5428 XV
1715 5395 1796 5431 mauu
1813 5395 1878 5433 raes.
1897 5381 1955 5432 xn.
1983 5377 2096 5432 munda
2107 5377 2132 5428 L

476 5463 510 5518 13
524 5466 638 5533 pingent
649 5461 682 5526 L,
699 5461 849 5530 iurgante

580 5665 606 5731 ι)
623 5662 727 5718 mucra
746 5663 852 5716 uasta.
