4756 6412
1143 385 1350 446 THEODULFI
1368 387 1544 446 CARMINA.

884 563 915 630 N
918 587 956 631 ec
980 566 1126 652 peritura
1148 565 1241 650 sequi
1265 561 1395 630 studeat
1418 586 1510 630 mens
1533 564 1670 651 provida
1691 572 1812 642 nostra,

973 667 1041 734 Sed
1063 689 1216 733 mansura
1238 667 1295 732 diu
1318 675 1430 755 captet
1451 669 1574 755 ubique
1596 670 1714 734 libens.

817 793 828 830 1
889 770 1080 838 Inlecebras
1103 771 1209 858 fugiat
1231 771 1344 836 mundi
1367 793 1460 838 mens
1484 772 1597 837 inclita
1619 771 1743 850 foedas,

972 875 1065 949 Quae
1083 874 1233 939 inliciunt
1255 875 1399 940 animum
1423 882 1569 940 monstra
1590 897 1650 962 per
1672 896 1768 940 omne
1791 875 1892 938 nolas.

886 974 1009 1042 Dedita
1030 997 1092 1040 nec
1114 983 1246 1040 maneat
1268 977 1409 1042 terrenis
1431 977 1530 1042 rebus
1554 977 1588 1042 in
1610 977 1693 1056 istis,

977 1080 1142 1145 Scandere
1167 1080 1225 1145 sed
1248 1082 1357 1167 potius
1380 1087 1485 1146 certet
1506 1080 1547 1145 ad
1570 1083 1637 1145 alta
1657 1081 1736 1169 poli,

888 1183 960 1258 Quo
983 1186 1096 1250 vivens
1121 1206 1252 1270 semper
1274 1190 1389 1269 regnet
1412 1206 1473 1271 per
1495 1185 1627 1250 saecula
1650 1184 1733 1249 felix

805 1311 830 1349 ro
976 1289 1167 1374 Multigenis
1190 1291 1297 1376 epulis
1319 1290 1515 1375 perfruitura
1538 1289 1602 1356 diu.

886 1392 966 1457 Plus
989 1393 1116 1458 animae
1140 1400 1174 1457 at
1196 1413 1283 1472 cura,
1306 1413 1403 1478 quam
1426 1395 1515 1458 carni
1538 1391 1634 1460 detur
1654 1393 1776 1478 ubique
1788 1393 1811 1473 ¹,

972 1495 1064 1569 Quae
1088 1517 1188 1583 super
1209 1502 1299 1582 astra
1320 1497 1428 1562 nitens
1452 1503 1504 1561 est
1526 1497 1687 1562 habitura
1698 1498 1814 1561 locum.

889 1600 974 1665 Nam
996 1601 1076 1666 licet
1098 1601 1161 1665 hoc
1185 1622 1302 1687 corpus
1326 1601 1465 1685 gemmis
1488 1609 1621 1678 ornetur
1644 1608 1677 1667 et
1698 1622 1788 1680 auro,

973 1705 1164 1770 Rescissum
1186 1711 1291 1770 morte
1314 1704 1486 1792 postmodo
1509 1707 1616 1792 pulvis
1640 1707 1737 1780 erit²;

821 1834 833 1871 1
893 1810 1053 1894 Haecque
1078 1809 1201 1875 caduca
1223 1830 1298 1874 caro
1322 1816 1429 1874 terrae
1453 1809 1611 1874 miscetur
1633 1819 1666 1876 et
1687 1810 1805 1892 undae,

974 1913 1058 1978 Turn
1081 1919 1191 1976 tamen
1214 1919 1247 1976 et
1270 1913 1412 1976 celerem
1436 1919 1542 1978 vertet
1564 1913 1598 1977 in
1620 1914 1687 1978 ima
1707 1914 1853 1998 gradum,

891 2016 981 2081 Tabe
1004 2037 1198 2104 repercussa
1222 2015 1394 2099 squalenti,
1417 2037 1553 2102 aspersa
1574 2022 1701 2103 putore,

974 2118 1089 2183 Effluit
1112 2119 1181 2183 abit
1204 2118 1285 2182 odor
1307 2117 1450 2182 foetidus
1473 2120 1559 2184 unde
1573 2121 1691 2187 simul.

892 2219 1039 2283 Divicios
1062 2219 1190 2284 animae
1214 2219 1306 2283 caelo
1329 2218 1532 2304 percondere
1557 2221 1687 2307 pulcras

978 2323 1072 2388 Mens
1096 2328 1224 2408 satagat
1246 2329 1375 2408 tempus
1399 2328 1511 2388 nostra
1532 2345 1591 2410 per
1613 2346 1709 2390 omne
1732 2346 1818 2392 suas.

893 2427 965 2501 Quo
988 2427 1097 2493 tineae
1121 2426 1264 2492 infausto
1288 2448 1398 2491 morsu
1421 2448 1487 2491 non
1510 2428 1683 2514 splendida
1705 2429 1846 2510 dement,

976 2529 1046 2594 Nec
1069 2551 1193 2615 aerugo
1217 2551 1318 2594 vorax
1341 2531 1459 2615 polluit
1483 2531 1557 2595 istic
1581 2552 1672 2618 opes,

893 2635 965 2709 Quo
989 2634 1131 2698 suffossa
1153 2633 1269 2698 domus
1292 2635 1428 2720 populat
1450 2655 1511 2699 nec
1533 2635 1676 2720 perfidus
1699 2638 1780 2702 ostis

975 2737 1203 2802 Fundamenta
1225 2737 1337 2801 furens
1361 2737 1444 2801 latro
1467 2744 1639 2822 protervus
1660 2738 1751 2804 ubii.

812 2865 817 2882 ⁶
896 2841 984 2916 Quas
1008 2841 1150 2926 gelidam
1173 2840 1282 2926 capiet
1303 2839 1386 2904 felix
1408 2848 1485 2926 post
1507 2841 1646 2926 denique
1669 2843 1829 2908 mortem*

974 2944 1037 3009 His
1062 2945 1205 3031 potitura
1228 2942 1285 3008 diu
1308 2964 1406 3009 carne
1431 2943 1539 3008 soluta
1561 2945 1680 3009 anima.

897 3047 1037 3114 Carcere
1061 3049 1211 3135 deposito
1234 3048 1339 3112 niveis
1363 3048 1485 3111 sociata
1508 3048 1636 3112 choreis

979 3153 1102 3219 Helisii
1125 3153 1255 3240 pulcras
1278 3172 1410 3237 semper
1431 3150 1567 3216 habebit
1590 3172 1681 3237 opes.

898 3256 985 3322 Diva
1008 3258 1166 3322 creatoris
1190 3277 1264 3320 cum
1286 3254 1371 3319 forte
1395 3255 1549 3341 potencia
1571 3254 1698 3320 caelum

984 3360 1125 3426 Moverit
1147 3366 1181 3424 et
1203 3363 1308 3423 toturn
1331 3357 1416 3441 quod
1443 3357 1526 3442 tegit
1549 3355 1636 3422 orbis
1661 3357 1758 3436 idern,

902 3462 1046 3528 Pulvere
1070 3462 1111 3527 de
1134 3461 1235 3525 nimio
1259 3465 1466 3524 consumtum
1488 3459 1652 3524 vermibus
1675 3459 1753 3524 olim

986 3566 1172 3651 Consurget
1194 3586 1312 3652 corpus
1335 3585 1400 3628 non
1423 3563 1569 3650 peritura
1591 3584 1676 3628 caro.

904 3671 1106 3757 Supremum
1129 3669 1296 3753 vergentis
1320 3669 1383 3732 iter
1404 3687 1464 3753 per
1485 3667 1625 3752 plurima
1645 3665 1758 3731 mundi

987 3772 1070 3857 Igne
1093 3791 1290 3856 repercussa
1312 3770 1393 3834 haec
1417 3768 1505 3832 orbis
1529 3767 1637 3852 imago
1661 3767 1764 3832 cadet.

819 3901 822 3912 ·
863 3867 865 3870 ⁵
905 3875 962 3940 Sol
985 3873 1094 3939 radios
1118 3872 1273 3953 retrahet,
1297 3873 1424 3937 caelum
1445 3871 1595 3935 volvetur
1617 3873 1650 3935 in
1672 3871 1782 3951 imum,

983 3978 1078 4042 Luna
1100 3997 1159 4041 suo
1182 3976 1306 4062 pariter
1327 3975 1450 4039 lumine
1472 3973 1558 4039 forte
1581 3980 1670 4040 caret
1680 3977 1704 4040 ⁵.

903 4081 1083 4147 Vibrantes
1105 4079 1266 4144 tremulae
1289 4100 1409 4164 magno
1432 4079 1559 4163 fulgore
1582 4098 1737 4143 coruscae

991 4185 1075 4249 Tum
1097 4184 1208 4270 specio
1232 4184 1357 4248 stellae-
1371 4203 1436 4246 non
1458 4187 1618 4268 pereunte
1642 4188 1763 4260 carent,

901 4286 1168 4372 Multiplicesqne
1192 4286 1310 4350 cadent
1333 4285 1415 4349 caeli
1439 4285 1479 4348 do
1501 4286 1626 4350 vertice
1650 4304 1775 4350 summo

818 4413 844 4451 ro
987 4392 1142 4457 Turbinis
1164 4394 1296 4480 inpulsu
1319 4415 1392 4458 cnm
1414 4393 1499 4479 perit
1521 4413 1596 4457 arce
1618 4392 1695 4478 poli.

902 4495 975 4561 Non
998 4502 1115 4561 natura
1138 4497 1201 4561 sibi
1226 4496 1374 4576 mutabit,
1399 4495 1506 4576 credo,
1530 4516 1691 4574 recursus,

984 4600 1024 4663 In
1048 4601 1166 4665 melius
1190 4599 1249 4664 sed
1271 4605 1306 4664 et
1327 4598 1381 4662 hio
1404 4598 1492 4663 orbis
1515 4600 1623 4682 imago
1645 4597 1741 4662 redit.

641 4855 776 4909 binclitas
793 4861 887 4909 forinas
900 4858 932 4907 H
1031 4857 1180 4910 dinlicium
1190 4859 1223 4909 H
1300 4869 1386 4911 nostra
1397 4859 1434 4923 H,
1451 4877 1518 4910 corr.
1536 4867 1649 4910 monstra
1765 4857 1996 4922 9QuosutilisH
2077 4857 2209 4909 foslixH

539 4940 570 4991 11
588 4941 729 4993 animatH
815 4941 1033 4994 incubituram
1123 4943 1154 4994 15
1176 4946 1376 5011 Haecqu
1434 4944 1542 4996 termH
1636 4942 1668 4994 16
1692 4945 1754 4995 Sum
1777 4943 1907 4996 tamenH
1988 4938 2021 4991 l'd
2044 4943 2206 5007 mualancia

538 5042 625 5092 sparsa
643 5027 738 5093 pudore
751 5029 781 5078 Η
883 5026 916 5079 21
934 5029 1021 5080 bineat
1044 5031 1097 5082 tine
1123 5032 1233 5082 infausto
1251 5049 1302 5082 non
1321 5033 1409 5098 pesida
1434 5032 1466 5084 da
1484 5032 1570 5083 mcH
1668 5027 1703 5080 22
1721 5046 1799 5081 uorax
1812 5030 1846 5080 H
1910 5028 2003 5096 polluit
2019 5035 2080 5094 post
2098 5030 2159 5080 istis
2173 5030 2210 5080 H

539 5109 686 5164 racemum
699 5113 731 5162 H
801 5111 836 5164 25
844 5113 942 5179 gelidas
955 5114 988 5164 H
1052 5113 1087 5166 28
1105 5116 1248 5181 Hclisiique
1258 5116 1292 5166 H
1364 5114 1399 5168 29
1417 5119 1483 5168 forta
1494 5117 1528 5167 H
1609 5113 1644 5166 33
1661 5117 1829 5182 Supraemum
1842 5115 1874 5164 H
1946 5111 1981 5164 34
1998 5129 2161 5178 rapercausa
2174 5116 2211 5166 H

539 5195 573 5246 36
583 5198 687 5248 snosH
743 5194 777 5249 37
787 5215 900 5249 corusca
909 5199 942 5248 H
1005 5197 1142 5258 38stnltac
1152 5219 1203 5252 non
1213 5201 1246 5251 H
1312 5199 1347 5252 39
1356 5203 1388 5253 dc
1397 5201 1531 5254 ucraceH
1603 5197 1950 5267 tuconpcrirartcpoliufl
2014 5196 2052 5248 42
2064 5207 2092 5250 ct
2104 5200 2208 5252 addidi

643 5363 669 5431 1)
690 5363 732 5432 Of.
752 5381 840 5434 supra
855 5367 948 5434 abilii
964 5383 990 5421 o.
1015 5369 1073 5423 567.
1156 5372 1184 5436 2)
1207 5369 1253 5423 ΙΙ).
1272 5385 1296 5422 v.
1314 5369 1365 5423 517
1382 5385 1439 5438 sqq.
1520 5369 1548 5436 3)
1577 5369 1678 5424 Marta
1696 5371 1766 5434 6,‘20
1783 5369 1980 5424 Thesaurizate
1998 5373 2099 5425 autem
2120 5373 2207 5428 vobis

540 5465 683 5517 thesauros
701 5465 730 5518 in
750 5467 839 5530 caelo,
867 5467 916 5520 nbi
933 5485 1024 5537 neque
1043 5488 1146 5542 aerugo
1164 5489 1255 5541 neque
1274 5472 1353 5526 tinea
1371 5472 1528 5536 demolitur,
1548 5474 1577 5525 et
1594 5471 1643 5526 ubi
1661 5471 1734 5525 fures
1752 5489 1808 5527 non
1827 5471 1963 5527 effodiunt
1980 5488 2033 5526 nec
2052 5474 2206 5541 furentum

540 5565 608 5618 Luc.
628 5567 668 5621 12.
683 5566 724 5618 33.
801 5569 830 5636 4)
850 5568 899 5624 Oc.
919 5571 986 5624 Mel.
1005 5571 1070 5634 XV,
1089 5575 1139 5626 153
1156 5574 1267 5644 gelidae
1346 5575 1450 5629 mortis.
1521 5575 1549 5641 5)
1568 5574 1668 5628 Mattio.
1686 5573 1772 5638 24,29
1794 5574 1841 5628 Sol
1859 5572 2055 5628 obscurabitur
2078 5579 2111 5630 et
2134 5579 2209 5634 luna

541 5681 597 5716 non
615 5664 694 5719 dabit
712 5666 805 5720 lumen
822 5687 917 5760 suum,
936 5674 965 5725 et
983 5672 1080 5727 stellae
1093 5676 1194 5730 malent
1212 5677 1246 5729 dc
1264 5677 1340 5730 caelo
1353 5679 1383 5731 et
1391 5678 1510 5731 virtutes
1529 5677 1667 5732 carelorum
1680 5678 1937 5742 commovebuntur;
1955 5676 2025 5733 Lac.
2047 5681 2089 5736 13.
2102 5683 2206 5751 2425.
