4936 6406
624 409 673 465 AD
689 406 899 465 BALDONEM.
935 407 983 466 DE
1000 407 1303 468 ADNUNCIAOIONE
1321 407 1368 466 ΕΤ
1387 409 1623 468 ΝΑΤΝΙΤΑΤΕ.

768 583 886 666 Omne,
909 585 995 670 quod
1018 586 1090 671 ipse
1114 608 1172 650 suo
1197 586 1294 652 corde
1318 587 1475 669 recondit,

769 687 930 752 Omnibus
954 688 987 752 id
1008 691 1124 754 vitium
1148 712 1222 755 esse
1245 693 1382 756 volutat.

684 812 709 849 20
769 790 836 855 Sed
859 813 1064 878 quocumque
1087 792 1182 858 modo
1206 793 1288 858 haec
1310 800 1512 881 reputentur,

765 894 878 980 Diligo
900 902 945 978 te,
968 896 1081 978 frater,
1104 903 1137 960 te
1161 897 1234 962 colo
1257 897 1366 972 eorde,

767 999 815 1063 Te
838 1021 983 1065 memoro
1006 1002 1167 1082 recolens,
1191 1007 1289 1087 teque
1312 1000 1475 1082 recordor,

666 1093 667 1098 ¹
768 1102 929 1168 Sensibus
953 1111 986 1168 et
1009 1106 1158 1190 quamvis
1182 1106 1327 1191 corporis
1351 1106 1467 1186 absim,

766 1207 846 1272 Sum
868 1208 929 1272 tibi
951 1207 1084 1274 cottidie
1108 1215 1241 1295 pectore
1264 1231 1432 1295 praesens,

683 1335 708 1372 rs
765 1311 809 1376 Et
832 1313 859 1376 si
882 1313 1040 1398 possibile
1063 1313 1147 1377 forte
1171 1313 1299 1393 fuisset,

765 1415 889 1481 Tecum
913 1417 1075 1500 colloquio
1098 1423 1209 1481 uterer
1232 1425 1320 1503 apto,

763 1520 873 1606 Atque
896 1526 987 1584 tuam
1010 1521 1127 1585 faciem
1151 1542 1282 1608 semper
1303 1521 1474 1598 amandam

763 1624 848 1689 Visu
872 1645 1030 1710 corporeo
1054 1645 1153 1711 saepe
1176 1625 1333 1692 viderem.

765 1726 832 1792 Sed
856 1727 933 1792 dum
956 1749 1022 1792 non
1045 1730 1172 1793 valeam
1195 1729 1277 1794 haec
1299 1729 1447 1816 adipisci,

682 1855 707 1893 so
765 1830 817 1895 Ad
840 1838 874 1897 te
897 1833 1115 1897 transmittam
1139 1833 1246 1898 cordis
1270 1835 1420 1917 ocellum,

764 1936 829 2009 Qui
852 1943 884 2000 te
908 1937 1096 2023 prospiciat,
1120 1943 1218 2022 teque
1241 1945 1402 2020 notescet,

763 2039 918 2124 Porrigat
941 2045 1039 2123 atque
1062 2040 1122 2104 tibi
1144 2041 1264 2126 pignus
1287 2042 1418 2106 amoris.

765 2141 863 2207 Salve
887 2151 1047 2228 perpetuo
1069 2144 1222 2229 praesule
1247 2144 1378 2209 Christo

762 2245 806 2310 Et
828 2247 950 2311 virtute
973 2247 1027 2312 dci
1049 2249 1124 2313 vire
1146 2249 1296 2334 valeque.

865 2577 1380 2587 w

522 2949 946 3053 [BERNOWINI
985 2951 1318 3051 EPISOOPI
1358 2951 1716 3059 CARMINAd

1103 3166 1129 3233 Ι.

769 3290 955 3364 VERSUS
981 3291 1042 3362 DE
1069 3289 1471 3365 ADNUNCIACIONE.

657 3421 723 3487 Hic
746 3423 884 3488 Mariam
909 3425 997 3488 claro
1022 3421 1180 3488 Gabrihel
1204 3445 1353 3489 sermone
1378 3426 1523 3489 salutans

743 3525 897 3610 Inquid¹:
922 3528 1049 3591 ‘Amica
1071 3527 1135 3604 dei,
1159 3529 1251 3612 virgo
1274 3530 1427 3610 tonantis,
1451 3529 1536 3593 ave'!

658 3628 723 3692 Hic
746 3629 810 3694 fert
834 3651 911 3694 ecce
934 3629 1034 3694 deum
1056 3629 1222 3695 Christum
1244 3631 1432 3696 veneranda
1454 3631 1575 3707 Maris;

742 3731 865 3816 Ioseph
888 3732 921 3794 in
946 3731 1105 3815 obsequio
1127 3739 1240 3816 gratus
1263 3734 1393 3817 utrique
1417 3754 1538 3798 eomes.

588 3856 599 3894 s
657 3832 702 3897 Et
724 3834 848 3898 domini
871 3832 978 3899 reddit
1000 3839 1106 3898 meter
1128 3836 1299 3920 praecelsa
1320 3835 1466 3900 futurae

738 3937 804 4002 ‘Sic
827 3936 905 4001 mihi
929 3937 1006 4016 fiat',
1030 3937 1133 4018 aiens,
1157 3939 1267 4023 ‘pareo
1289 3958 1429 4023 namque
1452 3938 1581 4004 libens?

654 4039 823 4125 Propitius
845 4039 953 4120 nobis,
975 4039 1129 4125 petimus,
1152 4040 1217 4104 iam
1239 4061 1337 4127 parce
1360 4040 1551 4128 redemptis,

738 4143 803 4207 Pro
828 4143 945 4228 quibus
969 4165 1005 4208 es
1028 4144 1145 4224 factus,
1169 4166 1238 4226 rex,
1262 4145 1370 4224 homo,
1393 4146 1465 4211 iure
1488 4145 1578 4211 deus.

912 4373 1324 4380 Ἣ

1094 4631 1139 4695 Π.

921 4755 982 4828 DE
1009 4755 1315 4830 NATIVITATE.

656 4886 722 4951 Hic
745 4893 844 4952 notus
866 4910 985 4974 passus
1008 4911 1146 4975 surgens
1171 4890 1397 4976 scandensque
1421 4888 1609 4977 redemptor

659 4989 801 5055 Cardine
824 4992 983 5076 quadrato
1007 4995 1135 5076 colitur,
1159 5016 1222 5081 quo
1245 4995 1384 5059 vertitur
1406 4995 1505 5058 orbis.

652 5096 829 5162 Praedicat
853 5119 894 5162 en
916 5105 1028 5163 natum
1052 5120 1200 5180 occasus,
1223 5101 1333 5164 oriens
1356 5118 1487 5183 quoque
1509 5117 1655 5183 passum,

651 5199 776 5266 Auster
798 5209 998 5287 surgentem,
1022 5203 1203 5290 septentrio
1225 5203 1267 5268 ad
1290 5202 1406 5268 ethera
1426 5206 1567 5265 vectum.

359 5529 394 5599 ΙΙ]
429 5527 445 5580 6
463 5549 525 5598 μη
543 5533 678 5598 omniaque
694 5533 719 5583 P
821 5535 838 5588 8
856 5555 901 5588 rex
919 5553 977 5586 euro
990 5534 1015 5584 P

389 5717 414 5786 1)
433 5715 502 5769 nuc.
522 5714 600 5779 res.
669 5717 696 5784 a)
714 5717 751 5772 u.
770 5718 812 5772 ae.
