4666 6406
627 421 676 475 ID
694 420 868 476 CAROLUM
890 421 1021 474 REGUM.
1059 421 1286 475 EPlThPHIUM
1306 420 1494 474 HADRIANI.

593 595 736 680 Anceps,
760 595 928 674 attonitus,
953 596 1122 669 tremulus,
1145 595 1350 675 furibundus,
1373 595 1522 674 anhelus,

678 698 750 764 Stet
772 699 855 764 levis
878 719 966 778 eure,
989 720 1096 776 manu,
1120 697 1253 778 lumine,
1277 706 1399 780 mente,
1424 699 1518 785 pede.

593 802 637 866 Ut
659 802 760 868 celeri
782 808 872 866 motu
895 823 981 866 nunc
1003 801 1073 881 hos,
1098 822 1184 865 nunc
1209 801 1401 887 comprimet
1423 802 1496 867 illos
1511 805 1531 876 ¹,

677 905 771 970 Nunc
794 907 936 990 gemitus
961 910 1097 982 tantum,
1121 924 1206 968 nunc
1230 905 1300 970 Iera
1322 906 1425 970 verbs
1447 911 1549 971 sonet.

499 1029 537 1065 ιιι
595 1008 690 1074 Νιιιιο
713 1008 754 1072 ad
778 1010 946 1087 lectorem,
969 1028 1054 1072 nunc
1078 1027 1113 1072 se
1137 1014 1307 1072 convertat
1329 1007 1370 1072 ad
1393 1029 1506 1074 omnes

677 1111 858 1176 Adstentcs
882 1132 1047 1198 proceres,
1070 1111 1117 1174 nil
1140 1111 1265 1175 ratione
1290 1132 1419 1196 gerens.

594 1215 638 1280 hlt
660 1214 924 1303 reprehendendi
949 1213 1057 1304 studio
1080 1214 1168 1278 ferus
1193 1221 1324 1280 aestuet
1346 1215 1461 1296 hostis,

677 1319 738 1384 Uui
762 1319 805 1383 sit
826 1338 925 1405 posse
949 1319 1073 1403 procul,
1098 1318 1162 1381 iem
1186 1319 1262 1403 quis
1284 1319 1370 1384 velle
1394 1341 1496 1406 prope
1521 1326 1581 1385 cst.

594 1423 739 1487 Plurima
761 1423 817 1507 qui
841 1422 963 1498 didicit,
986 1421 1031 1485 nil
1055 1423 1166 1502 fixum,
1189 1423 1234 1486 nil
1258 1443 1387 1507 quoque
1413 1431 1549 1502 certum,

500 1550 539 1588 uso
682 1527 774 1601 Quae
797 1534 907 1592 tamen
930 1526 1070 1610 ignoret,
1095 1526 1204 1590 omnia
1223 1547 1321 1591 nosse
1344 1534 1449 1612 putet.

594 1632 668 1697 Non
690 1631 765 1697 ideo
789 1631 913 1711 didicit,
938 1631 1070 1717 sepiens
1093 1637 1130 1694 ut
1151 1631 1257 1716 possit
1279 1631 1405 1711 heberi,

677 1733 743 1798 Sed
767 1733 984 1799 contendendi
1006 1741 1042 1798 ut
1065 1741 1236 1821 promptus
1261 1734 1301 1798 ad
1325 1755 1416 1799 erma
1439 1733 1558 1800 foret2.

596 1838 701 1904 Multa
724 1837 789 1901 scis
814 1843 847 1902 et
870 1838 959 1900 nulle
981 1836 1080 1923 sapis,
1104 1839 1207 1923 plura,
1230 1839 1346 1916 inscie,
1369 1839 1467 1914 nosti,

681 1940 767 2015 Quid
791 1939 897 2005 dicam
922 1940 998 2005 inde
1021 1940 1149 2026 magis?
1180 1962 1244 2006 non
1274 1943 1362 2028 sepis
1386 1948 1483 2027 atque
1507 1944 1625 2030 sapis³·

500 2067 539 2104 res
597 2045 672 2108 Itcx
695 2065 754 2108 suo
776 2045 880 2108 fulcra
902 2051 1003 2131 petat,
1027 2043 1147 2109 hebeat
1171 2067 1232 2109 sus
1254 2045 1380 2110 mensio
1405 2067 1577 2132 quemque,

678 2147 751 2213 Rex
774 2147 859 2213 bene
882 2149 988 2213 laetus
1012 2153 1077 2228 eat,
1100 2148 1195 2234 plebs
1219 2149 1304 2214 bene
1327 2149 1416 2214 laets
1438 2157 1536 2216 meet.

595 2252 640 2316 At
662 2259 697 2316 tu
719 2271 819 2337 posce
841 2251 896 2337 pio
919 2250 1060 2315 reditum
1083 2271 1157 2315 mes
1178 2251 1288 2316 fistula
1310 2251 1391 2336 regi,

679 2352 724 2417 Et
747 2355 874 2419 cunctis
898 2355 1037 2434 veniam,
1061 2374 1143 2440 quos
1168 2355 1234 2421 ciet
1256 2355 1320 2421 iste
1342 2356 1444 2421 iocus.

597 2457 660 2531 Qui
684 2479 724 2521 ne
747 2478 844 2542 quem
867 2455 1022 2536 offendat,
1045 2457 1175 2543 placcat
1198 2457 1331 2523 dilectio
1356 2457 1489 2538 Christi,

502 2582 539 2621 no
682 2560 802 2624 Omnia
824 2581 907 2645 quae
931 2559 1074 2640 sulfert‘,
1099 2560 1151 2624 cui
1174 2562 1262 2626 bone
1284 2570 1401 2628 cuneta
1422 2564 1562 2649 placent.

595 2665 669 2729 Hac
692 2685 754 2750 ops
778 2664 832 2750 qui
856 2683 987 2743 vacuus,
1011 2663 1066 2747 qui
1090 2668 1180 2728 tanto
1205 2671 1256 2730 cst
1279 2687 1413 2731 munere
1438 2666 1554 2740 nudus,

681 2766 732 2832 Sit
753 2767 832 2832 licet
854 2765 1013 2846 infensus,
1037 2773 1087 2830 est
1110 2767 1190 2832 mihi
1213 2789 1291 2833 curs
1313 2769 1409 2834 levis.

597 2872 661 2946 Qui
684 2879 717 2937 te
741 2869 896 2936 mundani
919 2868 1013 2954 regni
1035 2890 1095 2934 rex
1118 2872 1238 2936 extulit
1261 2892 1346 2953 arce,

681 2975 833 3041 Praemia
855 2972 1008 3060 perpetui
1030 2971 1087 3038 det
1109 2975 1247 3040 meliore
1269 2976 1341 3041 tibi.

995 3417 1122 3482 XXVI.

594 3547 747 3621 SUPER
778 3544 1068 3619 SEPULCRUM
1093 3543 1332 3619 HADRIANI
1359 3546 1530 3620 PAPAE.

598 3680 711 3744 Aures
732 3679 903 3744 funereum
926 3677 1114 3764 complectit
1137 3676 1246 3742 littere
1268 3683 1431 3761 carmen⁵,

679 3782 792 3848 Verba
814 3789 907 3847 tonat
928 3782 1037 3846 sulvus
1061 3787 1095 3846 et
1117 3781 1292 3846 lacrimosa
1314 3783 1412 3847 color.

597 3886 753 3951 Promere
776 3906 859 3971 quoe
884 3884 1036 3950 Osrolum
1060 3884 1226 3971 compellit
1248 3906 1403 3972 amorque
1426 3886 1582 3973 dolorque

682 3989 736 4056 Me
759 3995 846 4070 tuus,
868 3987 1036 4054 Hadriane
1059 3988 1191 4075 praesul
1214 3995 1321 4054 amate
1343 3990 1451 4070 nimis,

532 4118 543 4154 s
599 4094 796 4160 Pontificum
820 4092 998 4179 specimen,
1020 4093 1080 4157 lux
1102 4092 1219 4179 plebis,
1242 4114 1357 4158 norme
1379 4095 1505 4174 salutis,

682 4196 742 4262 Vir
764 4197 829 4284 pie,
851 4196 902 4261 rir
924 4197 1066 4283 sapiens,
1089 4197 1139 4260 vir
1161 4196 1347 4278 venerande
1371 4198 1462 4263 sotis.

600 4300 710 4366 Mente
733 4301 853 4380 nitens,
875 4299 1044 4384 formaque
1067 4298 1197 4377 decens,
1221 4320 1385 4385 sensuque
1409 4300 1573 4380 renidens,

682 4405 811 4492 Inclyto
833 4427 944 4472 eruore
967 4407 1093 4493 vigens,
1117 4425 1239 4491 speque
1263 4405 1391 4490 fideque
1415 4406 1538 4470 cluens.

599 4509 649 4573 'Iu
672 4509 772 4575 decus
796 4509 968 4588 ecclesiae,
992 4509 1048 4573 fex
1071 4507 1249 4594 splendens
1272 4508 1364 4573 urbis
1388 4514 1422 4573 et
1445 4507 1543 4591 orbis,

518 4635 542 4672 m
684 4612 808 4693 Carior,
831 4613 976 4698 egregie,
999 4619 1035 4677 tu
1057 4613 1137 4677 mihi
1160 4613 1244 4693 luce,
1267 4617 1370 4698 pater.

598 4716 703 4790 Quem
727 4737 800 4780 cum
823 4715 894 4779 dire
915 4714 986 4780 dics
1009 4737 1076 4780 non
1099 4714 1286 4780 exhibitura
1310 4722 1502 4802 sequentem
1598 4747 1601 4756 ·

682 4817 812 4905 Eripuit
834 4819 927 4898 vivis,
949 4840 1004 4885 res
1027 4819 1197 4906 patuitque
1219 4819 1311 4899 mihi,

338 5079 522 5144 238100us8,
539 5082 611 5133 iocus
629 5098 687 5146 opp.
704 5097 761 5132 oar.

1487 4980 1547 4986 .---
1557 4979 1779 4986 -—..--..i....-..—-.

305 5167 410 5236 [XXVI]
428 5185 459 5220 es·
476 5168 534 5220 edic.
555 5166 689 5220 Sirmoodi
701 5184 731 5233 p.
751 5162 834 5218 1891.
854 5169 892 5218 Ill
909 5185 930 5218 c.
950 5170 974 5218 ll

340 5304 366 5370 1)
392 5301 433 5370 Cf.
456 5303 534 5371 Vesp.
556 5303 624 5357 Aen.
650 5305 729 5369 VIII,
742 5301 786 5356 20.

872 5301 899 5368 2)
924 5301 1016 5356 Sedul.
1040 5301 1128 5356 Com.
1150 5301 1248 5372 poscis.
1269 5306 1292 5370 Ι,
1307 5303 1359 5357 312
1383 5301 1424 5356 nil
1447 5301 1556 5355 trudere
1573 5299 1662 5364 docti,
1682 5299 1757 5368 lSed
1774 5303 1885 5354 tontum

237 5410 343 5462 certare
362 5406 425 5461 coti.
495 5407 522 5474 3)
539 5407 627 5461 Mart.
646 5407 701 5477 Ep.
728 5409 807 5471 VIII,
817 5405 860 5470 20,
876 5405 893 5459 2
911 5405 984 5460 Vere
1002 5406 1074 5460 nihil
1093 5406 1201 5461 recitem.
1237 5406 1301 5461 Non
1319 5406 1394 5476 sepis
1409 5409 1495 5474 utque
1512 5403 1595 5475 sapis.
1627 5397 1629 5400 ’
1663 5404 1692 5472 4)
1713 5405 1722 5457 l
1747 5405 1885 5468 Cor.13,l

237 5512 371 5579 (Ueritas)
390 5511 485 5565 onmia
502 5510 606 5565 suffert,
676 5512 703 5580 5)
722 5511 788 5564 Non
805 5511 915 5566 videtur
932 5514 1022 5564 tameo
1040 5510 1184 5565 Hadriani
1200 5510 1326 5580 sepulcro
1343 5511 1500 5580 impositum
1517 5508 1568 5563 lroc
1585 5523 1694 5562 carmen
1710 5506 1796 5576 (quod
1813 5523 1886 5562 cono

236 5614 287 5668 796
309 5614 419 5668 Ineunte
441 5613 611 5682 Iheodolfus
633 5613 796 5682 composuit)
816 5613 917 5682 fuisse,
940 5613 989 5669 sed
1006 5613 1121 5668 olterm
1139 5630 1173 5668 ec
1193 5611 1287 5667 Caroli
1304 5628 1411 5682 quoquc
1423 5626 1547 5683 persona
1562 5611 1694 5681 sosptem
1712 5609 1747 5664 ab
1759 5611 1886 5675 Alcus'no,

236 5715 310 5788 qood
326 5715 461 5785 hods'eqoe
472 5716 576 5772 Romae
593 5718 625 5770 s'n
642 5731 777 5771 mamere
794 5717 914 5780 incisrm
930 5717 1025 5774 cr'dm
1042 5723 1089 5774 est.
1105 5719 1143 5786 S,
1162 5717 1200 5786 cs.
1218 5732 1308 5790 supro
1322 5732 1352 5785 p.
1371 5716 1499 5782 101,113.

306 5815 411 5872 Porrus
423 5827 508 5874 urrist
519 5827 578 5866 suu
590 5814 715 5874 Οιιιοιιιιι
728 5815 747 5873 1.

1649 5809 1684 5866 62
