4756 6412
732 407 778 461 DE
797 405 954 461 IMAGINE
976 408 1128 461 TERRAE.
1165 408 1420 463 lrtuuuaulou.

992 694 1149 764 XLVIII.

609 835 690 900 Mox
712 841 822 900 tamen
844 835 996 900 imbelles
1019 836 1102 921 petit
1124 835 1199 901 inde
1222 837 1383 923 profectio
1406 845 1520 904 nostra

609 937 831 1018 Lemovices¹,
857 939 997 1024 populos
1022 960 1135 1003 omnes
1159 941 1282 1006 servire
1306 948 1447 1026 paratos.

608 1040 737 1106 Horum
761 1043 917 1128 opulenta
939 1041 1003 1105 fuit
1026 1040 1123 1106 nobis
1146 1042 1224 1107 urbs
1247 1043 1387 1130 hospita,
1408 1043 1513 1109 donec

608 1144 732 1208 Usibus
755 1144 906 1208 humanis
928 1146 1044 1210 novies
1068 1147 1118 1211 sol
1140 1153 1228 1211 astra
1249 1146 1387 1232 fugaret,

609 1246 827 1333 Auredusquc
852 1249 1039 1333 expectanti
1063 1269 1099 1312 sc
1122 1249 1273 1333 iungeret
1295 1250 1378 1314 alae.

606 1348 679 1413 Illic
702 1348 868 1429 abbatum,
891 1349 971 1415 cleri
994 1371 1054 1415 seu
1077 1357 1188 1416 cetera
1210 1353 1306 1417 turba

605 1451 674 1517 Nos
696 1451 782 1517 bene
805 1451 933 1517 deliciis
957 1454 1072 1519 crebra
1092 1454 1239 1519 bonitate
1263 1455 1389 1537 refecit,

607 1555 690 1619 Cum
712 1557 814 1620 multo
838 1557 872 1620 in
894 1564 1024 1622 nostros
1047 1558 1163 1645 plebes
1186 1558 1370 1623 madefacta
1392 1558 1521 1644 Lyaeo²

609 1657 725 1738 Inruit,
750 1669 784 1723 ct
807 1659 910 1722 nostri
934 1682 1007 1725 sese
1030 1660 1207 1727 defendere
1231 1668 1367 1726 certant.

605 1761 730 1847 Impius
753 1762 920 1846 antiquam
943 1763 1070 1847 gladius
1098 1771 1305 1829 consumeret
1327 1765 1453 1846 urbem,

604 1865 659 1930 Ile
682 1866 871 1947 miserum³,
894 1873 927 1932 et
949 1868 1044 1932 nobis
1067 1875 1163 1932 atrox
1185 1870 1309 1933 iactura
1331 1869 1468 1948 veniret,

605 1967 649 2031 Ni
672 1968 759 2033 foret
780 1967 949 2054 Ephraim,
975 1991 1033 2034 scu
1055 1969 1184 2036 blancio
1207 1970 1381 2057 presbyter
1403 1972 1476 2052 iret,

502 2156 506 2162 .
605 2069 678 2143 Quo
701 2071 898 2157 prohibente
921 2073 1012 2138 furor
1034 2075 1176 2139 cessavit
1198 2075 1312 2139 mortis
1335 2075 1509 2160 utrimque.

609 2172 820 2259 sagmatibus
844 2175 978 2240 tandem
1000 2177 1052 2241 his
1076 2198 1160 2263 quae
1182 2180 1328 2264 postulat
1350 2202 1428 2245 usus
1452 2182 1588 2264 onustis,

608 2277 677 2342 Nos
700 2277 777 2342 hinc
798 2277 967 2363 digressos
991 2280 1086 2365 cepit,
1100 2279 1304 2345 Petricordia
1326 2283 1452 2349 tellus⁴.

606 2379 687 2445 Inde
710 2387 783 2444 tuas
807 2382 926 2446 refluas
948 2384 1101 2469 petImus,
1124 2382 1320 2464 Dordonia⁵,
1342 2387 1441 2472 ripas,

605 2484 674 2548 vix
696 2484 752 2549 ubi
776 2483 916 2550 deflexis
940 2485 1095 2550 elementi
1117 2487 1204 2551 mole
1227 2488 1368 2568 fluentis,

605 2587 771 2652 Ulteriora
793 2588 879 2652 iubis
902 2595 1078 2675 patuerunt
1100 2590 1212 2654 littora
1233 2592 1360 2676 equinis
1371 2593 1393 2656 ⁸.

607 2691 696 2765 Quos
720 2699 771 2757 ter
793 2693 956 2758 flumineis
980 2695 1106 2758 celeres
1129 2694 1302 2760 iniecimus
1325 2695 1431 2777 undis,

524 2819 531 2837 ·’
607 2796 753 2862 Vocibus
776 2798 948 2878 instantes,
970 2798 1116 2885 lapidum
1140 2820 1199 2864 scu
1221 2799 1361 2864 iactibus
1385 2800 1476 2886 ipsis,

605 2901 672 2965 Ter
692 2907 804 2966 tamen
827 2901 987 2967 invalidos
1010 2903 1134 2966 fluviali
1156 2901 1301 2988 pondere
1324 2903 1439 2983 iactos,

605 3005 671 3070 Per
692 3003 785 3084 vada,
809 3026 869 3091 per
891 3027 1001 3090 rupes,
1024 3027 1084 3092 per
1108 3006 1221 3084 saltus,
1245 3027 1369 3091 perque
1393 3027 1561 3087 cavernas,

608 3107 757 3173 Sollicita
779 3109 905 3174 invenit
929 3117 1143 3194 quaerentum
1166 3110 1262 3174 turba
1285 3116 1473 3177 trementes.

565 3290 569 3300 Ι
604 3211 676 3276 Hos
700 3211 864 3298 trepidare
888 3233 962 3277 reor
986 3221 1168 3278 monstrum
1191 3212 1392 3295 miserabile,
1416 3214 1508 3277 littus

527 3340 552 3374 κν,
608 3315 749 3380 Fecerat
771 3316 921 3396 ulterius,
949 3321 1118 3401 terrasque
1142 3337 1264 3401 pavere
1288 3317 1445 3381 iacentes.

605 3418 733 3482 Pallida
755 3438 896 3502 namque
919 3417 1023 3482 fames
1047 3407 1251 3483 nummorum
1274 3419 1357 3484 forte
1381 3418 1576 3501 redundans,

606 3521 708 3601 Quae,
732 3520 912 3606 Populana,
937 3527 1010 3585 tuas
1033 3521 1194 3602 vastabat,
1218 3521 1337 3604 Gallia,
1361 3529 1477 3587 terras.

581 3624 697 3689 ·Haco
720 3631 804 3710 post,
828 3623 1009 3708 undivagos
1034 3625 1159 3710 cymbis
1183 3626 1371 3690 traiecimus
1394 3646 1518 3706 amnes,

605 3726 808 3813 Cornipedes
830 3725 904 3790 udis
927 3727 1088 3792 trahimus
1112 3728 1274 3794 nectendo
1298 3729 1460 3816 capistris,

522 3855 548 3892 aa
607 3831 713 3896 Obvia
736 3851 811 3895 sese
834 3830 921 3894 ultro
944 3831 1066 3896 nostris
1090 3831 1301 3919 adspectibus
1325 3832 1430 3896 offert.

1004 4223 1127 4290 XLIX.

685 4367 734 4440 IN
760 4366 1012 4442 SEPULCRO
1040 4366 1451 4488 SANCTIQNAZARH.

604 4518 731 4602 Martyr
752 4539 901 4600 amoene,
925 4524 999 4582 tuos
1026 4517 1095 4582 hic⁷
1119 4517 1270 4582 Christus
1293 4517 1439 4582 condidit
1460 4525 1561 4601 artus,

688 4625 732 4691 Et
754 4633 812 4692 tua
833 4648 927 4693 mens
951 4627 1056 4692 centri
1079 4625 1206 4691 scandit
1227 4625 1268 4690 ad
1292 4627 1358 4690 alta
1381 4627 1505 4691 volans.

310 4850 438 4919 [XLVIII]
457 4869 487 4903 ac
504 4851 563 4903 edit.
582 4851 716 4902 Simcadi
728 4869 758 4918 p.
776 4848 828 4902 201
847 4853 863 4904 l.
884 4854 921 4902 III
939 4870 960 4904 c.
979 4855 1030 4904 XII
1065 4854 1227 4906 Itinerarinm
1330 4849 1347 4902 5
1366 4853 1527 4920 Aradiusquo
1546 4870 1611 4904 corr.
1632 4852 1739 4907 Isierset

311 4937 417 5006 [XLIX]
436 4938 543 4990 caedit.
562 4937 737 5002 Sirraoadip.
757 4935 842 4988 1781.
861 4939 967 4989 11ax
1053 4979 1054 4982 ,

344 5077 370 5141 1)
390 5073 527 5142 Limoyea.
545 5071 660 5128 Lieract
680 5073 722 5143 (p.
741 5073 774 5126 75
792 5089 820 5126 a.
839 5074 864 5140 1)
883 5089 944 5128 cum
960 5075 991 5128 ia
1008 5075 1059 5129 boc
1076 5074 1196 5128 carmine
1214 5071 1248 5126 de
1269 5071 1362 5127 tarbis
1381 5072 1568 5141 popularitas
1590 5075 1638 5130 lite
1655 5076 1727 5132 iuter
1743 5077 1893 5131 Alcutaam

239 5181 264 5233 et
280 5175 463 5244 Theodulsum
477 5177 717 5231 excaecatam
729 5181 775 5246 apt
789 5177 909 5246 coniicit,
922 5177 990 5231 miti
1002 5177 1032 5231 id
1048 5177 1157 5232 menime
1166 5176 1320 5247 permansit.
1390 5176 1418 5244 2)
1439 5176 1487 5232 Ου.
1505 5177 1567 5233 Art.
1585 5180 1644 5232 Aac
1664 5182 1723 5247 111,
1735 5180 1785 5234 too
1802 5179 1892 5234 multo

239 5282 396 5337 madefacta
406 5279 505 5349 Lyaeo.
568 5280 594 5346 3)
606 5279 672 5334 Met.
691 5279 717 5347 I,
735 5281 795 5348 651,
813 5279 872 5334 653.
943 5281 971 5348 4)
991 5281 1160 5353 Ptriyucua.
1230 5281 1257 5347 5)
1276 5277 1436 5347 Dordoyae.
1505 5281 1533 5349 6)
1552 5280 1618 5334 Met.
1637 5281 1711 5346 XII,
1730 5282 1765 5338 88
1783 5282 1892 5352 equinis

241 5427 266 5441 ..
285 5385 366 5439 iubis.
437 5385 464 5453 7)
483 5384 521 5437 Ia
541 5383 774 5440 Louresbomeasc'
793 5402 887 5455 occupa
903 5384 1080 5452 macomeria,
1094 5383 1167 5454 qaod
1177 5383 1205 5438 S.
1215 5381 1338 5436 Neratii
1355 5381 1454 5435 exiam
1475 5398 1569 5437 nomm
1592 5385 1724 5454 obtittutt,
1750 5386 1787 5455 cs.
1807 5387 1893 5442 Pauli

241 5491 326 5544 Gesta
345 5505 405 5558 epp.
423 5487 550 5542 Metteaa.
569 5489 635 5556 (SS.
655 5489 696 5556 II,
708 5489 770 5557 268)
790 5489 976 5559 Martyrolop.
987 5488 1120 5543 Hrabaai
1130 5490 1167 5541 II
1181 5485 1225 5542 Id.
1245 5489 1308 5539 Iao.
1326 5484 1448 5552 (Gaaisii
1460 5485 1533 5541 Lect.
1551 5495 1608 5543 aut.
1628 5491 1673 5556 VI,
1686 5489 1746 5558 718)
1759 5489 1892 5546 Sanctum

240 5609 352 5661 quoquc
364 5591 514 5645 Nazarium
531 5592 684 5657 (collocavit
698 5593 901 5662 Hruotpaapaa
918 5593 1072 5663 episcopus)
1090 5593 1120 5645 in
1136 5585 1313 5652 monasterio,
1332 5589 1406 5658 quod
1425 5589 1528 5644 dicitur
1547 5590 1727 5660 Lauresham,
1745 5593 1792 5649 nbi
1811 5595 1892 5666 signa

241 5699 269 5748 ot
286 5695 420 5749 miracula
438 5696 468 5748 in
487 5695 608 5748 sanitcrte
627 5695 797 5770 intirmorum
817 5699 845 5750 ct
863 5696 998 5750 debilium
1017 5696 1126 5767 saepius
1145 5697 1224 5752 fiunt.
1652 5675 1656 5682 Ι
