4530 6436
933 485 1160 542 PROOEMIUM.
1825 486 1866 549 29

211 662 331 744 prande¹
361 667 389 728 et
417 663 619 741 laboriosum,
651 662 789 742 conticit.
844 660 932 743 Quod
960 665 1062 724 tonan
1088 661 1233 725 Francia
1263 660 1372 724 relicta
1398 660 1548 726 Casinum
1578 679 1719 724 reuersus
1746 661 1867 726 mussan

213 767 381 831 absolvisse
404 768 469 831 nori
491 768 628 832 similius
649 767 802 830 uidetur¹.

325 903 403 970 Cum
422 904 554 970 Carolus
569 926 637 969 carru
659 905 738 969 uiris
753 905 896 980 literatis,
920 904 975 984 qni
992 904 1025 966 in
1034 904 1160 984 palatio
1175 903 1447 981 cmicersaimnlur,
1463 904 1601 984 epistolis
1617 905 1868 987 carminibusque

213 1008 322 1072 iocosis
354 1007 452 1088 lepide
481 1010 635 1074 cauillans
664 1009 755 1073 araldo
787 1008 1025 1083 delectaretur&
1058 1008 1116 1070 liae
1148 1008 1366 1072 conseretndino
1394 1008 1488 1072 etiam
1519 1029 1593 1090 erpa
1622 1008 1759 1073 Paulum
1791 1027 1868 1072 erasus

215 1111 343 1176 inuicem
366 1131 515 1192 respousa
533 1113 654 1192 poetica
676 1113 715 1174 ao
738 1131 771 1175 eo
794 1111 875 1174 ttulit.
923 1111 984 1192 Qud
1005 1111 1132 1190 [cubadus
1154 1131 1272 1191 quoque
1296 1111 1415 1175 lusilrus
1437 1115 1537 1192 aptes,
1559 1132 1639 1193 quac
1660 1113 1696 1176 in
1716 1113 1802 1194 vulp
1816 1133 1867 1176 ore

214 1219 319 1292 erant,
349 1216 506 1280 interdum
532 1217 671 1280 uersibus
694 1215 826 1279 tradidit
837 1215 858 1277 ³.
903 1214 957 1277 Ad
971 1217 1116 1293 procurata
1142 1214 1199 1277 illu
1221 1214 1380 1277 condenda
1400 1236 1458 1277 roc
1479 1215 1557 1294 ipsc,
1587 1235 1710 1296 poeseos
1732 1216 1868 1279 Latinae

216 1337 280 1381 non
303 1319 349 1381 ita
370 1338 499 1400 quarere,
523 1319 613 1383 Petri
628 1317 775 1394 Itinomri,
799 1318 883 1380 souis
906 1316 1074 1390 reuerendi,
1097 1338 1183 1396 opreru
1198 1315 1349 1393 adtribuit,
1372 1317 1436 1397 qai,
1457 1319 1584 1383 rratimro
1601 1317 1750 1395 Pisaurus,
1765 1337 1868 1401 pranc-

213 1422 344 1486 erraticen
367 1422 431 1484 ium
453 1426 546 1486 antea
570 1423 604 1484 in
626 1421 703 1484 arelo
725 1421 860 1496 (aratu,
883 1421 937 1484 ald
949 1421 1178 1502 Anqillerturn,
1205 1421 1312 1486 Coreli
1332 1422 1536 1502 familiarem,
1559 1423 1595 1485 in
1617 1423 1684 1486 eius
1695 1421 1868 1502 disciplina

212 1524 311 1604 tuisse
333 1524 447 1588 seinaim
460 1527 482 1587 ⁵.
527 1524 614 1588 Idem
630 1524 803 1604 aliquando
813 1525 1002 1604 priusquam
1018 1523 1061 1586 ad
1075 1523 1273 1588 Francorum
1296 1544 1397 1606 repom
1419 1525 1510 1602 uniit,
1536 1525 1640 1588 Ticini
1658 1523 1868 1605 disputatione

215 1649 284 1692 cnm
297 1627 391 1691 Lullo
405 1626 524 1691 ,Iudaeo
539 1631 567 1692 ot
583 1626 690 1690 tradito
712 1631 740 1689 ci
763 1628 863 1691 literis
884 1628 1066 1704 nroridata⁶,
1088 1632 1185 1690 artem
1207 1629 1443 1708 qranrnratiarm
1459 1649 1585 1709 quoque,
1612 1628 1724 1694 Carolo
1734 1628 1868 1707 smtosse

214 1731 345 1806 iubente,
368 1730 516 1808 scriptam
538 1729 696 1810 roliqaiffl.
745 1730 842 1795 Ore-ius
865 1730 1007 1794 rarruina
1029 1730 1186 1794 rrorrnulla
1203 1734 1330 1809 propior
1351 1731 1624 1808 neccessitudinem,
1648 1749 1728 1811 quae
1749 1730 1778 1793 ei
1799 1749 1868 1793 cam

214 1833 318 1896 Poido
345 1836 450 1896 nosiro
480 1827 666 1910 intercessit,
699 1837 734 1896 ut
760 1853 828 1896 cum
854 1834 1047 1897 carudnilnrs
1068 1833 1163 1896 lirinus
1185 1835 1373 1897 coniunctim
1394 1834 1564 1908 ederemus,
1594 1833 1745 1914 quueitum
1769 1831 1866 1911 fastu.

216 1936 300 1999 ⁴‘Inte
321 1955 442 1998 cenicum
468 1939 528 2000 799
553 1935 675 2015 Petrus,
691 1940 857 2016 postquam
880 1937 912 1998 in
935 1937 1074 2015 patrium
1097 1936 1243 2015 redierat,
1267 1939 1345 2000 corte
1367 1942 1492 2002 rnorteru
1515 1937 1624 2001 oetier.

322 2072 397 2136 Non
419 2073 519 2136 solum
541 2095 609 2137 cerm
632 2095 699 2156 repe
722 2075 874 2154 Potroquc
897 2073 1017 2136 Pisano
1040 2072 1143 2136 Paulo
1164 2073 1304 2137 ‹curicitia
1324 2075 1397 2153 snit,
1419 2074 1481 2150 scd,
1504 2074 1578 2138 dum
1599 2075 1635 2137 iu
1658 2075 1757 2138 uariis
1779 2074 1868 2156 requi

214 2175 413 2239 Iraiucorum
441 2177 619 2258 reqionilms
647 2181 803 2253 moratur,
834 2177 927 2238 etiarn
956 2177 990 2238 in
1015 2176 1268 2256 familiaritatem
1295 2176 1431 2240 aliorum
1458 2177 1597 2241 uirorum
1624 2177 1776 2260 diqnitate
1799 2197 1868 2240 cou-

213 2279 391 2358 spieuorum
422 2285 572 2360 receptae,
605 2281 677 2343 item
704 2280 846 2360 precibus
876 2279 1003 2343 illorum
1029 2284 1192 2343 commotus
1222 2283 1279 2357 est,
1312 2284 1347 2342 ut
1377 2279 1473 2344 libros
1494 2280 1696 2360 carminaque
1718 2278 1868 2343 conderet.

217 2383 430 2464 Arrqilramno
454 2385 551 2466 iqitur
565 2383 792 2463 arclriopiseopo
806 2381 957 2445 Mettensi
973 2385 1096 2461 petente
1109 2382 1144 2458 ¹⁰,
1168 2383 1222 2462 (μιν
1244 2387 1271 2445 ot
1294 2382 1359 2462 ipse
1381 2403 1448 2446 cunr
1461 2382 1737 2446 Potroarnioitiam
1752 2381 1869 2456 holuit,

218 2487 314 2550 Gesta
343 2488 553 2567 episcoporum
581 2486 785 2550 Mettensium
820 2484 1000 2564 descripsit,
1037 2485 1149 2564 quibus
1181 2485 1280 2567 oloqia
1309 2487 1453 2566 familiae
1486 2485 1567 2566 repis
1595 2506 1615 2547 a
1642 2504 1674 2549 sc
1703 2484 1869 2564 eonrposita

215 2587 356 2665 inscruit,
379 2589 543 2670 eademqne
565 2593 650 2671 qesta
673 2589 849 2652 breuissime
871 2587 1010 2650 versibus
1033 2587 1293 2668 quoquelroroicis
1306 2589 1552 2653 adumbravitss.
1597 2587 1784 2653 Adalliardo
1799 2609 1869 2652 ocro

214 2691 322 2754 abbate
355 2691 545 2768 Oorbeieusi,
580 2691 687 2756 Caroli
716 2689 911 2765 consobrino,
942 2687 1135 2773 afslapitantc
1160 2691 1306 2772 Greqorii
1329 2692 1470 2772 Ipapao
1491 2692 1638 2772 epistolas
1660 2691 1871 2755 cruendandas

214 2794 356 2873 suscepit,
379 2795 433 2858 sed
453 2795 557 2858 ruorlm
579 2793 745 2874 ismaelitas
767 2814 805 2855 en
821 2796 916 2872 parte
939 2795 1060 2870 tantiam
1084 2813 1160 2876 opus
1177 2794 1308 2874 perfecit
1321 2795 1358 2860 ¹².
1404 2793 1530 2859 Laudes
1551 2795 1683 2876 deniqne
1697 2795 1870 2860 Fortunati

1234 2997 1296 3000 -—
1307 2997 1322 3002 -,
1335 2997 1366 3000 --
1380 2997 1764 3004 —..-.-...-.-----...-—-----...

320 3139 345 3198 1)
376 3138 419 3204 Gt'.
448 3153 517 3205 quae
542 3136 627 3190 Dalm
651 3147 658 3204 r
665 3155 693 3206 p.
715 3139 845 3198 sit-54)
876 3139 908 3192 de
940 3140 990 3190 troc
1021 3137 1093 3191 libro
1119 3144 1191 3192 recte
1214 3139 1351 3206 esposuit.
1399 3139 1490 3193 Aliam
1514 3157 1577 3194 uero
1601 3139 1755 3208 opinionem
1778 3145 1870 3193 tuetur

217 3241 320 3306 Sickcl,
345 3245 413 3296 Acta
437 3259 512 3311 rcqq.
536 3242 695 3296 Karolinor·.
722 3244 764 3306 ΙΙ,
784 3245 843 3297 257.
938 3245 965 3304 ‘ti
991 3243 1033 3310 Cf.
1060 3243 1201 3312 Ilieodulfi
1223 3246 1348 3298 carmina
1369 3245 1386 3298 l.
1405 3243 1463 3297 III
1478 3261 1501 3298 u.
1522 3244 1570 3298 137
1590 3261 1648 3312 sqq.
1668 3243 1720 3310 (ed.
1741 3242 1870 3297 Sirruond

215 3365 241 3416 p.
263 3349 334 3409 lssirt:
578 3347 613 3399 Et.
632 3348 712 3401 modo
731 3347 983 3410 eitsncilis,1no‹lo
1003 3365 1118 3415 scrupea
1137 3348 1263 3415 quaestio
1282 3348 1382 3406 Flacci.

647 3436 728 3489 Nunc
746 3436 916 3488 mundanam
935 3437 1031 3496 artem,
1051 3453 1124 3488 nunc
1143 3436 1270 3489 redibens
1289 3453 1425 3505 suppram.

577 3519 688 3574 Solvere
706 3521 740 3574 de
759 3521 854 3574 multis
873 3537 920 3574 rex
939 3521 998 3589 ipse
1017 3521 1175 3574 volentibus
1193 3540 1265 3574 unus

646 3606 697 3670 Sit,
716 3606 786 3660 bene
804 3607 854 3675 qui
873 3606 960 3675 possit
977 3605 1082 3659 solvere
1102 3606 1265 3661 Flaccidicu.

180 3713 181 3716 ’
215 3709 242 3766 3)
271 3710 337 3762 Cum
366 3709 581 3777 Muellcnlroft'io
612 3711 790 3778 (Zeitsclrril't
822 3712 872 3778 fiir
902 3710 1053 3763 Dcutsclrcs
1077 3711 1192 3763 Altertlr.
1219 3710 1343 3773 XVIII,
1361 3710 1393 3774 3)
1423 3708 1457 3762 de
1484 3708 1574 3762 Paulo
1605 3708 1724 3776 subulae
1757 3714 1869 3762 tractore

213 3811 295 3878 ptam¹
313 3813 463 3876 consa-aio,
491 3813 576 3866 donec
596 3799 682 3866 Datin
705 3812 827 3879 sortasse
852 3812 922 3865 trane
950 3811 1105 3880 opinionem
1125 3812 1244 3874 refellat.
1336 3813 1364 3879 4)
1390 3812 1525 3866 Alcuinus
1549 3813 1631 3880 (Opp.
1651 3811 1692 3865 cd.
1712 3811 1869 3866 I'robenius

216 3916 259 3979 11,
276 3916 339 3974 449)
358 3918 388 3970 iu
406 3918 525 3971 carmine
544 3935 568 3971 a.
588 3933 609 3970 c.
629 3917 680 3969 789
698 3917 778 3981 edito,
797 3918 826 3970 in
845 3932 899 3985 quo
917 3917 949 3970 de
968 3917 1035 3970 aula
1052 3917 1131 3986 repia
1149 3919 1218 3987 aqit,
1238 3917 1318 3971 Petri
1335 3917 1443 3986 quidem
1461 3921 1486 3971 et
1505 3916 1626 3978 Paulini,
1645 3915 1766 3970 sednon
1784 3915 1870 3968 Pauli

215 4021 348 4081 rueminit;
379 4021 512 4075 E'innarti
527 4021 590 4074 Vita
602 4021 664 4074 Car.
676 4019 715 4074 M.
726 4036 747 4073 c.
758 4021 802 4074 25:
835 4021 867 4073 In
885 4020 1016 4074 discendo
1034 4020 1217 4090 gnsmmaiicu
1228 4022 1340 4074 Petrum
1350 4021 1483 4074 Pisanum
1502 4020 1646 4075 diaconem
1657 4035 1750 4072 senem
1760 4017 1870 4072 audivit

218 4127 265 4186 (se.
286 4125 429 4192 Carolus),
454 4126 567 4179 Alcuini
590 4125 670 4194 epist.
689 4142 715 4178 a.
734 4125 784 4178 799
801 4126 907 4193 scripta
928 4124 1016 4192 (Mon.
1035 4125 1146 4178 Alcuin.
1168 4125 1209 4178 ed.
1228 4125 1301 4194 Iafft
1322 4143 1350 4195 p.
1370 4126 1445 4192 458):
1469 4125 1545 4178 Idem
1563 4123 1661 4176 Petrus
1683 4121 1749 4185 fuis,
1772 4121 1869 4190 quiin

216 4228 321 4294 palatio
336 4230 428 4281 vestro
447 4227 658 4298 granunsticam
677 4229 777 4282 docens
796 4229 905 4283 claudi.
976 4231 1003 4296 5)
1018 4229 1183 4298 Alcuinicp.
1199 4230 1258 4284 l.l..·
1286 4229 1389 4284 Forsan
1402 4228 1517 4282 Omerus
1535 4229 1626 4280 vester
1643 4224 1751 4294 aliquid
1770 4224 1869 4278 exinde

217 4330 324 4385 audivit
348 4349 365 4384 u
390 4330 525 4400 magistro
544 4331 701 4400 paredicio,
723 4333 760 4400 cs.
778 4348 887 4396 uersus,
907 4349 975 4402 quos
995 4333 1174 4404 Anqillertus
1193 4333 1268 4388 dulci
1286 4333 1423 4400 doctoque
1442 4331 1575 4401 magistro
1594 4330 1682 4393 misit,
1701 4343 1822 4398 quosque
1840 4333 1870 4380 ut

217 4432 294 4501 infru
317 4434 429 4488 cdcnma
444 4435 560 4502 placuit.
630 4437 658 4492 6)
677 4435 791 4488 Alcuini
808 4437 884 4504 epist.
904 4436 963 4489 l.l..·
985 4436 1057 4489 Dum
1076 4453 1127 4505 ego
1146 4437 1306 4490 adolescens
1324 4437 1440 4492 Romam
1460 4433 1567 4505 perrexi
1586 4436 1615 4487 ei
1632 4433 1792 4501 aliquantos
1810 4431 1869 4484 dies

217 4533 245 4588 in
266 4537 352 4606 Papia
371 4537 460 4606 reguli
480 4538 595 4592 civitate
615 4540 779 4600 densorurcr,
798 4541 913 4608 quidum
932 4542 1050 4595 lmlucus
1069 4542 1166 4596 bullus
1183 4542 1295 4596 nomine
1315 4560 1376 4595 cum
1396 4542 1479 4594 Petro
1501 4538 1635 4608 magistro
1653 4537 1753 4591 habuit
1775 4536 1869 4604 ‹limm-

218 4640 351 4695 tationcin
375 4648 423 4696 etc.
507 4643 533 4700 7)
553 4643 668 4714 Haprn,
691 4644 833 4698 Arrrcdota
852 4645 956 4699 Helori.
977 4663 1006 4713 p.
1025 4646 1173 4708 159-171,
1198 4646 1289 4698 XXX
1296 4645 1357 4698 VII
1359 4644 1476 4698 -XLI
1495 4644 1532 4711 cs.
1550 4642 1678 4711 inprimis
1701 4658 1726 4695 o.
1744 4643 1772 4695 ⁶2:
1810 4641 1868 4694 Iam

217 4741 313 4796 Petrus
341 4744 445 4798 domini
474 4744 541 4799 fecit
562 4763 655 4798 aurore
677 4744 728 4798 sui.
825 4747 852 4806 8)
871 4747 1055 4815 Epitaphium
1075 4747 1232 4814 mattarii,
1260 4747 1422 4802 illudowici
1443 4746 1487 4815 pii
1509 4745 1611 4817 pemini
1631 4745 1746 4812 fratris,
1773 4761 1799 4797 a.
1818 4744 1868 4797 78))

217 4846 353 4918 (letandi,
375 4865 448 4902 nune
470 4867 488 4902 a
506 4850 590 4904 Petro
606 4849 700 4918 potius
722 4865 804 4918 quam
823 4868 842 4903 a
859 4851 951 4904 Paulo
973 4849 1111 4904 conditum
1130 4867 1186 4906 esse
1204 4850 1367 4919 censuerim,
1394 4851 1460 4918 quia
1478 4866 1565 4918 neque
1582 4853 1710 4916 tempore,
1730 4863 1783 4918 quo
1797 4864 1869 4916 puer

216 4950 261 5007 ille
280 4951 359 5014 obiit,
378 4953 487 5007 Pardus
506 4954 561 5007 iam
580 4954 609 5006 in
628 4954 752 5007 Francia
774 4934 1005 5023 percqrinalratur
1021 4971 1108 5022 neque
1126 4955 1155 5007 in
1175 4953 1269 5009 Gestis
1293 4952 1483 5021 episcoporum
1502 4947 1677 5005 Mettensium
1695 4950 1769 5005 tituli
1785 4952 1868 5006 huius

218 5057 298 5110 ullam
324 5057 482 5110 rrrartioucm
507 5056 586 5124 facit.
678 5057 705 5114 9)
731 5057 792 5110 Hoc
819 5075 852 5112 cu
875 5057 987 5111 Alcuini
1010 5056 1127 5124 epistola
1149 5056 1255 5109 Martio
1278 5071 1366 5108 rnensc
1389 5055 1456 5109 unni
1477 5055 1527 5108 799
1555 5053 1660 5123 scripta
1683 5055 1860 5123 curaequitur

218 5161 328 5214 Petrum
342 5161 468 5214 initalia
484 5160 620 5229 drqrntcm
635 5160 751 5214 Carolus
769 5163 848 5215 suriel
860 5167 943 5231 atque
955 5161 1053 5215 iterum
1065 5160 1190 5214 various
1202 5159 1341 5214 salutavit.
1414 5159 1456 5224 10)
1477 5158 1594 5212 Carolus
1611 5176 1629 5211 a
1642 5157 1705 5212 sede
1716 5160 1868 5226 apostolica

217 5263 352 5318 licentiam
369 5263 478 5326 ualidi,
503 5266 534 5315 ut
553 5263 765 5333 Angilramnunr
784 5264 1022 5333 archiepiscopum
1045 5263 1074 5315 in
1102 5279 1151 5316 suo
1178 5261 1283 5330 palatio
1312 5260 1422 5314 assidue
1449 5261 1564 5314 haberet
1590 5263 1703 5330 propter
1729 5260 1867 5315 utiliurtes

218 5366 417 5421 ecclesiasticas
440 5365 576 5434 (Capitul.
599 5368 781 5435 Franeofurt.
805 5383 827 5421 c.
853 5369 894 5432 55,
913 5367 974 5421 LL.
993 5367 1023 5430 1,
1050 5367 1102 5432 75).
1197 5366 1240 5430 11)
1259 5365 1412 5418 Βειὴνηαπνι
1434 5364 1461 5432 (l.
1484 5363 1502 5416 l.
1524 5380 1553 5431 p.
1571 5363 1647 5432 294),
1672 5381 1691 5417 a
1710 5380 1764 5433 quo
1782 5365 1867 5418 Dalm

219 5473 255 5538 (p.
265 5471 307 5528 51,
318 5471 360 5536 71)
381 5487 436 5524 nen
454 5470 591 5534 dissentit,
610 5473 659 5527 tros
677 5455 786 5540 uersus,
808 5474 856 5541 qai
878 5471 936 5526 sine
954 5471 1077 5524 auctoris
1100 5471 1206 5523 nomine
1223 5469 1313 5524 literis
1329 5467 1494 5536 produntur,
1519 5484 1576 5521 cunr
1594 5467 1628 5521 οἱ)
1646 5482 1759 5523 causum
1777 5469 1868 5523 Paulo

218 5576 313 5625 rioutro
338 5573 479 5627 vindicare
507 5574 606 5640 oolrrit,
631 5575 697 5644 quin
715 5580 875 5644 acquirunto
898 5573 1060 5627 suoitestis
1083 5572 1185 5626 sinales
1200 5579 1337 5640 postremo
1360 5578 1385 5626 ct
1407 5572 1463 5640 ipsi
1481 5571 1659 5640 Arrqilramno
1681 5572 1867 5640 qratulontnr.

221 5675 263 5740 lu)
289 5677 417 5742 erunmis
441 5676 544 5730 Ewald
571 5679 683 5744 (Neues
706 5678 808 5734 Arclrio
830 5679 892 5740 III,
918 5676 985 5741 473)
1010 5674 1043 5728 de
1066 5673 1156 5728 Paulo
1178 5679 1272 5729 nostro
1291 5681 1403 5730 auctore
1426 5675 1524 5730 iterum
1545 5675 1680 5744 audipat,
1709 5675 1869 5730 Mobillonii

219 5776 313 5847 opinio
330 5783 416 5834 tornea
434 5777 515 5834 ualde
528 5781 683 5850 probabilis
701 5779 768 5834 asilii
786 5781 902 5836 videtur.
