4756 6412
940 421 988 474 ΑΙ)
1006 420 1274 475 CORVINIANUM.

639 596 682 660 Ni
705 603 816 661 tamen
837 594 954 660 Helias
977 593 1140 681 depurget
1163 594 1299 660 crimina
1321 594 1421 676 corvi,

725 698 894 764 Convocat
916 704 1014 784 atque
1038 697 1156 762 iterum
1179 697 1221 762 ad
1243 699 1368 763 fereula
1390 719 1483 763 sacra
1505 698 1580 764 sibi.

639 802 781 888 Hispani
804 808 902 889 potus
925 800 1100 867 Hardberd
1124 809 1271 867 servator
1293 823 1422 883 avarus,

723 905 878 970 Armatus
902 904 1024 970 Cerere
1047 911 1135 970 totus
1160 905 1193 970 in
1216 904 1298 971 aede
1323 926 1391 987 sua,

639 1008 684 1074 Et
707 1008 850 1074 calidum
872 1014 1002 1093 seeptro
1025 1015 1136 1073 versat
1158 1009 1288 1075 caldore
1312 1009 1440 1088 culinis,

723 1111 770 1177 Ut
792 1111 885 1176 bibat
907 1112 969 1176 hoc
992 1111 1148 1196 gelidum,
1171 1113 1257 1198 quod
1280 1120 1391 1179 movet
1412 1112 1465 1178 hic
1488 1111 1639 1178 calidum.

642 1215 824 1282 Graeculus
849 1223 882 1282 ct
903 1216 1032 1280 Putifar
1053 1216 1178 1282 invisus
1200 1217 1285 1283 forte
1308 1218 1437 1305 puellis,

724 1320 879 1386 Armatus
902 1320 1023 1385 frustra
1045 1322 1171 1405 praelia
1193 1322 1284 1386 nulla
1306 1342 1435 1407 gerens,

641 1423 747 1497 Quem
771 1425 852 1490 socii
874 1424 998 1510 pariter
1020 1423 1133 1509 Bagao
1157 1427 1355 1490 comitantur
1377 1431 1410 1491 et
1432 1423 1555 1510 ngus,

727 1529 781 1593 Hx
803 1529 908 1594 tribus
931 1528 983 1592 his
1006 1530 1129 1595 truncis
1152 1551 1217 1594 non
1241 1531 1304 1594 erit
1325 1551 1409 1594 nnus
1430 1528 1529 1593 homo
1542 1528 1563 1594 ¹.

602 1631 605 1636 ’
640 1633 697 1714 Hi,
721 1655 805 1715 reor,
828 1633 861 1697 in
884 1633 1023 1698 cameris
1046 1653 1112 1697 non
1135 1640 1211 1698 sunt
1233 1635 1297 1697 iam
1322 1640 1438 1720 sponte
1460 1631 1586 1708 fideles,

725 1735 832 1802 Saeva
854 1758 969 1802 manus
993 1735 1112 1802 medici
1135 1738 1224 1822 cogit
1246 1736 1369 1802 habere
1391 1736 1501 1802 fidem.

642 1840 746 1905 Filius
769 1847 803 1906 et
824 1839 941 1905 viduae
964 1839 1082 1905 Hiram
1103 1839 1189 1905 bene
1212 1841 1372 1930 construit
1393 1838 1534 1905 aedem²

725 1943 929 2009 Altithrono:
957 1941 1107 2008 Christus
1130 1944 1308 2009 auxilietur
1330 1964 1422 2029 opus.

573 2070 584 2106 a
642 2047 714 2112 Hos
737 2048 823 2113 inter
845 2047 1029 2112 Nembroth
1051 2047 1144 2133 gigas
1167 2047 1331 2112 venabula
1353 2053 1498 2132 quassat,

728 2151 792 2225 Qui
814 2151 891 2216 telis
914 2171 1048 2216 corvum
1070 2150 1176 2215 fronte
1200 2150 1298 2216 ferire
1320 2156 1425 2237 parat.

641 2253 686 2318 Ht
707 2277 797 2320 mare
820 2254 1018 2320 velivolum³
1041 2255 1177 2319 turbans
1200 2253 1435 2340 Polyphemius
1458 2253 1586 2338 ingens,

726 2357 893 2444 Mergulus
916 2365 953 2423 ut
975 2365 1118 2444 nequeat
1140 2358 1287 2444 effugere
1310 2365 1368 2422 aut
1389 2358 1519 2444 pelago.

642 2464 688 2528 Hi
711 2464 775 2529 duo
799 2463 973 2551 dispariles
997 2463 1164 2544 membris,
1188 2463 1247 2529 sed
1270 2470 1380 2528 mente
1402 2463 1559 2543 minaces,

728 2568 790 2633 Ille
812 2567 915 2655 pedes
939 2568 1028 2633 corvi
1050 2568 1180 2653 franget
1202 2574 1236 2632 et
1258 2568 1321 2632 iste
1345 2573 1455 2654 caput.

642 2673 801 2757 Pygmaei
823 2678 949 2738 tanturn
972 2672 1142 2758 cupientes
1166 2691 1323 2757 quaerere
1346 2691 1472 2757 pacem,

725 2775 866 2861 Propter
886 2774 976 2840 bella
997 2795 1113 2859 gruum
1125 2775 1148 2854 ⁴,
1172 2772 1314 2839 Corvule
1337 2774 1441 2859 nigre,
1464 2773 1535 2837 tibi.

641 2877 735 2943 Haeo
759 2878 820 2943 tibi
843 2877 1009 2944 sufficiant
1030 2878 1186 2959 venienti,
1211 2876 1359 2964 trispeda
1381 2883 1508 2942 tantum

725 2982 847 3049 Verbis
871 2982 1035 3048 sufficiant
1057 2982 1174 3063 hiems,
1198 2981 1280 3062 sitis,
1304 2987 1402 3067 atque
1425 2982 1540 3046 fames.

573 3109 584 3146 a
642 3086 712 3151 Nos
735 3093 866 3152 nostros
890 3086 984 3150 nobis
1008 3093 1121 3150 nostra
1143 3093 1315 3150 teneamus
1339 3085 1373 3149 in
1395 3085 1471 3150 aula

729 3189 941 3277 Trispedicos
963 3189 1092 3270 fratres,
1116 3189 1159 3253 sit
1181 3189 1241 3254 tibi
1264 3188 1360 3253 turba
1381 3189 1503 3254 brevis.

642 3292 715 3357 Hos
738 3300 864 3358 tantum
887 3300 1011 3373 teneas,
1034 3293 1192 3358 acerrime
1217 3292 1388 3372 Corvule⁵,
1411 3313 1544 3374 versus,

729 3396 869 3483 Saepius
892 3404 991 3482 atque
1013 3398 1129 3482 legens
1153 3402 1287 3481 pectore
1311 3395 1415 3462 conde
1437 3398 1526 3461 tuo⁶.

577 3559 579 3564 .
644 3500 732 3565 Dum
754 3501 866 3566 veniet
888 3499 1028 3564 Flaccus
1050 3500 1163 3586 pueris
1188 3501 1362 3565 comitatus
1386 3506 1419 3564 et
1442 3499 1524 3581 odis,

550 3627 587 3664 no
732 3603 824 3668 Tunc
848 3624 981 3689 sperare
1005 3603 1083 3667 lieet
1105 3603 1169 3667 iam
1192 3603 1321 3689 potiora
1343 3603 1415 3668 tibi.

643 3706 737 3772 Nunc
759 3707 821 3772 tibi
843 3712 893 3771 tot
916 3706 1017 3786 salve,
1039 3713 1118 3790 quot
1141 3713 1216 3770 sunt
1239 3707 1273 3770 in
1294 3706 1419 3771 vertice
1443 3706 1551 3771 crines

731 3812 904 3891 Albentes‚
929 3811 976 3875 sic
999 3817 1046 3890 tu,
1069 3810 1277 3893 Corviniane,
1301 3812 1396 3877 vale.¹

971 4163 1188 4276 saxum.

538 4334 725 4410 VERSUS
752 4334 991 4409 TEUDULFI
1018 4335 1234 4410 EPISCOPI
1262 4333 1461 4408 CONTRA
1487 4333 1687 4410 IUDICES.

643 4468 761 4534 Iudicii
785 4470 902 4534 callem
926 4489 1080 4535 censores
1104 4468 1254 4556 prendite
1277 4468 1366 4551 iusti,

732 4572 777 4637 Et
799 4574 901 4639 vestri
924 4581 1081 4659 spernant
1103 4574 1177 4638 avia
1199 4573 1322 4638 curval
1344 4571 1457 4658 pedes.

382 4796 417 4850 85
430 4800 524 4852 callare
534 4799 563 4864 S,
575 4800 676 4852 caldore
688 4817 755 4851 corr.
765 4800 872 4852 hierocle
954 4799 989 4853 89
1001 4803 1087 4868 Bagao
1101 4801 1130 4866 S,
1142 4802 1258 4868 Bagatha
1270 4801 1334 4852 coni.
1345 4799 1451 4852 hieraca
1464 4799 1507 4866 (cs.
1518 4797 1591 4849 Helle.
1605 4794 1683 4862 l,10)
1766 4793 1801 4848 94
1812 4792 1940 4846 emises

281 4884 332 4938 101
351 4887 486 4954 Pygmalei
499 4887 529 4951 S,
545 4889 668 4956 Pygmaei
687 4905 754 4940 corr.
773 4888 880 4940 nereca

348 4969 482 5039 [XXVIII]
501 4974 555 5025 sine
570 4975 642 5025 datto
655 4974 679 5024 L
697 4974 751 5038 (ubi
761 4973 859 5026 Patavii
870 4992 964 5026 maana
977 4975 1080 5026 eddidit
1091 4975 1255 5042 Thaodulphi
1267 4974 1379 5041 episcopi
1391 4972 1585 5024 Aurelianensis
1596 4987 1687 5024 vorsus
1699 4969 1730 5020 ad
1742 4963 1858 5034 indices),
1869 4965 1901 5016 Μ
1908 4964 1940 5030 P,

281 5060 358 5112 Liber
376 5061 407 5112 de
425 5061 554 5112 indicibus
572 5062 708 5113 exametris
726 5061 844 5112 versibus
861 5062 1009 5128 conpositus
1022 5061 1059 5126 H,
1076 5062 1224 5114 Paraenesis
1241 5061 1274 5112 ad
1292 5061 1389 5112 iudices
1407 5059 1485 5111 Sirm.
1501 5077 1529 5126 p.
1549 5055 1598 5109 131
1618 5058 1635 5109 l.
1654 5059 1674 5107 I.
1749 5051 1835 5106 1-29
1852 5071 1901 5104 om.
1916 5051 1943 5103 P

383 5213 411 5282 1)
429 5213 568 5284 spadones
592 5212 701 5268 Graeci.
788 5214 816 5283 2)
839 5214 942 5284 3Rep.
966 5214 1047 5280 1,13
1065 5213 1144 5268 Misit
1166 5231 1277 5282 quoque
1304 5230 1350 5267 rex
1377 5211 1508 5268 Salomon
1533 5213 1563 5266 et
1585 5210 1653 5264 tulit
1679 5207 1775 5262 Hiram
1797 5206 1833 5260 de
1856 5205 1940 5274 Tyro,

281 5316 313 5370 14
335 5315 423 5370 lilium
447 5317 571 5371 mulieris
593 5317 694 5372 viduae
775 5317 809 5371 ad
835 5317 993 5372 iaciendum
1019 5333 1100 5371 omne
1123 5334 1193 5386 opus
1217 5332 1251 5369 ex
1273 5332 1345 5370 aere.
1418 5315 1446 5384 3)
1468 5314 1547 5384 Vera.
1571 5317 1639 5369 Aen.
1657 5313 1683 5378 1,
1708 5313 1761 5368 224
1778 5327 1854 5365 mare
1871 5310 1940 5365 veli·
2042 5355 2046 5362 .

280 5420 452 5484 volnm;Oo.
464 5420 515 5474 Ex
527 5421 619 5474 Ponto
632 5421 686 5486 IV,
700 5422 741 5486 16,
753 5422 801 5485 21;
821 5421 909 5476 Prud.
921 5427 1018 5476 contro
1032 5422 1132 5493 Symm.
1147 5424 1187 5486 II,
1200 5423 1260 5476 800.
1329 5422 1358 5488 4)
1379 5421 1423 5490 Os.
1441 5421 1490 5475 Or.
1509 5417 1778 5486 Marinae-92.
1848 5417 1877 5485 5)
1895 5416 1942 5470 Ad

282 5523 429 5578 Corculum
447 5525 542 5593 ipitar,
561 5525 689 5594 quiaquia
706 5526 753 5580 ille
770 5527 840 5594 suit,
859 5529 884 5580 et
900 5543 957 5580 noa
975 5527 1013 5581 od
1030 5527 1233 5594 fragillimum,
1252 5533 1283 5580 at
1304 5525 1434 5582 Sinnoad
1452 5527 1583 5596 opinatae
1601 5530 1655 5594 est,
1673 5522 1724 5577 Iros
1742 5539 1842 5578 veram
1860 5522 1942 5577 datos

280 5643 354 5692 esec,
377 5645 412 5682 ea
433 5628 483 5681 lieo
504 5627 563 5680 loco
588 5627 682 5682 elucet.
768 5631 794 5695 6)
819 5633 868 5684 Or.
892 5629 959 5684 Met.
984 5633 1070 5696 XIII,
1084 5631 1136 5684 458
1158 5633 1270 5699 ,rectore
1293 5629 1380 5682 tolmn
1402 5631 1405 5698 l
1426 5629 1519 5682 (tonde
1544 5645 1613 5682 rnoo.
1692 5628 1719 5694 7)
1739 5626 1830 5680 Sedet.
1852 5626 1947 5680 Corin.

276 5734 375 5802 pescli.
395 5733 420 5800 I,
432 5731 483 5784 284
502 5749 586 5784 curra
606 5748 656 5800 per
673 5731 745 5785 avia.
