4598 6414
1085 401 1293 457 THEODULFI
1311 401 1487 456 annulus.

821 577 867 642 At
889 579 918 642 si
940 598 1022 663 quos
1046 581 1212 660 nequeunt
1234 575 1386 639 vitiorum
1410 576 1499 639 fasce
1522 576 1642 652 levare,

902 679 1084 746 Portandos
1108 679 1266 744 adhibent
1288 679 1348 742 hos
1370 677 1525 766 patiendo
1549 678 1622 742 sibi.

820 783 901 857 Quis
925 789 982 848 aut
1005 781 1221 858 vilaborum,
1244 788 1300 846 aut
1324 781 1440 846 suadet
1462 782 1622 868 patientia
1644 782 1794 856 fructum,

901 886 989 951 Dum
1010 886 1071 950 bos
1095 884 1278 966 emendant,
1301 886 1362 950 hos
1385 885 1527 950 tolerare
1550 891 1677 971 parant.

727 1011 762 1048 ras
821 990 932 1054 Turba
954 990 1035 1054 haec
1059 997 1110 1054 est
1132 989 1223 1066 felix,
1248 1011 1266 1052 o
1291 995 1446 1074 quantum
1471 989 1570 1054 distat
1592 990 1633 1054 ab
1656 989 1730 1069 ista,

904 1093 997 1168 Quae
1021 1114 1089 1174 sua,
1111 1114 1177 1157 non
1200 1092 1323 1158 domini
1345 1095 1435 1158 lucra
1457 1093 1622 1158 inhianter
1643 1093 1721 1157 adit.

820 1193 914 1267 Quae
935 1193 1093 1280 prodesse
1117 1202 1227 1280 negat,
1251 1201 1376 1259 tantum
1399 1216 1556 1281 praeesse
1578 1194 1720 1260 laborat:

902 1297 977 1361 Hoc
999 1296 1041 1360 ad
1064 1317 1146 1384 opus
1171 1298 1290 1376 stertit,
1313 1299 1453 1384 pervigil
1475 1296 1556 1362 illud
1578 1299 1657 1382 agit.

823 1401 927 1477 Quam
951 1401 1022 1465 fera
1046 1403 1240 1465 contristant
1262 1402 1375 1488 populi
1399 1403 1591 1488 peccamina
1611 1423 1786 1487 nunquam,

730 1525 766 1564 ao
911 1504 981 1569 Nec
1003 1504 1091 1568 bona
1113 1505 1293 1570 laetificant
1314 1505 1411 1592 plebe
1434 1513 1569 1592 peracta
1591 1526 1661 1570 sua.

820 1607 867 1672 Ut
890 1629 951 1671 sua
973 1606 1144 1694 deplorent
1167 1629 1250 1693 quae
1273 1629 1438 1692 nunqnam
1462 1609 1597 1672 crimina
1619 1610 1728 1695 pravis

905 1711 1040 1789 Adsere,
1064 1733 1147 1797 quae
1170 1733 1335 1797 nunquam
1359 1711 1566 1777 sollicitando
1588 1712 1675 1778 beat.

821 1812 931 1878 Ditior
953 1820 989 1877 ut
1012 1815 1054 1878 sit
1076 1815 1155 1888 hiat,
1179 1836 1252 1878 narn
1278 1816 1420 1879 sanctior
1442 1837 1518 1880 esse
1540 1822 1679 1884 recusat.

907 1915 1067 2002 Donaque
1091 1917 1230 1982 militiae
1252 1919 1403 2005 percipit,
1426 1941 1517 1982 arma
1538 1919 1632 2004 fugit.

731 2038 768 2076 ns
817 2017 891 2082 Non
908 2040 1000 2105 opus,
1014 2019 1089 2096 heu,
1105 2020 1164 2085 sed
1181 2042 1273 2107 opes,
1292 2042 1352 2085 nec
1370 2042 1462 2100 onus,
1481 2020 1539 2086 sed
1554 2020 1779 2106 bonorplacct
1794 2019 1852 2094 illi,

904 2121 948 2186 Et
970 2122 1055 2188 bene
1078 2125 1190 2189 iuncta
1213 2146 1340 2202 secans,
1363 2126 1446 2189 haec
1468 2132 1570 2206 tenet,
1593 2126 1651 2189 illa
1673 2124 1760 2188 iacit.

824 2222 889 2295 Qui
912 2245 981 2304 sua,
1003 2246 1068 2288 non
1091 2227 1204 2312 populi
1227 2227 1416 2311 perquirunt
1440 2226 1619 2299 commoda,
1642 2232 1767 2291 tantum

906 2326 983 2391 Dici
1008 2335 1042 2392 et
1062 2336 1225 2414 pastores,
1248 2337 1445 2395 nontamen
1470 2353 1543 2396 csse
1566 2330 1689 2395 volunt.

825 2428 892 2493 Sed
913 2451 1020 2515 neque
1044 2453 1124 2497 cura
1145 2434 1256 2517 gregis
1281 2433 1438 2520 pascendi
1461 2435 1531 2498 sive
1554 2432 1677 2510 tuendi,

732 2554 767 2590 isc
913 2530 981 2596 Sed
1002 2533 1108 2618 rapidi
1132 2533 1305 2598 intendunt
1327 2535 1411 2619 qnod
1435 2541 1534 2620 queat
1556 2534 1613 2600 ille
1636 2537 1718 2621 capi.

822 2632 975 2710 Mentior,
998 2637 1153 2721 egregius
1177 2638 1203 2700 si
1227 2659 1292 2700 non
1316 2638 1403 2702 canit
1425 2639 1489 2702 ista
1510 2638 1688 2724 prophetes
1698 2639 1719 2715 ¹,

909 2737 991 2802 (lum
1013 2739 1109 2803 modo
1133 2739 1252 2804 divinis
1276 2741 1413 2804 vocibus
1436 2742 1501 2805 ista
1524 2748 1634 2806 sonet:

824 2841 1057 2906 ‘Israelitarnm
1079 2844 1188 2928 pravis
1212 2845 1398 2930 pastoribus
1422 2845 1517 2922 eheu,

908 2945 972 3019 Qui
996 2945 1058 3010 sibi
1080 2948 1184 3012 multa
1205 2956 1322 3033 parant
1343 2970 1476 3035 pascua,
1500 2951 1590 3014 nulla
1611 2951 1715 3036 gregi.

731 3070 768 3107 rso
826 3049 969 3113 Lacteus
993 3051 1133 3114 hnmcr²
1156 3053 1242 3115 enim
1265 3053 1447 3139 praebebat
1469 3053 1590 3140 pabula
1611 3053 1715 3133 vobis,

908 3151 1063 3239 Lanaque
1086 3153 1225 3219 deducto
1249 3157 1372 3220 vellere
1395 3158 1497 3221 vestis
1522 3163 1599 3221 erat.

826 3254 862 3319 Si
885 3256 970 3340 quod
993 3263 1064 3350 erat
1087 3279 1244 3336 crassum,
1267 3259 1411 3324 laniabat
1433 3259 1529 3324 turba
1551 3259 1706 3338 voratrix,

908 3360 978 3424 Nec
1000 3360 1063 3425 luit
1085 3361 1248 3425 infirmum
1272 3361 1476 3428 consolidare
1498 3362 1600 3427 labor.

829 3462 975 3548 Aegroto
997 3465 1111 3550 pecori
1135 3464 1353 3529 medicamina
1374 3466 1464 3530 nulla
1485 3467 1615 3544 tulistis,

734 3584 771 3624 uo
912 3564 956 3630 Ilt
977 3567 1116 3631 fractum
1140 3569 1264 3654 sprevit
1287 3576 1398 3634 vestra
1422 3569 1524 3653 ligare
1547 3589 1671 3633 manus.

825 3669 930 3734 Nemo
954 3669 1059 3734 redux
1082 3671 1207 3735 studuit
1229 3671 1392 3736 deiectum
1416 3671 1554 3736 reddere
1578 3673 1690 3752 caulis,

910 3772 1044 3838 Perdita
1063 3794 1124 3837 nec
1147 3773 1241 3838 vobis
1264 3795 1421 3859 quaerere
1445 3796 1523 3838 cura
1544 3773 1615 3839 fuit.

825 3874 917 3940 Dura
939 3874 998 3940 sed
1020 3877 1156 3961 imperio
1180 3878 1382 3964 imposuistis
1404 3879 1494 3944 iussa
1516 3879 1669 3963 maligno,

911 3977 954 4042 Et
976 3985 1051 4043 trux
1074 3981 1143 4044 sive
1169 3988 1287 4067 potens
1311 3981 1406 4044 turba
1427 3981 1535 4045 fuistis
1558 3982 1617 4045 eis.

734 4104 770 4143 as
830 4082 973 4168 Agmina
996 4090 1072 4149 suut
1094 4084 1168 4150 ideo
1191 4086 1359 4150 balantum
1382 4106 1497 4171 sparsa
1519 4105 1674 4158 mearum,

899 4186 999 4250 Haud
1022 4189 1098 4273 quia
1120 4190 1175 4273 qui
1198 4197 1311 4275 pastor
1333 4179 1496 4276 pasceret
1509 4190 1595 4252 ullus
1620 4196 1700 4253 erat.

826 4289 972 4355 Devorat
994 4299 1092 4376 atque
1115 4293 1189 4356 illas
1212 4293 1321 4358 rabies
1344 4293 1475 4358 inimica
1497 4293 1654 4376 serarum,

908 4393 1037 4458 Praeda
1059 4416 1142 4478 quae
1165 4396 1201 4459 fit
1222 4395 1376 4460 monstris
1399 4417 1480 4480 quos
1504 4395 1595 4460 vehit
1617 4395 1705 4460 orbis
1729 4395 1827 4480 ager!

828 4494 976 4560 Necdum
999 4495 1147 4582 deposito
1171 4499 1324 4562 vitiorum
1347 4497 1492 4584 pondere
1516 4497 1596 4576 diro,

733 4620 772 4657 200
914 4598 1074 4664 Ponderis
1097 4601 1223 4686 egregii
1245 4602 1300 4686 qui
1322 4601 1447 4688 petiere
1470 4602 1589 4678 locum,

827 4699 972 4766 Tramite
996 4703 1051 4786 qui
1073 4705 1160 4767 vitae
1183 4709 1351 4788 nequeunt
1372 4701 1572 4789 praecedere
1596 4708 1729 4766 sanctae

916 4804 1100 4884 Subiectos‚
1123 4807 1241 4892 quibus
1265 4807 1347 4872 haec
1369 4828 1433 4871 non
1457 4807 1541 4871 bene
1564 4813 1643 4870 nota
1664 4805 1717 4869 via
1738 4811 1798 4869 est.

573 4945 807 4952 —————-—-¹—--
826 4946 837 4950 -
846 4947 923 4951 =—-—
1111 4949 1132 4954 —
1141 4949 1220 4954 --...
1227 4949 1371 4955 ..-.--....-
1381 4949 1612 4955 ---,-....-....-.....
1630 4944 2011 4954 ...ὼ-ᾁ--η--ιυφ

569 5026 620 5080 172
636 5045 724 5080 verare
742 5037 878 5094 corruptus
983 5029 1033 5081 198
1050 5032 1197 5098 Praedaque
1211 5030 1233 5083 S

570 5165 595 5230 1)
620 5163 719 5218 Ezech-
744 5163 818 5230 34,ss
841 5163 917 5218 Haeo
940 5165 1010 5218 dicit
1032 5165 1160 5220 domiuus
1184 5165 1263 5220 deus:
1290 5165 1350 5219 Vae
1374 5165 1532 5234 pastoribus
1556 5166 1655 5222 lsrael.
1681 5164 1729 5233 qui
1754 5162 1907 5234 pascebant
1928 5165 2017 5215 semet
2035 5162 2125 5231 ipsos,

465 5274 558 5312 nonne
575 5274 674 5328 greges
693 5274 711 5310 a
728 5257 886 5327 pastoribus
905 5260 1077 5328 pascuntur?
1104 5261 1122 5313 3
1140 5260 1195 5314 Lac
1214 5259 1401 5314 comedebatis
1420 5263 1449 5313 et
1466 5258 1539 5314 lanis
1556 5259 1767 5329 operiebamini,
1785 5262 1814 5312 et
1831 5257 1906 5326 qnod
1924 5273 2048 5310 crassum
2061 5261 2125 5311 erat

464 5353 645 5419 occidebatis,
667 5371 781 5424 gregem
803 5356 897 5408 autem
919 5371 1012 5409 meum
1036 5372 1092 5409 non
1114 5355 1278 5424 pascebatis.
1323 5356 1340 5408 4
1360 5355 1439 5420 Quod
1457 5355 1596 5408 infirmum
1615 5354 1670 5408 fuit
1687 5371 1743 5408 non
1762 5349 1970 5414 consolidastis,
1995 5353 2026 5404 et
2044 5352 2125 5420 quod

463 5451 610 5518 aegrotum
632 5466 688 5502 non
712 5448 842 5515 sanastis,
858 5449 940 5516 ,quod
963 5449 1135 5503 confractum
1158 5451 1273 5501 estnon
1297 5446 1450 5517 alligastis,
1475 5450 1504 5500 et
1524 5447 1600 5516 quod
1618 5445 1759 5500 abiectum
1778 5448 1893 5498 estnon
1911 5441 2074 5506 reduxistis,
2094 5447 2126 5498 et

463 5543 539 5612 quod
562 5543 684 5612 perierat
707 5560 763 5597 non
786 5542 947 5611 quaesistis,
975 5543 1023 5596 sed
1045 5561 1108 5597 cum
1131 5541 1296 5596 austeritate
1318 5540 1500 5610 imperabatis
1523 5542 1562 5595 cis
1585 5543 1614 5595 et
1637 5559 1699 5594 cum
1717 5539 1853 5609 potentia.
1888 5537 1959 5592 sat
1977 5537 2126 5608 dispersae

463 5641 530 5692 sunt
552 5653 617 5691 oves
640 5653 731 5699 meae,
757 5653 788 5691 eo
813 5637 888 5705 quod
911 5654 966 5690 uon
990 5640 1062 5690 esset
1083 5639 1191 5707 pastor,
1215 5640 1244 5690 et
1266 5637 1357 5691 factae
1376 5639 1442 5690 sunt
1459 5637 1489 5690 in
1507 5635 1716 5691 devorationem
1735 5634 1859 5689 omnium
1876 5631 2032 5688 bestiarum
2051 5634 2127 5705 agri,

463 5735 493 5786 et
510 5730 650 5801 dispersae
667 5732 740 5784 sunt.
810 5731 838 5798 2)
858 5730 906 5784 Oa.
924 5729 990 5784 Met.
1012 5730 1043 5784 X
1047 5731 1077 5796 V,
1087 5731 1120 5784 79
1137 5731 1244 5786 lacteus
1261 5731 1368 5785 humor.
