<?xml version="1.0" encoding="UTF-8"?>
<!DOCTYPE html PUBLIC "-//W3C//DTD XHTML 1.0 Transitional//EN"
    "http://www.w3.org/TR/xhtml1/DTD/xhtml1-transitional.dtd">
<html xmlns="http://www.w3.org/1999/xhtml" xml:lang="en" lang="en">
 <head>
  <title>
</title>
<meta http-equiv="Content-Type" content="text/html;charset=utf-8" />
  <meta name='ocr-system' content='tesseract 3.04.00' />
  <meta name='ocr-capabilities' content='ocr_page ocr_carea ocr_par ocr_line ocrx_word'/>
</head>
<body>
  <div class='ocr_page' id='page_1' title='image "./monumentagerman01unkngoog/monumentagerman01unkngoog_0186.png"; bbox 0 0 4574 6442; ppageno 0'>
   <div class='ocr_carea' id='block_1_1' title="bbox 611 423 1480 481">
    <p class='ocr_par' dir='ltr' id='par_1_1' title="bbox 611 423 1480 481">
     <span class='ocr_line' id='line_1_1' title="bbox 611 423 1480 481; baseline 0.003 -3"><span class='ocrx_word' id='word_1_1' title='bbox 611 424 749 479; x_wconf 71' lang='lat' dir='ltr'>VERSUS</span> <span class='ocrx_word' id='word_1_2' title='bbox 768 425 814 478; x_wconf 91' lang='lat' dir='ltr'>DE</span> <span class='ocrx_word' id='word_1_3' title='bbox 833 423 983 481; x_wconf 84' lang='lat' dir='ltr'><strong>SANCTIS</strong></span> <span class='ocrx_word' id='word_1_4' title='bbox 1002 425 1261 481; x_wconf 82' lang='lat' dir='ltr'>EUBORICENSIS</span> <span class='ocrx_word' id='word_1_5' title='bbox 1281 425 1480 481; x_wconf 74' lang='lat' dir='ltr'><strong>ECCLESIAE.</strong></span> 
     </span>
    </p>
   </div>
   <div class='ocr_carea' id='block_1_2' title="bbox 553 599 1853 5025">
    <p class='ocr_par' dir='ltr' id='par_1_2' title="bbox 633 599 1477 790">
     <span class='ocr_line' id='line_1_2' title="bbox 634 599 1358 687; baseline 0.006 -25"><span class='ocrx_word' id='word_1_6' title='bbox 634 599 730 662; x_wconf 81' lang='lat' dir='ltr'>Atria</span> <span class='ocrx_word' id='word_1_7' title='bbox 752 620 905 684; x_wconf 88' lang='lat' dir='ltr'>gazarum</span> <span class='ocrx_word' id='word_1_8' title='bbox 928 606 1084 686; x_wconf 90' lang='lat' dir='ltr'>rumpunt</span> <span class='ocrx_word' id='word_1_9' title='bbox 1106 601 1241 685; x_wconf 76' lang='lat' dir='ltr'>regalia,</span> <span class='ocrx_word' id='word_1_10' title='bbox 1266 602 1358 687; x_wconf 89' lang='lat' dir='ltr'>genti</span> 
     </span>
     <span class='ocr_line' id='line_1_3' title="bbox 633 701 1477 790; baseline 0.004 -25"><span class='ocrx_word' id='word_1_11' title='bbox 633 701 766 766; x_wconf 81' lang='lat' dir='ltr'><strong>Mittere</strong></span> <span class='ocrx_word' id='word_1_12' title='bbox 791 703 876 766; x_wconf 93' lang='lat' dir='ltr'>dona</span> <span class='ocrx_word' id='word_1_13' title='bbox 898 711 1016 788; x_wconf 89' lang='lat' dir='ltr'>parant</span> <span class='ocrx_word' id='word_1_14' title='bbox 1037 704 1181 788; x_wconf 87' lang='lat' dir='ltr'>ignotae,</span> <span class='ocrx_word' id='word_1_15' title='bbox 1205 726 1269 789; x_wconf 94' lang='lat' dir='ltr'>quo</span> <span class='ocrx_word' id='word_1_16' title='bbox 1292 706 1396 790; x_wconf 87' lang='lat' dir='ltr'>magis</span> <span class='ocrx_word' id='word_1_17' title='bbox 1421 705 1477 768; x_wconf 87' lang='lat' dir='ltr'>illa</span> 
     </span>
    </p>

    <p class='ocr_par' dir='ltr' id='par_1_3' title="bbox 554 804 1514 895">
     <span class='ocr_line' id='line_1_4' title="bbox 554 804 1514 895; baseline 0.015 -33"><span class='ocrx_word' id='word_1_18' title='bbox 554 827 577 862; x_wconf 90' lang='grc'>55</span> <span class='ocrx_word' id='word_1_19' title='bbox 634 804 778 882; x_wconf 80' lang='lat' dir='ltr'>hunuat,</span> <span class='ocrx_word' id='word_1_20' title='bbox 801 811 838 869; x_wconf 92' lang='lat' dir='ltr'>ut</span> <span class='ocrx_word' id='word_1_21' title='bbox 861 807 1002 892; x_wconf 81' lang='lat' dir='ltr'>placitae</span> <span class='ocrx_word' id='word_1_22' title='bbox 1026 806 1145 872; x_wconf 91' lang='lat' dir='ltr'>feriant</span> <span class='ocrx_word' id='word_1_23' title='bbox 1168 808 1230 872; x_wconf 89' lang='lat' dir='ltr'>sibi</span> <span class='ocrx_word' id='word_1_24' title='bbox 1253 809 1389 873; x_wconf 91' lang='lat' dir='ltr'>foedera</span> <span class='ocrx_word' id='word_1_25' title='bbox 1410 809 1514 895; x_wconf 86' lang='lat' dir='ltr'>pacis.</span> 
     </span>
    </p>

    <p class='ocr_par' dir='ltr' id='par_1_4' title="bbox 634 907 1374 993">
     <span class='ocr_line' id='line_1_5' title="bbox 634 907 1374 993; baseline 0.005 -23"><span class='ocrx_word' id='word_1_26' title='bbox 634 907 698 970; x_wconf 88' lang='lat' dir='ltr'>Ast</span> <span class='ocrx_word' id='word_1_27' title='bbox 719 907 855 993; x_wconf 88' lang='lat' dir='ltr'>indigna</span> <span class='ocrx_word' id='word_1_28' title='bbox 877 908 990 974; x_wconf 90' lang='lat' dir='ltr'>vident</span> <span class='ocrx_word' id='word_1_29' title='bbox 1012 910 1112 973; x_wconf 84' lang='lat' dir='ltr'>tantis</span> <span class='ocrx_word' id='word_1_30' title='bbox 1136 911 1257 975; x_wconf 86' lang='lat' dir='ltr'>exenia</span> <span class='ocrx_word' id='word_1_31' title='bbox 1279 913 1374 976; x_wconf 83' lang='lat' dir='ltr'>votis.</span> 
     </span>
    </p>

    <p class='ocr_par' dir='ltr' id='par_1_5' title="bbox 635 1010 1400 1095">
     <span class='ocr_line' id='line_1_6' title="bbox 635 1010 1400 1095; baseline 0.007 -21"><span class='ocrx_word' id='word_1_32' title='bbox 635 1010 778 1095; x_wconf 81' lang='lat' dir='ltr'>Legatos</span> <span class='ocrx_word' id='word_1_33' title='bbox 802 1013 893 1077; x_wconf 88' lang='lat' dir='ltr'>exire</span> <span class='ocrx_word' id='word_1_34' title='bbox 916 1013 1041 1094; x_wconf 88' lang='lat' dir='ltr'>iubent,</span> <span class='ocrx_word' id='word_1_35' title='bbox 1064 1014 1148 1077; x_wconf 91' lang='lat' dir='ltr'>vada</span> <span class='ocrx_word' id='word_1_36' title='bbox 1171 1016 1258 1078; x_wconf 85' lang='lat' dir='ltr'>salsa</span> <span class='ocrx_word' id='word_1_37' title='bbox 1281 1016 1400 1080; x_wconf 88' lang='lat' dir='ltr'>carinis</span> 
     </span>
    </p>

    <p class='ocr_par' dir='ltr' id='par_1_6' title="bbox 635 1113 1378 1190">
     <span class='ocr_line' id='line_1_7' title="bbox 635 1113 1378 1190; baseline 0.009 -15"><span class='ocrx_word' id='word_1_38' title='bbox 635 1113 706 1176; x_wconf 91' lang='lat' dir='ltr'>Iam</span> <span class='ocrx_word' id='word_1_39' title='bbox 730 1115 857 1179; x_wconf 86' lang='lat' dir='ltr'>sulcare</span> <span class='ocrx_word' id='word_1_40' title='bbox 881 1115 972 1190; x_wconf 81' lang='lat' dir='ltr'>citis3</span> <span class='ocrx_word' id='word_1_41' title='bbox 995 1115 1084 1180; x_wconf 90' lang='lat' dir='ltr'>dulci</span> <span class='ocrx_word' id='word_1_42' title='bbox 1106 1116 1279 1182; x_wconf 90' lang='lat' dir='ltr'>formidine</span> <span class='ocrx_word' id='word_1_43' title='bbox 1301 1124 1378 1182; x_wconf 80' lang='lat' dir='ltr'>uota</span> 
     </span>
    </p>

    <p class='ocr_par' dir='ltr' id='par_1_7' title="bbox 572 1216 1540 1408">
     <span class='ocr_line' id='line_1_8' title="bbox 635 1216 1540 1306; baseline 0.003 -26"><span class='ocrx_word' id='word_1_44' title='bbox 635 1216 843 1301; x_wconf 85' lang='lat' dir='ltr'>Ingeminant</span> <span class='ocrx_word' id='word_1_45' title='bbox 865 1219 1020 1298; x_wconf 88' lang='lat' dir='ltr'>lacrimis,</span> <span class='ocrx_word' id='word_1_46' title='bbox 1044 1220 1197 1303; x_wconf 91' lang='lat' dir='ltr'>quoniam</span> <span class='ocrx_word' id='word_1_47' title='bbox 1221 1221 1268 1284; x_wconf 91' lang='lat' dir='ltr'>sic</span> <span class='ocrx_word' id='word_1_48' title='bbox 1291 1221 1363 1306; x_wconf 91' lang='lat' dir='ltr'>ipse</span> <span class='ocrx_word' id='word_1_49' title='bbox 1385 1221 1540 1285; x_wconf 89' lang='lat' dir='ltr'>monebat</span> 
     </span>
     <span class='ocr_line' id='line_1_9' title="bbox 572 1319 1514 1408; baseline 0.004 -25"><span class='ocrx_word' id='word_1_50' title='bbox 572 1341 573 1344; x_wconf 45' lang='lat'>¹</span> <span class='ocrx_word' id='word_1_51' title='bbox 635 1319 813 1384; x_wconf 83' lang='lat' dir='ltr'>Libertatis</span> <span class='ocrx_word' id='word_1_52' title='bbox 836 1342 937 1401; x_wconf 92' lang='lat' dir='ltr'>amor,</span> <span class='ocrx_word' id='word_1_53' title='bbox 960 1323 1086 1408; x_wconf 86' lang='lat' dir='ltr'>patriae</span> <span class='ocrx_word' id='word_1_54' title='bbox 1110 1344 1186 1408; x_wconf 87' lang='lat' dir='ltr'>spes</span> <span class='ocrx_word' id='word_1_55' title='bbox 1209 1344 1247 1386; x_wconf 91' lang='lat' dir='ltr'>ao</span> <span class='ocrx_word' id='word_1_56' title='bbox 1269 1322 1480 1387; x_wconf 91' lang='lat' dir='ltr'>redimendae</span> <span class='ocrx_word' id='word_1_57' title='bbox 1493 1324 1514 1387; x_wconf 87' lang='lat'>¹.</span> 
     </span>
    </p>

    <p class='ocr_par' dir='ltr' id='par_1_8' title="bbox 633 1420 1853 1511">
     <span class='ocr_line' id='line_1_10' title="bbox 633 1420 1853 1511; baseline 0.006 -26"><span class='ocrx_word' id='word_1_58' title='bbox 633 1420 720 1494; x_wconf 81' lang='lat' dir='ltr'>Quid</span> <span class='ocrx_word' id='word_1_59' title='bbox 734 1423 799 1486; x_wconf 89' lang='lat' dir='ltr'>iam</span> <span class='ocrx_word' id='word_1_60' title='bbox 814 1425 909 1509; x_wconf 92' lang='lat' dir='ltr'>plura</span> <span class='ocrx_word' id='word_1_61' title='bbox 927 1431 1063 1488; x_wconf 83' lang='lat' dir='ltr'>canam?</span> <span class='ocrx_word' id='word_1_62' title='bbox 1086 1447 1265 1511; x_wconf 88' lang='lat' dir='ltr'>properans</span> <span class='ocrx_word' id='word_1_63' title='bbox 1283 1426 1458 1506; x_wconf 85' lang='lat' dir='ltr'>exercitus,</span> <span class='ocrx_word' id='word_1_64' title='bbox 1474 1446 1550 1490; x_wconf 88' lang='lat' dir='ltr'>ecoe</span> <span class='ocrx_word' id='word_1_65' title='bbox 1673 1443 1801 1508; x_wconf 74' lang='lat' dir='ltr'>BaeuaJ,</span> <span class='ocrx_word' id='word_1_66' title='bbox 1821 1457 1853 1493; x_wconf 78' lang='lat' dir='ltr'>u.</span> 
     </span>
    </p>

    <p class='ocr_par' dir='ltr' id='par_1_9' title="bbox 634 1524 1459 1615">
     <span class='ocr_line' id='line_1_11' title="bbox 634 1524 1459 1615; baseline 0.007 -28"><span class='ocrx_word' id='word_1_67' title='bbox 634 1524 781 1589; x_wconf 87' lang='lat' dir='ltr'>Venerat</span> <span class='ocrx_word' id='word_1_68' title='bbox 803 1525 921 1590; x_wconf 92' lang='lat' dir='ltr'>undosi</span> <span class='ocrx_word' id='word_1_69' title='bbox 943 1533 1057 1592; x_wconf 88' lang='lat' dir='ltr'>vectus</span> <span class='ocrx_word' id='word_1_70' title='bbox 1081 1534 1169 1592; x_wconf 91' lang='lat' dir='ltr'>trans</span> <span class='ocrx_word' id='word_1_71' title='bbox 1193 1549 1336 1614; x_wconf 90' lang='lat' dir='ltr'>aequora</span> <span class='ocrx_word' id='word_1_72' title='bbox 1357 1529 1459 1615; x_wconf 89' lang='lat' dir='ltr'>ponti,</span> 
     </span>
    </p>

    <p class='ocr_par' dir='ltr' id='par_1_10' title="bbox 636 1627 1559 1718">
     <span class='ocr_line' id='line_1_12' title="bbox 636 1627 1559 1718; baseline 0.004 -26"><span class='ocrx_word' id='word_1_73' title='bbox 636 1627 824 1693; x_wconf 81' lang='lat' dir='ltr'>Subsidium</span> <span class='ocrx_word' id='word_1_74' title='bbox 848 1630 945 1695; x_wconf 84' lang='lat' dir='ltr'>sociis</span> <span class='ocrx_word' id='word_1_75' title='bbox 968 1631 1131 1712; x_wconf 78' lang='lat' dir='ltr'>rasarone,</span> <span class='ocrx_word' id='word_1_76' title='bbox 1162 1632 1356 1718; x_wconf 84' lang='lat' dir='ltr'>hostemque</span> <span class='ocrx_word' id='word_1_77' title='bbox 1384 1632 1559 1710; x_wconf 90' lang='lat' dir='ltr'>nefandum</span> 
     </span>
    </p>

    <p class='ocr_par' dir='ltr' id='par_1_11' title="bbox 634 1731 1463 1823">
     <span class='ocr_line' id='line_1_13' title="bbox 634 1731 1463 1823; baseline 0.007 -28"><span class='ocrx_word' id='word_1_78' title='bbox 634 1731 773 1818; x_wconf 87' lang='lat' dir='ltr'>Expulit</span> <span class='ocrx_word' id='word_1_79' title='bbox 795 1740 829 1799; x_wconf 91' lang='lat' dir='ltr'>et</span> <span class='ocrx_word' id='word_1_80' title='bbox 851 1734 930 1798; x_wconf 75' lang='lat' dir='ltr'>uicit</span> <span class='ocrx_word' id='word_1_81' title='bbox 951 1736 1063 1799; x_wconf 89' lang='lat' dir='ltr'>multis</span> <span class='ocrx_word' id='word_1_82' title='bbox 1086 1757 1146 1821; x_wconf 90' lang='lat' dir='ltr'>per</span> <span class='ocrx_word' id='word_1_83' title='bbox 1168 1737 1256 1801; x_wconf 87' lang='lat' dir='ltr'>bella</span> <span class='ocrx_word' id='word_1_84' title='bbox 1278 1738 1463 1823; x_wconf 74' lang='lat' dir='ltr'>triumphis,</span> 
     </span>
    </p>

    <p class='ocr_par' dir='ltr' id='par_1_12' title="bbox 636 1833 1512 1924">
     <span class='ocr_line' id='line_1_14' title="bbox 636 1833 1512 1924; baseline 0.008 -27"><span class='ocrx_word' id='word_1_85' title='bbox 636 1833 752 1900; x_wconf 86' lang='lat' dir='ltr'>Donec</span> <span class='ocrx_word' id='word_1_86' title='bbox 775 1836 868 1900; x_wconf 90' lang='lat' dir='ltr'>Picto</span> <span class='ocrx_word' id='word_1_87' title='bbox 891 1837 987 1902; x_wconf 86' lang='lat' dir='ltr'>ferox</span> <span class='ocrx_word' id='word_1_88' title='bbox 1009 1838 1122 1902; x_wconf 90' lang='lat' dir='ltr'>timido</span> <span class='ocrx_word' id='word_1_89' title='bbox 1146 1840 1244 1903; x_wconf 91' lang='lat' dir='ltr'>simul</span> <span class='ocrx_word' id='word_1_90' title='bbox 1266 1841 1396 1924; x_wconf 89' lang='lat' dir='ltr'>agmine</span> <span class='ocrx_word' id='word_1_91' title='bbox 1419 1840 1512 1924; x_wconf 91' lang='lat' dir='ltr'>fugit,</span> 
     </span>
    </p>

    <p class='ocr_par' dir='ltr' id='par_1_13' title="bbox 636 1937 1437 2026">
     <span class='ocr_line' id='line_1_15' title="bbox 636 1937 1437 2026; baseline 0.007 -24"><span class='ocrx_word' id='word_1_92' title='bbox 636 1937 817 2004; x_wconf 83' lang='lat' dir='ltr'>Contentus</span> <span class='ocrx_word' id='word_1_93' title='bbox 840 1942 980 2026; x_wconf 86' lang='lat' dir='ltr'>propriis</span> <span class='ocrx_word' id='word_1_94' title='bbox 1005 1962 1078 2006; x_wconf 87' lang='lat' dir='ltr'>sese</span> <span class='ocrx_word' id='word_1_95' title='bbox 1102 1941 1280 2008; x_wconf 88' lang='lat' dir='ltr'>defendere</span> <span class='ocrx_word' id='word_1_96' title='bbox 1303 1944 1337 2006; x_wconf 92' lang='lat' dir='ltr'>in</span> <span class='ocrx_word' id='word_1_97' title='bbox 1360 1944 1437 2009; x_wconf 88' lang='lat' dir='ltr'>oris.</span> 
     </span>
    </p>

    <p class='ocr_par' dir='ltr' id='par_1_14' title="bbox 634 2043 1394 2133">
     <span class='ocr_line' id='line_1_16' title="bbox 634 2043 1394 2133; baseline 0.007 -26"><span class='ocrx_word' id='word_1_98' title='bbox 634 2043 728 2108; x_wconf 86' lang='lat' dir='ltr'>Haec</span> <span class='ocrx_word' id='word_1_99' title='bbox 752 2045 838 2109; x_wconf 91' lang='lat' dir='ltr'>inter</span> <span class='ocrx_word' id='word_1_100' title='bbox 859 2046 985 2110; x_wconf 89' lang='lat' dir='ltr'>maiora</span> <span class='ocrx_word' id='word_1_101' title='bbox 1007 2046 1077 2110; x_wconf 90' lang='lat' dir='ltr'>dari</span> <span class='ocrx_word' id='word_1_102' title='bbox 1099 2046 1263 2132; x_wconf 89' lang='lat' dir='ltr'>stipendia</span> <span class='ocrx_word' id='word_1_103' title='bbox 1285 2049 1394 2133; x_wconf 89' lang='lat' dir='ltr'>poscit</span> 
     </span>
    </p>

    <p class='ocr_par' dir='ltr' id='par_1_15' title="bbox 634 2148 1441 2224">
     <span class='ocr_line' id='line_1_17' title="bbox 634 2148 1441 2224; baseline 0.001 -12"><span class='ocrx_word' id='word_1_104' title='bbox 634 2149 802 2213; x_wconf 81' lang='lat' dir='ltr'>Externos</span> <span class='ocrx_word' id='word_1_105' title='bbox 825 2148 958 2213; x_wconf 91' lang='lat' dir='ltr'>sibimet</span> <span class='ocrx_word' id='word_1_106' title='bbox 979 2150 1091 2224; x_wconf 88' lang='lat' dir='ltr'>miles;</span> <span class='ocrx_word' id='word_1_107' title='bbox 1113 2150 1196 2214; x_wconf 89' lang='lat' dir='ltr'>haee</span> <span class='ocrx_word' id='word_1_108' title='bbox 1219 2171 1319 2215; x_wconf 86' lang='lat' dir='ltr'>causa</span> <span class='ocrx_word' id='word_1_109' title='bbox 1340 2151 1441 2215; x_wconf 94' lang='lat' dir='ltr'>duelli</span> 
     </span>
    </p>

    <p class='ocr_par' dir='ltr' id='par_1_16' title="bbox 634 2251 1477 2338">
     <span class='ocr_line' id='line_1_18' title="bbox 634 2251 1477 2338; baseline 0.002 -24"><span class='ocrx_word' id='word_1_110' title='bbox 634 2252 673 2315; x_wconf 94' lang='lat' dir='ltr'>In</span> <span class='ocrx_word' id='word_1_111' title='bbox 698 2252 820 2316; x_wconf 86' lang='lat' dir='ltr'>sociam</span> <span class='ocrx_word' id='word_1_112' title='bbox 843 2251 950 2316; x_wconf 90' lang='lat' dir='ltr'>fuerat</span> <span class='ocrx_word' id='word_1_113' title='bbox 972 2260 1105 2338; x_wconf 91' lang='lat' dir='ltr'>gentem</span> <span class='ocrx_word' id='word_1_114' title='bbox 1128 2259 1320 2318; x_wconf 80' lang='lat' dir='ltr'>convertere</span> <span class='ocrx_word' id='word_1_115' title='bbox 1344 2254 1477 2332; x_wconf 88' lang='lat' dir='ltr'>ferrum,</span> 
     </span>
    </p>

    <p class='ocr_par' dir='ltr' id='par_1_17' title="bbox 554 2353 1471 2751">
     <span class='ocr_line' id='line_1_19' title="bbox 554 2353 1471 2441; baseline 0.009 -31"><span class='ocrx_word' id='word_1_116' title='bbox 554 2373 572 2410; x_wconf 41' lang='lat'>:¹</span> <span class='ocrx_word' id='word_1_117' title='bbox 635 2353 678 2416; x_wconf 85' lang='lat' dir='ltr'>Et</span> <span class='ocrx_word' id='word_1_118' title='bbox 701 2375 836 2438; x_wconf 88' lang='lat' dir='ltr'>segnem</span> <span class='ocrx_word' id='word_1_119' title='bbox 857 2355 1015 2440; x_wconf 91' lang='lat' dir='ltr'>populum</span> <span class='ocrx_word' id='word_1_120' title='bbox 1038 2355 1143 2440; x_wconf 89' lang='lat' dir='ltr'>patrio</span> <span class='ocrx_word' id='word_1_121' title='bbox 1167 2354 1335 2441; x_wconf 91' lang='lat' dir='ltr'>depellere</span> <span class='ocrx_word' id='word_1_122' title='bbox 1358 2376 1471 2440; x_wconf 88' lang='lat' dir='ltr'>regno.</span> 
     </span>
     <span class='ocr_line' id='line_1_20' title="bbox 635 2456 1467 2543; baseline 0.002 -24"><span class='ocrx_word' id='word_1_123' title='bbox 635 2456 708 2520; x_wconf 91' lang='lat' dir='ltr'>Hoc</span> <span class='ocrx_word' id='word_1_124' title='bbox 730 2457 854 2542; x_wconf 89' lang='lat' dir='ltr'>pietate</span> <span class='ocrx_word' id='word_1_125' title='bbox 877 2457 931 2522; x_wconf 90' lang='lat' dir='ltr'>dei</span> <span class='ocrx_word' id='word_1_126' title='bbox 953 2458 1069 2538; x_wconf 83' lang='lat' dir='ltr'>visum,</span> <span class='ocrx_word' id='word_1_127' title='bbox 1093 2457 1179 2543; x_wconf 93' lang='lat' dir='ltr'>quod</span> <span class='ocrx_word' id='word_1_128' title='bbox 1201 2480 1282 2543; x_wconf 86' lang='lat' dir='ltr'>gena</span> <span class='ocrx_word' id='word_1_129' title='bbox 1306 2460 1467 2523; x_wconf 87' lang='lat' dir='ltr'>scelerata</span> 
     </span>
     <span class='ocr_line' id='line_1_21' title="bbox 636 2559 1421 2649; baseline 0.004 -26"><span class='ocrx_word' id='word_1_130' title='bbox 636 2559 689 2623; x_wconf 88' lang='lat' dir='ltr'>Ob</span> <span class='ocrx_word' id='word_1_131' title='bbox 713 2581 772 2624; x_wconf 86' lang='lat' dir='ltr'>sua</span> <span class='ocrx_word' id='word_1_132' title='bbox 795 2560 835 2624; x_wconf 93' lang='lat' dir='ltr'>de</span> <span class='ocrx_word' id='word_1_133' title='bbox 858 2562 954 2625; x_wconf 88' lang='lat' dir='ltr'>terris</span> <span class='ocrx_word' id='word_1_134' title='bbox 977 2568 1106 2647; x_wconf 89' lang='lat' dir='ltr'>patrum</span> <span class='ocrx_word' id='word_1_135' title='bbox 1128 2569 1265 2648; x_wconf 88' lang='lat' dir='ltr'>peccata</span> <span class='ocrx_word' id='word_1_136' title='bbox 1287 2564 1421 2649; x_wconf 89' lang='lat' dir='ltr'>periret,</span> 
     </span>
     <span class='ocr_line' id='line_1_22' title="bbox 635 2663 1389 2751; baseline 0.005 -25"><span class='ocrx_word' id='word_1_137' title='bbox 635 2663 842 2749; x_wconf 79' lang='lat' dir='ltr'>intraretque</span> <span class='ocrx_word' id='word_1_138' title='bbox 866 2686 942 2729; x_wconf 87' lang='lat' dir='ltr'>suas</span> <span class='ocrx_word' id='word_1_139' title='bbox 965 2666 1105 2751; x_wconf 88' lang='lat' dir='ltr'>populus</span> <span class='ocrx_word' id='word_1_140' title='bbox 1129 2666 1259 2729; x_wconf 85' lang='lat' dir='ltr'>felicior</span> <span class='ocrx_word' id='word_1_141' title='bbox 1280 2666 1389 2746; x_wconf 89' lang='lat' dir='ltr'>urbes,</span> 
     </span>
    </p>

    <p class='ocr_par' dir='ltr' id='par_1_18' title="bbox 636 2766 1405 2855">
     <span class='ocr_line' id='line_1_23' title="bbox 636 2766 1405 2855; baseline 0.001 -23"><span class='ocrx_word' id='word_1_142' title='bbox 636 2766 699 2840; x_wconf 83' lang='lat' dir='ltr'>Qui</span> <span class='ocrx_word' id='word_1_143' title='bbox 723 2773 911 2832; x_wconf 83' lang='lat' dir='ltr'>servaturus</span> <span class='ocrx_word' id='word_1_144' title='bbox 933 2767 1056 2832; x_wconf 91' lang='lat' dir='ltr'>domini</span> <span class='ocrx_word' id='word_1_145' title='bbox 1079 2775 1256 2855; x_wconf 86' lang='lat' dir='ltr'>praecepta</span> <span class='ocrx_word' id='word_1_146' title='bbox 1278 2768 1405 2833; x_wconf 86' lang='lat' dir='ltr'>fuisset.</span> 
     </span>
    </p>

    <p class='ocr_par' dir='ltr' id='par_1_19' title="bbox 632 2871 1614 3890">
     <span class='ocr_line' id='line_1_24' title="bbox 636 2871 1449 2954; baseline 0.002 -19"><span class='ocrx_word' id='word_1_147' title='bbox 636 2871 731 2945; x_wconf 83' lang='lat' dir='ltr'>Quod</span> <span class='ocrx_word' id='word_1_148' title='bbox 752 2872 815 2935; x_wconf 91' lang='lat' dir='ltr'>fuit</span> <span class='ocrx_word' id='word_1_149' title='bbox 837 2872 960 2936; x_wconf 87' lang='lat' dir='ltr'>affatim</span> <span class='ocrx_word' id='word_1_150' title='bbox 983 2871 1116 2948; x_wconf 87' lang='lat' dir='ltr'>factum,</span> <span class='ocrx_word' id='word_1_151' title='bbox 1140 2871 1281 2937; x_wconf 91' lang='lat' dir='ltr'>donante</span> <span class='ocrx_word' id='word_1_152' title='bbox 1305 2878 1449 2954; x_wconf 89' lang='lat' dir='ltr'>tonante,</span> 
     </span>
     <span class='ocr_line' id='line_1_25' title="bbox 632 2974 1614 3063; baseline 0.003 -25"><span class='ocrx_word' id='word_1_153' title='bbox 632 2976 703 3040; x_wconf 92' lang='lat' dir='ltr'>Iam</span> <span class='ocrx_word' id='word_1_154' title='bbox 726 2996 811 3040; x_wconf 75' lang='lat' dir='ltr'>nora</span> <span class='ocrx_word' id='word_1_155' title='bbox 833 2974 911 3040; x_wconf 90' lang='lat' dir='ltr'>dum</span> <span class='ocrx_word' id='word_1_156' title='bbox 934 2976 1058 3040; x_wconf 86' lang='lat' dir='ltr'>crebris</span> <span class='ocrx_word' id='word_1_157' title='bbox 1080 2977 1256 3061; x_wconf 80' lang='lat' dir='ltr'>viguerunt</span> <span class='ocrx_word' id='word_1_158' title='bbox 1278 2984 1409 3063; x_wconf 78' lang='lat' dir='ltr'>sceptra</span> <span class='ocrx_word' id='word_1_159' title='bbox 1431 2977 1614 3063; x_wconf 85' lang='lat' dir='ltr'>triumphis,</span> 
     </span>
     <span class='ocr_line' id='line_1_26' title="bbox 632 3079 1461 3166; baseline 0.002 -24"><span class='ocrx_word' id='word_1_160' title='bbox 632 3079 677 3143; x_wconf 88' lang='lat' dir='ltr'>Et</span> <span class='ocrx_word' id='word_1_161' title='bbox 699 3101 794 3164; x_wconf 91' lang='lat' dir='ltr'>reges</span> <span class='ocrx_word' id='word_1_162' title='bbox 819 3100 862 3143; x_wconf 87' lang='lat' dir='ltr'>ex</span> <span class='ocrx_word' id='word_1_163' title='bbox 885 3101 920 3144; x_wconf 91' lang='lat' dir='ltr'>se</span> <span class='ocrx_word' id='word_1_164' title='bbox 944 3080 1008 3144; x_wconf 90' lang='lat' dir='ltr'>iam</span> <span class='ocrx_word' id='word_1_165' title='bbox 1032 3081 1141 3166; x_wconf 87' lang='lat' dir='ltr'>coepit</span> <span class='ocrx_word' id='word_1_166' title='bbox 1163 3080 1285 3145; x_wconf 89' lang='lat' dir='ltr'>habere</span> <span class='ocrx_word' id='word_1_167' title='bbox 1308 3087 1461 3166; x_wconf 89' lang='lat' dir='ltr'>potentes</span> 
     </span>
     <span class='ocr_line' id='line_1_27' title="bbox 634 3181 1538 3270; baseline 0.002 -24"><span class='ocrx_word' id='word_1_168' title='bbox 634 3181 724 3246; x_wconf 80' lang='lat' dir='ltr'>Gens</span> <span class='ocrx_word' id='word_1_169' title='bbox 750 3189 888 3247; x_wconf 81' lang='lat' dir='ltr'>ventura</span> <span class='ocrx_word' id='word_1_170' title='bbox 915 3183 978 3248; x_wconf 91' lang='lat' dir='ltr'>dei.</span> <span class='ocrx_word' id='word_1_171' title='bbox 1023 3184 1125 3248; x_wconf 88' lang='lat' dir='ltr'>Rexit</span> <span class='ocrx_word' id='word_1_172' title='bbox 1146 3191 1224 3248; x_wconf 86' lang='lat' dir='ltr'>tunc</span> <span class='ocrx_word' id='word_1_173' title='bbox 1250 3184 1407 3270; x_wconf 89' lang='lat' dir='ltr'>temporis</span> <span class='ocrx_word' id='word_1_174' title='bbox 1434 3186 1538 3248; x_wconf 89' lang='lat' dir='ltr'>almus</span> 
     </span>
     <span class='ocr_line' id='line_1_28' title="bbox 632 3286 1440 3374; baseline 0.005 -23"><span class='ocrx_word' id='word_1_175' title='bbox 632 3286 812 3372; x_wconf 82' lang='lat' dir='ltr'>Gregorius</span> <span class='ocrx_word' id='word_1_176' title='bbox 835 3290 967 3374; x_wconf 90' lang='lat' dir='ltr'>praesul</span> <span class='ocrx_word' id='word_1_177' title='bbox 977 3288 1000 3364; x_wconf 78' lang='lat'>²,</span> <span class='ocrx_word' id='word_1_178' title='bbox 1023 3289 1115 3353; x_wconf 84' lang='lat' dir='ltr'>toto³</span> <span class='ocrx_word' id='word_1_179' title='bbox 1137 3290 1335 3354; x_wconf 84' lang='lat' dir='ltr'>venerahilis</span> <span class='ocrx_word' id='word_1_180' title='bbox 1359 3291 1440 3364; x_wconf 89' lang='lat' dir='ltr'>orbi,</span> 
     </span>
     <span class='ocr_line' id='line_1_29' title="bbox 634 3389 1452 3476; baseline 0.005 -24"><span class='ocrx_word' id='word_1_181' title='bbox 634 3389 806 3456; x_wconf 85' lang='lat' dir='ltr'>Ecclesiae</span> <span class='ocrx_word' id='word_1_182' title='bbox 830 3391 943 3456; x_wconf 90' lang='lat' dir='ltr'>sedem</span> <span class='ocrx_word' id='word_1_183' title='bbox 965 3391 1134 3455; x_wconf 88' lang='lat' dir='ltr'>Romanae</span> <span class='ocrx_word' id='word_1_184' title='bbox 1158 3393 1331 3470; x_wconf 83' lang='lat' dir='ltr'>maximus,</span> <span class='ocrx_word' id='word_1_185' title='bbox 1353 3398 1452 3476; x_wconf 90' lang='lat' dir='ltr'>atque</span> 
     </span>
     <span class='ocr_line' id='line_1_30' title="bbox 633 3491 1389 3578; baseline 0 -21"><span class='ocrx_word' id='word_1_186' title='bbox 633 3493 796 3577; x_wconf 88' lang='lat' dir='ltr'>Agrorum</span> <span class='ocrx_word' id='word_1_187' title='bbox 820 3491 943 3556; x_wconf 80' lang='lat' dir='ltr'>Christi</span> <span class='ocrx_word' id='word_1_188' title='bbox 967 3493 1073 3556; x_wconf 88' lang='lat' dir='ltr'>cultor</span> <span class='ocrx_word' id='word_1_189' title='bbox 1095 3491 1233 3556; x_wconf 88' lang='lat' dir='ltr'>devotus</span> <span class='ocrx_word' id='word_1_190' title='bbox 1256 3493 1389 3578; x_wconf 89' lang='lat' dir='ltr'>ubique,</span> 
     </span>
     <span class='ocr_line' id='line_1_31' title="bbox 632 3595 1429 3683; baseline -0.001 -23"><span class='ocrx_word' id='word_1_191' title='bbox 632 3596 778 3660; x_wconf 91' lang='lat' dir='ltr'>Plurima</span> <span class='ocrx_word' id='word_1_192' title='bbox 800 3602 980 3683; x_wconf 90' lang='lat' dir='ltr'>perpetuae</span> <span class='ocrx_word' id='word_1_193' title='bbox 1004 3595 1161 3681; x_wconf 88' lang='lat' dir='ltr'>dispersit</span> <span class='ocrx_word' id='word_1_194' title='bbox 1183 3596 1310 3660; x_wconf 90' lang='lat' dir='ltr'>semina</span> <span class='ocrx_word' id='word_1_195' title='bbox 1331 3597 1429 3662; x_wconf 82' lang='lat' dir='ltr'>vitae.</span> 
     </span>
     <span class='ocr_line' id='line_1_32' title="bbox 635 3698 1489 3783; baseline 0 -21"><span class='ocrx_word' id='word_1_196' title='bbox 635 3699 778 3764; x_wconf 86' lang='lat' dir='ltr'>Vomere</span> <span class='ocrx_word' id='word_1_197' title='bbox 802 3721 862 3764; x_wconf 93' lang='lat' dir='ltr'>nec</span> <span class='ocrx_word' id='word_1_198' title='bbox 887 3701 992 3764; x_wconf 89' lang='lat' dir='ltr'>solum</span> <span class='ocrx_word' id='word_1_199' title='bbox 1014 3699 1128 3763; x_wconf 90' lang='lat' dir='ltr'>Latios</span> <span class='ocrx_word' id='word_1_200' title='bbox 1152 3698 1359 3783; x_wconf 88' lang='lat' dir='ltr'>confregerat</span> <span class='ocrx_word' id='word_1_201' title='bbox 1381 3719 1489 3783; x_wconf 85' lang='lat' dir='ltr'>agros,</span> 
     </span>
     <span class='ocr_line' id='line_1_33' title="bbox 635 3803 1497 3890; baseline -0.001 -24"><span class='ocrx_word' id='word_1_202' title='bbox 635 3803 701 3867; x_wconf 87' lang='lat' dir='ltr'>Sed</span> <span class='ocrx_word' id='word_1_203' title='bbox 724 3803 829 3868; x_wconf 89' lang='lat' dir='ltr'>bonus</span> <span class='ocrx_word' id='word_1_204' title='bbox 853 3810 950 3888; x_wconf 91' lang='lat' dir='ltr'>atque</span> <span class='ocrx_word' id='word_1_205' title='bbox 973 3804 1048 3890; x_wconf 89' lang='lat' dir='ltr'>pius</span> <span class='ocrx_word' id='word_1_206' title='bbox 1070 3803 1236 3889; x_wconf 91' lang='lat' dir='ltr'>peregrini</span> <span class='ocrx_word' id='word_1_207' title='bbox 1260 3803 1366 3866; x_wconf 88' lang='lat' dir='ltr'>cultor</span> <span class='ocrx_word' id='word_1_208' title='bbox 1388 3804 1497 3887; x_wconf 88' lang='lat' dir='ltr'>agelli,</span> 
     </span>
    </p>

    <p class='ocr_par' dir='ltr' id='par_1_20' title="bbox 567 3906 1327 3973">
     <span class='ocr_line' id='line_1_34' title="bbox 567 3906 1327 3973; baseline 0.007 -9"><span class='ocrx_word' id='word_1_209' title='bbox 567 3929 577 3964; x_wconf 91' lang='grc'>5</span> <span class='ocrx_word' id='word_1_210' title='bbox 638 3906 762 3971; x_wconf 86' lang='lat' dir='ltr'>Oceani</span> <span class='ocrx_word' id='word_1_211' title='bbox 786 3907 927 3972; x_wconf 90' lang='lat' dir='ltr'>tumidos</span> <span class='ocrx_word' id='word_1_212' title='bbox 949 3908 1036 3973; x_wconf 90' lang='lat' dir='ltr'>ultra</span> <span class='ocrx_word' id='word_1_213' title='bbox 1059 3907 1197 3970; x_wconf 85' lang='lat' dir='ltr'>sulcavit</span> <span class='ocrx_word' id='word_1_214' title='bbox 1220 3913 1327 3970; x_wconf 89' lang='lat' dir='ltr'>aratro</span> 
     </span>
    </p>

    <p class='ocr_par' dir='ltr' id='par_1_21' title="bbox 553 4010 1845 5025">
     <span class='ocr_line' id='line_1_35' title="bbox 632 4010 1323 4096; baseline -0.001 -22"><span class='ocrx_word' id='word_1_215' title='bbox 632 4010 774 4074; x_wconf 92' lang='lat' dir='ltr'>Pectora</span> <span class='ocrx_word' id='word_1_216' title='bbox 795 4010 898 4075; x_wconf 89' lang='lat' dir='ltr'>divini</span> <span class='ocrx_word' id='word_1_217' title='bbox 921 4011 1038 4076; x_wconf 87' lang='lat' dir='ltr'>fluctus</span> <span class='ocrx_word' id='word_1_218' title='bbox 1062 4011 1199 4096; x_wconf 90' lang='lat' dir='ltr'>gentilia</span> <span class='ocrx_word' id='word_1_219' title='bbox 1220 4010 1323 4090; x_wconf 82' lang='lat' dir='ltr'>verbi,</span> 
     </span>
     <span class='ocr_line' id='line_1_36' title="bbox 634 4113 1418 4201; baseline -0.003 -23"><span class='ocrx_word' id='word_1_220' title='bbox 634 4113 736 4178; x_wconf 87' lang='lat' dir='ltr'>Arida</span> <span class='ocrx_word' id='word_1_221' title='bbox 758 4115 923 4179; x_wconf 87' lang='lat' dir='ltr'>mellifluis</span> <span class='ocrx_word' id='word_1_222' title='bbox 946 4114 1147 4201; x_wconf 88' lang='lat' dir='ltr'>perfundens</span> <span class='ocrx_word' id='word_1_223' title='bbox 1170 4134 1249 4177; x_wconf 85' lang='lat' dir='ltr'>arra</span> <span class='ocrx_word' id='word_1_224' title='bbox 1270 4113 1418 4177; x_wconf 90' lang='lat' dir='ltr'>fluentis:</span> 
     </span>
     <span class='ocr_line' id='line_1_37' title="bbox 633 4216 1460 4304; baseline -0.001 -24"><span class='ocrx_word' id='word_1_225' title='bbox 633 4217 686 4281; x_wconf 92' lang='lat' dir='ltr'>De</span> <span class='ocrx_word' id='word_1_226' title='bbox 709 4218 827 4302; x_wconf 90' lang='lat' dir='ltr'>quibus</span> <span class='ocrx_word' id='word_1_227' title='bbox 850 4219 1005 4304; x_wconf 90' lang='lat' dir='ltr'>aequorei</span> <span class='ocrx_word' id='word_1_228' title='bbox 1028 4224 1125 4304; x_wconf 92' lang='lat' dir='ltr'>potus</span> <span class='ocrx_word' id='word_1_229' title='bbox 1147 4217 1288 4282; x_wconf 90' lang='lat' dir='ltr'>hausere</span> <span class='ocrx_word' id='word_1_230' title='bbox 1312 4216 1460 4280; x_wconf 90' lang='lat' dir='ltr'>Britanni</span> 
     </span>
     <span class='ocr_line' id='line_1_38' title="bbox 633 4319 1468 4406; baseline 0 -24"><span class='ocrx_word' id='word_1_231' title='bbox 633 4319 704 4382; x_wconf 89' lang='lat' dir='ltr'>lam</span> <span class='ocrx_word' id='word_1_232' title='bbox 727 4320 791 4384; x_wconf 94' lang='lat' dir='ltr'>sibi</span> <span class='ocrx_word' id='word_1_233' title='bbox 814 4326 995 4406; x_wconf 88' lang='lat' dir='ltr'>perpetuae</span> <span class='ocrx_word' id='word_1_234' title='bbox 1020 4319 1151 4384; x_wconf 82' lang='lat' dir='ltr'>Christo</span> <span class='ocrx_word' id='word_1_235' title='bbox 1174 4319 1317 4384; x_wconf 90' lang='lat' dir='ltr'>donante</span> <span class='ocrx_word' id='word_1_236' title='bbox 1342 4319 1468 4382; x_wconf 87' lang='lat' dir='ltr'>salutis.</span> 
     </span>
     <span class='ocr_line' id='line_1_39' title="bbox 633 4421 1845 4506; baseline 0 -18"><span class='ocrx_word' id='word_1_237' title='bbox 633 4425 743 4488; x_wconf 85' lang='lat' dir='ltr'>Eduin</span> <span class='ocrx_word' id='word_1_238' title='bbox 765 4423 892 4488; x_wconf 88' lang='lat' dir='ltr'>interea</span> <span class='ocrx_word' id='word_1_239' title='bbox 913 4429 1061 4487; x_wconf 82' lang='lat' dir='ltr'>veterum</span> <span class='ocrx_word' id='word_1_240' title='bbox 1084 4421 1126 4486; x_wconf 90' lang='lat' dir='ltr'>de</span> <span class='ocrx_word' id='word_1_241' title='bbox 1149 4422 1297 4506; x_wconf 88' lang='lat' dir='ltr'>germine</span> <span class='ocrx_word' id='word_1_242' title='bbox 1320 4441 1445 4505; x_wconf 86' lang='lat' dir='ltr'>regum,</span> <span class='ocrx_word' id='word_1_243' title='bbox 1710 4439 1742 4489; x_wconf 81' lang='lat' dir='ltr'>B.</span> <span class='ocrx_word' id='word_1_244' title='bbox 1757 4439 1798 4504; x_wconf 86' lang='grc' dir='ltr'>ΙΙ,</span> <span class='ocrx_word' id='word_1_245' title='bbox 1813 4451 1845 4488; x_wconf 78' lang='lat'>12.</span> 
     </span>
     <span class='ocr_line' id='line_1_40' title="bbox 633 4524 1519 4611; baseline -0.006 -21"><span class='ocrx_word' id='word_1_246' title='bbox 633 4527 798 4593; x_wconf 86' lang='lat' dir='ltr'>Euborica</span> <span class='ocrx_word' id='word_1_247' title='bbox 821 4527 961 4611; x_wconf 90' lang='lat' dir='ltr'>genitus,</span> <span class='ocrx_word' id='word_1_248' title='bbox 985 4524 1220 4610; x_wconf 90' lang='lat' dir='ltr'>dominusper</span> <span class='ocrx_word' id='word_1_249' title='bbox 1243 4530 1359 4588; x_wconf 90' lang='lat' dir='ltr'>cuncta</span> <span class='ocrx_word' id='word_1_250' title='bbox 1380 4524 1519 4604; x_wconf 87' lang='lat' dir='ltr'>futurus,</span> 
     </span>
     <span class='ocr_line' id='line_1_41' title="bbox 634 4627 1448 4715; baseline -0.005 -19"><span class='ocrx_word' id='word_1_251' title='bbox 634 4633 755 4696; x_wconf 91' lang='lat' dir='ltr'>Pulsus</span> <span class='ocrx_word' id='word_1_252' title='bbox 779 4631 812 4694; x_wconf 94' lang='lat' dir='ltr'>in</span> <span class='ocrx_word' id='word_1_253' title='bbox 835 4631 968 4694; x_wconf 86' lang='lat' dir='ltr'>exilium</span> <span class='ocrx_word' id='word_1_254' title='bbox 991 4629 1076 4713; x_wconf 92' lang='lat' dir='ltr'>fugit</span> <span class='ocrx_word' id='word_1_255' title='bbox 1098 4649 1181 4715; x_wconf 91' lang='lat' dir='ltr'>puer</span> <span class='ocrx_word' id='word_1_256' title='bbox 1203 4627 1314 4692; x_wconf 80' lang='lat' dir='ltr'>invida</span> <span class='ocrx_word' id='word_1_257' title='bbox 1336 4647 1448 4713; x_wconf 86' lang='lat' dir='ltr'>regna.</span> 
     </span>
     <span class='ocr_line' id='line_1_42' title="bbox 635 4730 1457 4818; baseline -0.007 -19"><span class='ocrx_word' id='word_1_258' title='bbox 635 4735 757 4799; x_wconf 91' lang='lat' dir='ltr'>Oroma</span> <span class='ocrx_word' id='word_1_259' title='bbox 779 4734 912 4818; x_wconf 86' lang='lat' dir='ltr'>gentilis</span> <span class='ocrx_word' id='word_1_260' title='bbox 936 4754 1001 4817; x_wconf 88' lang='lat' dir='ltr'>qua</span> <span class='ocrx_word' id='word_1_261' title='bbox 1022 4730 1150 4796; x_wconf 81' lang='lat' dir='ltr'>viderat</span> <span class='ocrx_word' id='word_1_262' title='bbox 1173 4732 1244 4817; x_wconf 87' lang='lat' dir='ltr'>ipse</span> <span class='ocrx_word' id='word_1_263' title='bbox 1269 4751 1457 4816; x_wconf 89' lang='lat' dir='ltr'>supernum,</span> 
     </span>
     <span class='ocr_line' id='line_1_43' title="bbox 635 4833 1488 4923; baseline -0.005 -20"><span class='ocrx_word' id='word_1_264' title='bbox 635 4839 739 4903; x_wconf 88' lang='lat' dir='ltr'>Nocte</span> <span class='ocrx_word' id='word_1_265' title='bbox 764 4843 928 4923; x_wconf 89' lang='lat' dir='ltr'>soporata,</span> <span class='ocrx_word' id='word_1_266' title='bbox 952 4837 1042 4901; x_wconf 88' lang='lat' dir='ltr'>solus</span> <span class='ocrx_word' id='word_1_267' title='bbox 1066 4834 1143 4899; x_wconf 92' lang='lat' dir='ltr'>dum</span> <span class='ocrx_word' id='word_1_268' title='bbox 1165 4841 1313 4920; x_wconf 88' lang='lat' dir='ltr'>tempore</span> <span class='ocrx_word' id='word_1_269' title='bbox 1337 4833 1488 4918; x_wconf 90' lang='lat' dir='ltr'>quodam,</span> 
     </span>
     <span class='ocr_line' id='line_1_44' title="bbox 553 4936 1528 5025; baseline -0.004 -21"><span class='ocrx_word' id='word_1_270' title='bbox 553 4967 577 5004; x_wconf 83' lang='grc'>55</span> <span class='ocrx_word' id='word_1_271' title='bbox 638 4943 746 5006; x_wconf 82' lang='lat' dir='ltr'>Anxia</span> <span class='ocrx_word' id='word_1_272' title='bbox 768 4939 868 5005; x_wconf 90' lang='lat' dir='ltr'>corda</span> <span class='ocrx_word' id='word_1_273' title='bbox 890 4961 1009 5025; x_wconf 89' lang='lat' dir='ltr'>gerens</span> <span class='ocrx_word' id='word_1_274' title='bbox 1033 4939 1130 5020; x_wconf 83' lang='lat' dir='ltr'>curis,</span> <span class='ocrx_word' id='word_1_275' title='bbox 1154 4939 1227 5002; x_wconf 88' lang='lat' dir='ltr'>loca</span> <span class='ocrx_word' id='word_1_276' title='bbox 1250 4957 1395 5022; x_wconf 89' lang='lat' dir='ltr'>congrua</span> <span class='ocrx_word' id='word_1_277' title='bbox 1416 4936 1528 5016; x_wconf 85' lang='lat' dir='ltr'>adivit,</span> 
     </span>
    </p>
   </div>
   <div class='ocr_carea' id='block_1_3' title="bbox 323 5114 1695 5134">
    <p class='ocr_par' dir='ltr' id='par_1_22' title="bbox 323 5114 1695 5134">
     <span class='ocr_line' id='line_1_45' title="bbox 323 5114 1695 5134; baseline -0.012 -2"><span class='ocrx_word' id='word_1_278' title='bbox 323 5119 858 5134; x_wconf 67' lang='lat'>..-...-—„——..-—.-.——-—-——--</span> <span class='ocrx_word' id='word_1_279' title='bbox 877 5115 1288 5124; x_wconf 48' lang='lat'>......-.-.—-—-—-———.--2-</span> <span class='ocrx_word' id='word_1_280' title='bbox 1300 5115 1334 5120; x_wconf 80' lang='grc'>..-</span> <span class='ocrx_word' id='word_1_281' title='bbox 1352 5115 1358 5119; x_wconf 92' lang='grc'>.</span> <span class='ocrx_word' id='word_1_282' title='bbox 1691 5114 1695 5118; x_wconf 87' lang='grc'>.</span> 
     </span>
    </p>
   </div>
   <div class='ocr_carea' id='block_1_4' title="bbox 215 5229 1872 5388">
    <p class='ocr_par' dir='ltr' id='par_1_23' title="bbox 215 5229 1872 5388">
     <span class='ocr_line' id='line_1_46' title="bbox 320 5229 1871 5307; baseline -0.009 -13"><span class='ocrx_word' id='word_1_283' title='bbox 320 5241 351 5294; x_wconf 89' lang='grc'>61</span> <span class='ocrx_word' id='word_1_284' title='bbox 371 5245 438 5307; x_wconf 84' lang='lat' dir='ltr'>Quid</span> <span class='ocrx_word' id='word_1_285' title='bbox 457 5244 503 5294; x_wconf 88' lang='lat' dir='ltr'>tihi</span> <span class='ocrx_word' id='word_1_286' title='bbox 522 5241 577 5292; x_wconf 80' lang='lat' dir='ltr'>cod.</span> <span class='ocrx_word' id='word_1_287' title='bbox 597 5239 727 5290; x_wconf 74' lang='lat' dir='ltr'>[dernensis</span> <span class='ocrx_word' id='word_1_288' title='bbox 745 5245 796 5287; x_wconf 79' lang='lat' dir='ltr'>test.</span> <span class='ocrx_word' id='word_1_289' title='bbox 818 5237 898 5286; x_wconf 80' lang='lat' dir='ltr'>Galea</span> <span class='ocrx_word' id='word_1_290' title='bbox 916 5235 943 5283; x_wconf 84' lang='lat' dir='ltr'>in</span> <span class='ocrx_word' id='word_1_291' title='bbox 956 5235 1079 5299; x_wconf 79' lang='lat' dir='ltr'>murpiue.</span> <span class='ocrx_word' id='word_1_292' title='bbox 1166 5230 1200 5282; x_wconf 85' lang='grc'>64</span> <span class='ocrx_word' id='word_1_293' title='bbox 1220 5241 1275 5298; x_wconf 83' lang='lat' dir='ltr'>post</span> <span class='ocrx_word' id='word_1_294' title='bbox 1288 5231 1357 5282; x_wconf 70' lang='lat' dir='ltr'>alab.</span> <span class='ocrx_word' id='word_1_295' title='bbox 1446 5229 1480 5280; x_wconf 90' lang='grc'>66</span> <span class='ocrx_word' id='word_1_296' title='bbox 1493 5230 1788 5281; x_wconf 67' lang='lat' dir='ltr'>tornatioremodeeu</span> <span class='ocrx_word' id='word_1_297' title='bbox 1800 5231 1871 5280; x_wconf 77' lang='lat' dir='ltr'>Mat.</span> 
     </span>
     <span class='ocr_line' id='line_1_47' title="bbox 215 5314 1872 5388; baseline -0.006 -12"><span class='ocrx_word' id='word_1_298' title='bbox 215 5327 250 5377; x_wconf 81' lang='grc'>86</span> <span class='ocrx_word' id='word_1_299' title='bbox 269 5331 363 5380; x_wconf 86' lang='lat' dir='ltr'>flnctus</span> <span class='ocrx_word' id='word_1_300' title='bbox 380 5330 521 5380; x_wconf 68' lang='lat' dir='ltr'>masacha-it</span> <span class='ocrx_word' id='word_1_301' title='bbox 546 5325 716 5388; x_wconf 77' lang='lat' dir='ltr'>ll&#39;ottcahoch,</span> <span class='ocrx_word' id='word_1_302' title='bbox 733 5325 814 5374; x_wconf 88' lang='lat' dir='ltr'>fluctu</span> <span class='ocrx_word' id='word_1_303' title='bbox 832 5322 889 5372; x_wconf 81' lang='lat' dir='ltr'>edd.</span> <span class='ocrx_word' id='word_1_304' title='bbox 996 5314 1608 5384; x_wconf 57' lang='grc' dir='ltr'>9305555505515.ρ[.ῑ’.1616515552.</span> <span class='ocrx_word' id='word_1_305' title='bbox 1713 5315 1747 5368; x_wconf 85' lang='grc'>95</span> <span class='ocrx_word' id='word_1_306' title='bbox 1757 5334 1872 5384; x_wconf 86' lang='lat' dir='ltr'>congrua</span> 
     </span>
    </p>
   </div>
   <div class='ocr_carea' id='block_1_5' title="bbox 214 5415 401 5465">
    <p class='ocr_par' dir='ltr' id='par_1_24' title="bbox 214 5415 401 5465">
     <span class='ocr_line' id='line_1_48' title="bbox 214 5415 401 5465; baseline 0.005 -1"><span class='ocrx_word' id='word_1_307' title='bbox 214 5415 306 5464; x_wconf 89' lang='lat' dir='ltr'>deiude</span> <span class='ocrx_word' id='word_1_308' title='bbox 329 5415 401 5465; x_wconf 78' lang='lat' dir='ltr'>Mau.</span> 
     </span>
    </p>
   </div>
   <div class='ocr_carea' id='block_1_6' title="bbox 313 5572 1870 5654">
    <p class='ocr_par' dir='ltr' id='par_1_25' title="bbox 313 5572 1870 5654">
     <span class='ocr_line' id='line_1_49' title="bbox 313 5572 1870 5654; baseline -0.004 -18"><span class='ocrx_word' id='word_1_309' title='bbox 313 5585 345 5650; x_wconf 80' lang='lat' dir='ltr'>l)</span> <span class='ocrx_word' id='word_1_310' title='bbox 359 5585 436 5639; x_wconf 82' lang='lat' dir='ltr'>llaec</span> <span class='ocrx_word' id='word_1_311' title='bbox 448 5599 503 5636; x_wconf 82' lang='lat' dir='ltr'>noa</span> <span class='ocrx_word' id='word_1_312' title='bbox 516 5583 646 5654; x_wconf 76' lang='lat' dir='ltr'>lepontm</span> <span class='ocrx_word' id='word_1_313' title='bbox 656 5582 687 5634; x_wconf 79' lang='lat' dir='ltr'>in</span> <span class='ocrx_word' id='word_1_314' title='bbox 701 5578 817 5634; x_wconf 73' lang='lat' dir='ltr'>Boedas</span> <span class='ocrx_word' id='word_1_315' title='bbox 828 5578 892 5631; x_wconf 78' lang='lat' dir='ltr'>hiet.</span> <span class='ocrx_word' id='word_1_316' title='bbox 906 5575 977 5638; x_wconf 77' lang='lat' dir='ltr'>eccl,</span> <span class='ocrx_word' id='word_1_317' title='bbox 990 5591 1070 5644; x_wconf 71' lang='lat' dir='ltr'>parom</span> <span class='ocrx_word' id='word_1_318' title='bbox 1083 5575 1113 5627; x_wconf 80' lang='lat' dir='ltr'>ln</span> <span class='ocrx_word' id='word_1_319' title='bbox 1127 5574 1303 5642; x_wconf 75' lang='lat' dir='ltr'>acquestibus</span> <span class='ocrx_word' id='word_1_320' title='bbox 1316 5573 1453 5628; x_wconf 82' lang='lat' dir='ltr'>Alcuinua</span> <span class='ocrx_word' id='word_1_321' title='bbox 1462 5572 1596 5642; x_wconf 79' lang='lat' dir='ltr'>sequitur.</span> <span class='ocrx_word' id='word_1_322' title='bbox 1648 5575 1674 5642; x_wconf 78' lang='lat'>2)</span> <span class='ocrx_word' id='word_1_323' title='bbox 1686 5575 1712 5640; x_wconf 91' lang='lat' dir='ltr'>I,</span> <span class='ocrx_word' id='word_1_324' title='bbox 1724 5575 1870 5630; x_wconf 71' lang='lat' dir='ltr'>ooo-ool.</span> 
     </span>
    </p>
   </div>
   <div class='ocr_carea' id='block_1_7' title="bbox 214 5683 1662 5827">
    <p class='ocr_par' dir='ltr' id='par_1_26' title="bbox 214 5683 1662 5827">
     <span class='ocr_line' id='line_1_50' title="bbox 214 5683 832 5758; baseline -0.002 -19"><span class='ocrx_word' id='word_1_325' title='bbox 214 5687 242 5756; x_wconf 84' lang='lat'>3)</span> <span class='ocrx_word' id='word_1_326' title='bbox 260 5687 302 5742; x_wconf 79' lang='lat' dir='ltr'>ila</span> <span class='ocrx_word' id='word_1_327' title='bbox 317 5703 371 5758; x_wconf 80' lang='lat' dir='ltr'>pro</span> <span class='ocrx_word' id='word_1_328' title='bbox 389 5687 442 5741; x_wconf 91' lang='lat' dir='ltr'>toti</span> <span class='ocrx_word' id='word_1_329' title='bbox 462 5686 600 5740; x_wconf 75' lang='lat' dir='ltr'>Anninus</span> <span class='ocrx_word' id='word_1_330' title='bbox 619 5685 738 5740; x_wconf 80' lang='lat' dir='ltr'>scrihere</span> <span class='ocrx_word' id='word_1_331' title='bbox 756 5683 832 5738; x_wconf 80' lang='lat' dir='ltr'>solet.</span> 
     </span>
     <span class='ocr_line' id='line_1_51' title="bbox 1608 5773 1662 5827; baseline 0 0"><span class='ocrx_word' id='word_1_332' title='bbox 1608 5773 1662 5827; x_wconf 76' lang='lat'>22*</span> 
     </span>
    </p>
   </div>
   <div class='ocr_carea' id='block_1_8' title="bbox 0 0 2293 6436">
    <p class='ocr_par' dir='ltr' id='par_1_27' title="bbox 0 0 2293 6436">
     <span class='ocr_line' id='line_1_52' title="bbox 0 0 2293 6436; baseline 0 0"><span class='ocrx_word' id='word_1_333' title='bbox 0 0 2293 6436; x_wconf 95' lang='lat' dir='ltr'> </span> 
     </span>
    </p>
   </div>
  </div>
 </body>
</html>
