4628 6428
1027 413 1177 469 ALCUINI
1196 414 1372 469 CARMTNA.

835 635 878 679 xx
911 614 975 678 AD
998 613 1127 678 ARAM
1151 613 1314 679 SANCTI
1337 610 1563 678 ANDREAE.

744 741 869 808 Doetor
891 743 1092 829 apostolicus
1115 742 1217 829 (hune
1239 743 1322 807 haee
1344 763 1409 806 vox
1431 742 1517 805 alma
1538 735 1716 802 Iohannis¹

829 844 930 910 ‘Eece
953 845 1007 910 dei
1030 847 1165 910 veniens
1188 867 1292 932 agnus
1315 845 1356 910 ab
1380 865 1454 908 arce
1476 841 1599 929 patris,

745 948 880 1014 Miserat
903 948 944 1013 ad
968 948 1150 1024 Christum,
1175 970 1306 1035 semper
1329 952 1522 1033 sequeretur
1543 951 1581 1009 ut
1603 943 1707 1026 illum)

826 1052 976 1118 Andreas
1000 1075 1089 1118 aram
1113 1061 1224 1117 servet
1246 1054 1287 1117 ab
1311 1053 1405 1118 hoste
1428 1069 1530 1115 suam.

771 1321 825 1364 xxi
859 1301 923 1365 AD
946 1302 1076 1366 ARAM
1100 1299 1306 1366 SANCTAE
1329 1295 1633 1363 ALDEGUNDIS.

742 1428 836 1493 Haec
858 1429 1065 1515 Aldeguudis
1089 1428 1275 1495 veneranda
1298 1434 1350 1494 est
1371 1427 1508 1512 virginis
1531 1446 1598 1506 ara,

826 1533 926 1598 Adsit
936 1541 983 1598 ''et
1005 1534 1058 1598 hie
1081 1555 1238 1620 praeseus
1261 1533 1342 1597 haee
1365 1531 1518 1619 precibus
1541 1527 1664 1616 populi.

686 1802 751 1846 xxu
788 1781 850 1846 AD
874 1782 1005 1847 ARAM
1028 1781 1191 1847 SANCTI
1215 1780 1436 1847 IOHANNIS
1460 1774 1722 1843 BAPTISTAE.

744 1911 818 1976 Hoc
841 1913 943 1976 altare
967 1919 1059 1976 tenet
1082 1918 1214 1976 sanetus
1236 1911 1381 1996 baptista
1404 1909 1580 1989 lohannes,

826 2014 1028 2079 Praecursor
1051 2014 1174 2078 Christi
1197 2035 1335 2099 magnus
1358 2014 1391 2076 in
1415 2013 1494 2078 orbe
1519 2010 1583 2077 dei.

745 2117 809 2191 Qui
833 2119 922 2182 solus
946 2117 1049 2202 digito
1074 2116 1240 2182 Christum
1263 2117 1457 2180 monstravit
1479 2115 1607 2194 adesse,

827 2219 896 2285 Iste
920 2241 1037 2306 praees
1053 2228 1189 2292 ¹nostras
1212 2220 1354 2298 adiuvet,
1378 2226 1465 2306 opto,
1490 2218 1568 2282 suis.

833 2489 908 2534 xxm
942 2468 1004 2532 AD
1027 2467 1157 2532 ARAM
1180 2465 1343 2533 SANCTI
1367 2464 1584 2531 GERMANI.

742 2596 897 2661 fPraesuli
921 2594 1085 2659 Germano
1108 2616 1227 2680 magua
1249 2601 1300 2658 est
1322 2595 1404 2659 haee
1427 2615 1484 2658 ara
1507 2593 1623 2670 dicata,

830 2697 936 2770 Quam
959 2696 1054 2761 modo
1077 2698 1143 2762 iam
1166 2698 1282 2777 cernis,
1306 2717 1383 2760 eece
1407 2697 1511 2760 viator
1536 2715 1647 2758 ovans.

829 2965 905 3010 xruv
943 2941 1017 3029 [AD
1041 2943 1170 3007 ARAM
1194 2942 1356 3007 SANCTI
1379 2937 1584 3027 AMANDI}

747 3071 842 3136 Hane
865 3091 956 3134 aram
979 3069 1101 3133 Christi
1124 3071 1311 3156 praeclarus
1334 3075 1459 3133 amator
1481 3067 1649 3132 Amandus

829 3172 997 3238 Defendet
1019 3174 1145 3236 meritis
1169 3194 1299 3258 semper
1321 3172 1361 3236 ab
1385 3172 1480 3236 hoste
1504 3171 1582 3236 suis.

486 3445 551 3490 xxv
588 3421 663 3510 [AD
687 3413 816 3486 ARAM
839 3419 1001 3486 SANCTI
1025 3418 1232 3491 QUINTINI
1253 3419 1311 3483 ET
1334 3418 1585 3484 MICHAELIS
1608 3415 1971 3506 hiremarum}

747 3548 902 3634 Martyris
925 3548 1051 3633 egregii
1074 3546 1222 3621 Quintiui
1246 3549 1348 3613 altare
1370 3547 1543 3634 triumphis

832 3651 906 3715 Hoe
928 3651 1043 3736 fulget,
1067 3653 1188 3737 populo
1212 3652 1287 3715 huie
1312 3653 1366 3736 qui
1388 3652 1474 3716 ferat
1495 3651 1663 3715 auxilium.

748 3753 903 3839 Aligeros
927 3755 1014 3818 inter
1037 3754 1143 3818 socios
1166 3775 1376 3839 summosque
1399 3755 1565 3818 ministros

831 3856 976 3921 Michaei
999 3857 1162 3944 princeps,
1185 3857 1309 3942 primus
1334 3857 1367 3920 in
1389 3877 1464 3921 aree
1487 3857 1566 3942 poli,

682 3982 694 4018 s
751 3957 844 4024 Haec
867 3960 941 4023 loea
963 3967 1136 4024 conservet
1159 3980 1278 4044 magua
1299 3959 1423 4044 pietate
1448 3959 1591 4023 tonantis

832 4059 877 4123 Et
900 4060 1037 4124 veniens
1060 4061 1189 4124 veniam
1212 4068 1328 4146 poscat
1350 4067 1383 4124 et
1407 4061 1478 4146 ipse
1502 4081 1604 4126 suam.

1081 4219 1167 4223 —-—
1178 4218 1367 4226 -———-.—.—.

771 4333 845 4376 xm
878 4309 953 4398 [Au
976 4311 1105 4376 seru
1129 4311 1335 4376 susurru
1359 4311 1659 4399 admovemur.

752 4441 855 4526 Virgo
880 4446 1010 4503 sacrata
1031 4439 1093 4505 deo
1118 4440 1316 4505 caelestibus
1339 4441 1461 4526 inclyta
1483 4441 1577 4507 donis

836 4541 997 4605 Laetetur
1018 4542 1103 4605 votis
1125 4541 1180 4605 hie
1203 4539 1372 4606 Genovefa
1393 4543 1468 4607 tuis.

706 4783 952 4851 VERSICULI
974 4784 1132 4850 ALBINI
1154 4785 1217 4849 AD
1240 4786 1464 4853 RADONEM
1490 4787 1718 4853 ABBATEM.

747 4913 824 4979 Noli
847 4933 962 4998 queso,
985 4921 1089 4999 pater,
1113 4917 1305 4979 munuscula
1328 4939 1484 5002 spernere
1507 4925 1631 4997 nostra,

753 5015 897 5079 Parvula
919 5014 946 5077 si
969 5014 1091 5097 videas,
1115 5037 1235 5101 magua
1256 5017 1338 5081 haee
1362 5016 1495 5084 dileetio
1518 5019 1626 5084 mittit.

499 5309 511 5372 ΙΙ
534 5307 587 5373 [rx]
606 5307 621 5359 1
639 5308 798 5360 iohannssA
888 5305 1043 5358 4ssruatA
1138 5306 1150 5372 ΙΙ
1172 5305 1235 5374 [xxi]
1254 5311 1340 5372 omQ
1430 5309 1441 5374 ΙΙ
1463 5310 1545 5378 [xxm]
1564 5312 1604 5362 hic
1615 5311 1715 5378 finitA
1728 5315 1759 5378 s.
1779 5315 1817 5367 94
1841 5339 1923 5386 qm
1944 5340 2108 5394 „quantur

385 5403 494 5452 servavit
509 5409 608 5451 tantum
620 5402 643 5464 Q
654 5419 681 5450 a.
695 5402 1020 5464 LXXXVII-LXXXIX,
1037 5403 1121 5453 titulos
1133 5402 1385 5454 addiditFrobeniua
1391 5423 1420 5470 p.
1430 5403 1481 5455 211
1564 5406 1574 5470 ΙΙ
1587 5403 1658 5471 [xxv]
1676 5402 1753 5458 thie
1771 5411 1797 5472 Q
1881 5415 1902 5468 3
1917 5422 2071 5490 [ungam
2085 5426 2109 5488 Q

383 5491 394 5558 ΙΙ
411 5495 509 5544 Versus
526 5492 558 5542 ad
575 5495 707 5544 Manem
724 5492 841 5543 abbatem
859 5491 887 5556 V,
905 5493 1201 5546 versiculi-abbatem
1218 5495 1272 5546 cort
1291 5495 1406 5548 Bersera.
1425 5499 1458 5548 K.
1478 5497 1536 5550 785.
1555 5497 1606 5549 795
1623 5516 1642 5550 s.
1657 5500 1689 5552 X.
1710 5502 1730 5560 f.
1758 5500 1815 5558 172
1838 5527 1866 5561 v,

493 5669 521 5735 1)
539 5669 599 5724 lou.
619 5672 643 5733 1,
652 5672 696 5733 29,
705 5671 748 5736 36,
758 5672 801 5726 40.
