4666 6406
768 391 816 446 ΑΙ)
834 392 1033 448 MONACHOS
1052 394 1183 451 SANOTI
1202 397 1403 454 BENEDICTI.

626 563 672 626 Ut
695 565 830 629 cerebro
853 565 1023 652 Euphorbi
1048 566 1177 632 Samius
1201 575 1291 634 satus
1315 592 1390 636 esse
1414 574 1573 658 putatur¹,

707 668 761 733 Sic
784 669 885 734 Nursi
907 672 1010 757 patris
1034 673 1067 735 in
1090 678 1122 737 te
1145 681 1317 740 revocatur
1341 697 1432 764 opus.

625 771 671 835 Ut
693 794 752 858 per
774 773 970 838 'laudulfum
994 775 1144 848 Teudulfi
1167 776 1268 842 verba
1290 781 1456 864 precantis

543 893 569 934 so
710 874 843 962 imples,
867 898 1005 962 cumque
1029 899 1094 942 una
1116 878 1141 942 it
1164 880 1239 944 hinc
1262 903 1361 966 prece
1384 903 1504 948 nomen
1527 884 1630 950 idem:

626 977 681 1043 Sic
703 978 902 1044 Benedictus
926 981 956 1044 ei
980 986 1103 1067 perte,
1126 981 1316 1064 Benedicta,
1341 985 1427 1069 quod
1450 992 1552 1073 optat,

695 1080 859 1164 Conferat,
883 1090 917 1148 et
938 1083 1007 1148 voti
1030 1091 1066 1148 tu
1088 1084 1251 1150 mediator
1273 1107 1339 1151 eas.

626 1183 786 1269 Quodque
809 1186 879 1264 fuit,
904 1185 1034 1268 Casina,
1057 1186 1117 1250 tibi
1140 1188 1214 1273 pius
1237 1189 1290 1252 hic
1314 1195 1407 1274 pater
1430 1192 1516 1272 olim,

707 1288 780 1352 Hoc
803 1289 900 1353 modo
924 1290 967 1353 sit
989 1291 1103 1369 cellae,
1127 1291 1205 1355 urbs
1228 1291 1421 1374 Aureliana,
1444 1300 1531 1374 tuae,

544 1413 568 1451 ss
629 1391 734 1466 Quam
757 1394 841 1460 bene
864 1394 1032 1459 Mitiacum
1054 1395 1209 1460 vocitavit
1231 1396 1339 1482 prisca
1361 1398 1535 1477 vetustas²,

707 1497 798 1572 Quae
821 1497 883 1562 luit
906 1497 1087 1584 auspicium
1110 1498 1244 1562 mitibus
1267 1506 1344 1564 ante
1368 1500 1503 1566 choris⁸.

624 1599 824 1665 Maximinus
847 1601 892 1664 ibi
917 1601 1054 1665 fratrum
1077 1607 1234 1666 vernante
1258 1623 1377 1667 corona

709 1705 866 1786 Praefuit,
891 1704 941 1768 his
966 1704 1092 1770 scandit
1115 1707 1245 1770 iunctus
1269 1705 1310 1770 ad
1334 1713 1423 1772 astra
1444 1709 1522 1794 poli,

626 1806 773 1894 Corpora
795 1815 870 1872 sunt
892 1829 1029 1892 quorum
1052 1809 1149 1873 variis
1174 1810 1333 1874 tumulata
1356 1811 1524 1896 sepulcris,

543 1931 568 1970 io
715 1911 798 1977 Sunt
820 1912 948 1977 animae
971 1913 1005 1975 in
1029 1912 1156 1976 sinibus
1180 1911 1248 1990 sed,
1271 1913 1468 1998 patriarcha,
1480 1915 1567 1982 tuis.

625 2016 695 2080 Has
718 2016 788 2080 fera
809 2015 1005 2096 barbariem,
1030 2022 1185 2101 exempto
1208 2037 1345 2081 munere
1368 2017 1471 2102 pacis,

707 2116 969 2198 Deiecitsedes,
992 2117 1206 2202 destituitque
1230 2119 1348 2198 locum,

626 2221 691 2296 Qui
712 2223 862 2308 proprios
885 2222 990 2287 tenuit
1013 2221 1151 2301 cineres,
1173 2228 1273 2306 utque
1298 2223 1367 2287 ales
1390 2222 1481 2289 Εοει5

701 2325 753 2390 De
779 2326 924 2390 cinerum
946 2327 1042 2411 lapsu
1064 2325 1169 2389 tendit
1191 2325 1232 2389 ad
1255 2327 1323 2390 alta
1345 2328 1463 2411 caput'

543 2449 568 2486 c
629 2427 692 2492 His
715 2428 761 2492 ita
782 2427 893 2508 finitis,
917 2428 1051 2492 fratrum
1073 2434 1150 2514 pete
1176 2430 1305 2494 concita
1327 2435 1468 2510 coetum,

706 2530 794 2605 Quos
818 2531 1084 2616 circumspiciens
1108 2553 1230 2596 cernua
1253 2532 1349 2598 flecte
1372 2553 1470 2616 genu.

624 2636 734 2700 Pauca
756 2637 939 2700 locuturam
955 2635 1095 2721 primum
1117 2634 1308 2700 benedicier
1330 2656 1397 2718 ora,

704 2739 786 2804 Inde
808 2737 964 2803 morando
988 2738 1078 2823 prius
1102 2737 1214 2823 accipe
1238 2759 1320 2802 voce
1344 2759 1476 2803 sonum:

627 2845 693 2909 ‘Me
717 2844 778 2909 tibi
800 2842 983 2908 Teudulfus
1007 2842 1197 2922 transmisit,
1220 2842 1317 2906 turba
1338 2842 1446 2924 beata,

543 2970 568 3008 so
715 2948 778 3023 Qui
801 2954 911 3012 oratus
935 2947 1036 3011 vestri
1060 2966 1188 3010 sumere
1211 2945 1318 3033 poscit
1341 2966 1448 3032 opem.

626 3050 747 3116 Vestra
769 3051 838 3114 suis
861 3056 989 3114 crescat
1011 3048 1181 3134 plantatio,
1206 3048 1343 3132 quaerit,
1366 3049 1399 3111 in
1423 3048 1520 3129 arvis,

704 3153 756 3218 De
780 3174 844 3238 qua
867 3152 947 3217 odor
969 3151 1124 3216 ambrosii
1147 3151 1290 3216 nectaris
1313 3156 1401 3214 astra
1423 3156 1525 3236 petat.

625 3256 763 3320 Rivulus
786 3255 871 3320 hanc
893 3261 1023 3320 vestrae
1048 3254 1163 3318 crebro
1186 3253 1294 3339 precis
1317 3253 1439 3338 inriget
1461 3255 1576 3334 almus,

706 3358 856 3423 Tendere
879 3378 942 3442 quo
966 3356 1060 3421 radix
1081 3356 1215 3421 brachia
1238 3356 1331 3420 firma
1355 3358 1474 3442 queat?

544 3484 569 3521 ss
626 3461 774 3525 Desieris
798 3481 872 3524 cum
894 3459 979 3524 forte
999 3459 1099 3543 loqui,
1122 3465 1200 3523 tunc
1224 3464 1313 3523 tecta
1332 3460 1470 3524 licenter

703 3562 883 3627 Narratura
904 3567 1033 3647 patrum
1058 3566 1175 3626 cuncta
1198 3561 1304 3626 revise
1327 3559 1433 3625 mihil.

627 3667 698 3742 Quo
721 3665 840 3732 dormit
862 3665 916 3752 pia
938 3665 1044 3745 turba,
1067 3663 1153 3744 vide,
1179 3685 1243 3749 quo
1268 3663 1406 3750 suscipit
1430 3684 1534 3744 escas,

709 3770 781 3845 Quo
803 3769 886 3854 legit
908 3773 941 3832 et
963 3767 1086 3854 psallit,
1109 3787 1215 3852 quove
1239 3773 1393 3853 operatur
1415 3765 1480 3830 adi.

626 3873 758 3940 (lernito
781 3874 965 3961 pistrinum,
989 3895 1050 3939 nec
1073 3872 1209 3959 despice
1234 3878 1323 3938 tecta
1345 3873 1517 3958 coquinae,

545 4001 570 4039 so
715 3977 828 4052 Quove
851 3977 961 4042 iacent
982 3976 1148 4059 membris,
1173 3977 1229 4062 qui
1251 3976 1335 4041 bene
1358 3982 1468 4042 mente
1490 3976 1612 4062 vigent.

627 4081 773 4169 Hospitii
796 4103 874 4146 mox
898 4102 995 4146 cerne
1019 4082 1136 4162 locum,
1161 4099 1323 4165 quemque
1346 4079 1468 4143 incolat
1490 4079 1556 4159 ille,

711 4184 775 4259 Qui
798 4206 882 4249 noua
905 4205 991 4249 nunc
1014 4184 1154 4270 primum
1176 4182 1272 4247 miles
1295 4182 1330 4245 in
1353 4203 1444 4246 arma
1465 4183 1581 4248 ventu.

628 4289 700 4364 Quo
724 4288 785 4353 tibi
807 4289 949 4374 quaesiti
971 4287 1077 4353 deerit
1098 4286 1285 4374 praesentia
1306 4285 1426 4364 fratris,

709 4392 807 4456 Hunc
830 4391 894 4456 iter
915 4391 977 4455 hoc
1000 4390 1172 4476 pulchrum
1195 4389 1406 4475 pertimuisse
1429 4387 1513 4454 dole.

544 4519 569 4557 ss
630 4493 711 4560 Inde
735 4494 898 4560 salutandi
920 4495 1053 4559 fratrem
1076 4494 1200 4580 pietate
1223 4493 1343 4572 revise,

706 4597 785 4663 Sum
809 4599 862 4664 cui
884 4599 1013 4662 iunctus
1037 4618 1100 4682 ego
1123 4597 1266 4678 nomine,
1290 4617 1355 4661 non
1378 4597 1524 4662 merito⁸.

371 4826 405 4880 38
422 4830 527 4880 iunctus
545 4829 644 4879 scandit
662 4827 790 4877 Mabillou

368 4964 395 5029 1)
424 4961 467 5030 Of.
491 4961 540 5015 Oc.
569 4961 637 5015 Met.
656 4961 721 5027 XV,
740 4962 797 5014 161.
891 4961 920 5028 2)
948 4963 995 5014 Oc.
1023 4960 1072 5014 Ea
1100 4961 1189 5013 Ponto
1207 4961 1265 5022 ΙΙΙ,
1285 4960 1369 5021 nilo
1395 4958 1486 5026 prisca
1504 4959 1634 5013 vetustas.
1722 4959 1750 5026 3)
1778 4960 1916 5016 Mortuos

264 5067 336 5118 Anu.
346 5064 389 5128 11,
401 5064 465 5118 335:
484 5063 565 5118 cuius
581 5067 687 5134 etymon
701 5081 719 5117 a
738 5063 853 5118 mititotc
870 5063 988 5127 deducit,
1004 5063 1114 5118 tametsi
1133 5061 1211 5131 opud
1229 5067 1331 5116 ueteres
1344 5059 1453 5129 passim
1466 5075 1522 5114 nan
1535 5061 1690 5126 Minaeum,
1704 5063 1752 5118 scd
1766 5063 1916 5120 Miciacum

263 5167 404 5226 scribtor,
419 5166 493 5236 quod
510 5170 536 5221 et
547 5168 696 5220 vernacula
707 5167 902 5236 pronuntiatio
916 5167 1069 5248 confimat.
1105 5167 1179 5220 Sane
1190 5165 1266 5219 lactu
1283 5164 1325 5219 ita
1342 5163 1432 5217 dictus
1451 5167 1517 5227 erat,
1534 5171 1681 5236 antequam
1697 5167 1916 5223 iiticmoncclria

264 5269 421 5324 Maairuino
440 5269 539 5324 obtata
557 5271 770 5325 instituerentur
788 5276 835 5324 etc.
887 5271 915 5337 4)
935 5270 1068 5326 Prudmt.
1087 5271 1215 5326 Hamart.
1235 5268 1287 5323 100
1305 5269 1372 5334 Quis
1390 5270 1449 5324 scra
1464 5268 1613 5323 barbaries.
1667 5270 1693 5338 5)
1713 5271 1774 5326 acis
1783 5271 1915 5340 phoenix.

264 5376 290 5442 6)
311 5373 476 5428 Benedictus
493 5373 686 5427 monasterium
703 5374 733 5428 in
751 5375 809 5428 loco
827 5375 940 5428 Auiano
957 5377 988 5428 iu
1004 5391 1077 5444 papo
1097 5373 1308 5443 Maqdalonensi
1324 5390 1342 5426 a
1361 5390 1390 5428 ae
1409 5378 1592 5428 corutrrictum
1604 5374 1659 5426 iam
1672 5391 1698 5426 a.
1712 5373 1762 5426 792
1774 5374 1805 5427 in
1818 5390 1916 5430 ananus

263 5478 338 5546 repis
358 5477 483 5540 tradidit,
499 5478 537 5545 cs.
556 5477 647 5532 Sickcl
666 5479 849 5532 ActaKarcli
866 5479 925 5547 115,
943 5477 1125 5533 Muludaclser
1143 5477 1212 5547 Ray.
1231 5477 1280 5531 der
1297 5477 1396 5531 Karai.
1415 5477 1509 5542 Ll20.
1581 5476 1608 5545 7)
1628 5476 1677 5530 Oc.
1696 5479 1756 5530 An.
1774 5479 1834 5531 Aut.
1849 5477 1916 5546 Ι,36

266 5579 320 5644 Qui
337 5597 410 5635 nova
427 5597 502 5635 nunc
517 5581 638 5651 primum
656 5581 736 5636 miles
753 5582 783 5636 in
801 5599 878 5638 arma
896 5581 981 5637 venis.
1061 5583 1089 5650 8)
1112 5581 1233 5636 Martini
1251 5579 1395 5635 Duruieus.
1414 5579 1478 5650 cpit.
1497 5581 1514 5634 6
1532 5579 1660 5644 Nomine,
1679 5595 1734 5632 uon
1753 5579 1852 5635 merito
1870 5579 1916 5635 hic

264 5684 294 5737 iu
307 5684 409 5740 Christi
427 5701 496 5754 pace
513 5686 632 5754 quiesco.
1004 5675 1005 5678 '

334 5785 438 5840 Porrus
450 5797 533 5838 urrisu
545 5797 605 5838 navt
615 5785 741 5838 Csnocnu
753 5787 773 5834 1.
1677 5777 1711 5828 66
