4988 6434
769 437 986 495 AENIGMA'I'A
1006 441 1103 507 Qltau
1121 443 1221 496 Mlslu
1240 443 1373 498 SORORI
1392 443 1491 498 SUAE.

667 609 715 674 Et
744 612 863 678 virtute
891 636 965 680 mea
992 616 1141 680 viventes
1169 617 1298 702 legibus
1321 620 1435 704 aequis

667 714 848 781 Sacrantur
877 718 1007 784 Christo
1037 729 1071 785 et
1099 721 1274 787 demuntur
1307 724 1442 788 crImina
1468 723 1586 809 prisca.

668 818 805 885 Clamor
835 831 951 888 cuncta
981 824 1034 890 dei
1065 828 1229 892 cernentis
1257 828 1390 913 praevia
1418 829 1512 913 legis,

666 923 794 988 Accola
823 948 895 990 sum
923 930 1036 1004 terris,
1067 931 1125 994 sed
1153 933 1237 996 caeli
1265 932 1306 996 ad
1338 933 1458 1017 gaudia
1486 933 1598 1019 plures

604 1057 615 1092 a
668 1026 873 1093 Transmitto
901 1032 1057 1096 inlustres
1088 1035 1215 1119 superis
1245 1042 1278 1099 et
1308 1035 1441 1102 sedibus
1470 1042 1575 1121 aptos.

667 1131 737 1194 Hic
766 1133 835 1197 sine
864 1156 916 1198 me
946 1137 1053 1202 nullus
1083 1137 1173 1201 Petri
1202 1140 1365 1204 consortia
1397 1141 1512 1220 sancti,

668 1233 836 1300 Omnibus
865 1245 921 1302 aut
951 1239 1045 1304 Pauli
1074 1249 1194 1327 captat,
1223 1243 1277 1326 qui
1306 1242 1425 1307 finibus
1456 1245 1544 1308 orbis

666 1337 821 1403 Luciflua
848 1350 1001 1426 promunt
1029 1344 1129 1408 fuscis
1162 1365 1235 1410 mea
1266 1347 1390 1410 lumina
1419 1347 1549 1411 saeclis.

665 1442 789 1507 Inclita
816 1465 868 1509 me
898 1448 1072 1532 nullusque
1103 1449 1219 1514 relicta
1247 1450 1289 1514 ad
1316 1451 1442 1537 premia
1471 1452 1591 1537 regni.

669 1545 875 1612 Conscendit
904 1549 1041 1632 Christi,
1072 1552 1192 1616 misero
1219 1575 1280 1618 nec
1308 1555 1414 1638 gratia
1441 1556 1555 1641 fulget.

668 1650 738 1714 Ast
766 1659 892 1722 tamen,
921 1653 986 1718 heu
1015 1657 1169 1726 miserae,
1204 1679 1269 1721 non
1298 1658 1418 1723 scando
1448 1659 1489 1722 ad
1519 1681 1619 1744 regna
1648 1662 1806 1746 polorum.

967 1825 1094 1912 [snas
1123 1827 1291 1916 sarua]

670 1932 798 1999 Sancta
830 1958 939 2002 comes
968 1938 1093 2003 faustos
1125 1961 1238 2006 omnes
1267 1942 1422 2005 comitata
1450 1943 1622 2027 perhortor

667 2037 872 2124 Perpetuam
902 2043 1028 2106 meritis
1059 2031 1151 2108 caelo
1180 2045 1414 2131 comprendere
1438 2047 1549 2111 vitam.

669 2141 718 2205 Et
746 2143 816 2206 sinc
848 2165 900 2208 me
930 2145 1057 2210 scandit
1088 2148 1195 2212 nullus
1230 2170 1289 2233 per
1318 2148 1459 2213 culmina
1483 2151 1575 2230 caeli,

592 2269 615 2302 a.
670 2245 748 2309 Sed
778 2247 905 2311 tristem
933 2271 970 2313 ac
993 2249 1147 2315 miseram
1174 2260 1249 2338 post
1278 2253 1367 2317 illinc
1396 2253 1482 2317 facta
1511 2261 1699 2318 secernunt:

668 2348 856 2415 Fortunata
883 2352 989 2426 ulmis,
1019 2354 1068 2416 si¹
1094 2376 1158 2418 non
1186 2356 1322 2420 mentita
1350 2356 1497 2436 fuissem,

667 2453 784 2518 Aurea
810 2455 1003 2540 promittens
1033 2464 1158 2522 starent
1184 2466 1219 2522 ut
1247 2459 1373 2523 ludicra
1402 2460 1524 2524 mundi.

668 2557 870 2643 Terrigenas
900 2560 1019 2644 iugiter
1048 2561 1132 2626 duco
1160 2561 1201 2626 ad
1230 2564 1387 2628 caelestia
1417 2586 1530 2648 regna,

668 2661 808 2725 Uiribus
836 2671 872 2726 ut
900 2662 975 2728 freti
1006 2665 1135 2731 tradant
1164 2666 1205 2730 ad
1235 2689 1373 2753 corpora
1404 2689 1538 2754 poenas,

596 2787 599 2794 ·
668 2765 838 2850 Regmina
865 2769 993 2832 venturi
1023 2778 1194 2855 captantes
1218 2792 1317 2836 aurea
1346 2772 1456 2838 saecli.

927 2937 1145 3026 [rusulum
1174 2941 1322 3030 arms]

666 3049 793 3136 Igneus
825 3074 866 3118 en
900 3054 1029 3138 genitor
1057 3055 1159 3120 fertur
1182 3057 1263 3121 mihi
1290 3055 1439 3143 Iuppiter
1461 3079 1546 3132 esse,

667 3155 822 3222 eribus
854 3165 887 3222 et
915 3159 1005 3244 virgo
1037 3160 1229 3225 stolidorum
1258 3161 1379 3228 famine
1409 3162 1508 3243 dicor,

669 3258 742 3324 Sed
772 3261 879 3326 scelus
909 3263 951 3326 ob
984 3264 1110 3327 varium
1144 3271 1248 3329 terras
1279 3265 1413 3349 liquisse
1445 3265 1636 3329 nefandas².

668 3361 864 3449 Terrigenis
893 3388 966 3430 raro
996 3367 1096 3432 faeles
1127 3389 1200 3433 mea
1229 3369 1373 3434 cernitur
1407 3390 1553 3453 usquam,

597 3481 615 3517 '⁶
668 3465 791 3532 Inclita
820 3470 983 3534 caelorum
1013 3470 1129 3534 fuerim
1159 3493 1231 3536 cum
1262 3472 1329 3536 filia
1352 3473 1451 3558 regis,

669 3567 812 3633 Talibus
847 3577 882 3633 ut
905 3572 1034 3656 genilor
1062 3571 1236 3636 moderans
1266 3591 1339 3637 cum
1370 3574 1499 3658 legibus
1529 3573 1652 3654 orbem,

669 3672 714 3737 In
741 3673 866 3758 gremio
895 3673 1041 3758 gaudens
1069 3682 1102 3740 et
1130 3677 1235 3761 figens
1264 3678 1376 3741 oscula
1404 3677 1517 3763 petris.

669 3776 787 3843 Aurea
815 3798 896 3862 gens
927 3778 1094 3842 hominum
1124 3801 1255 3867 semper
1282 3780 1442 3866 gauderet
1470 3781 1504 3844 in
1534 3801 1626 3860 aero,

670 3879 794 3945 Datam
823 3882 851 3946 si
880 3904 1027 3946 normam
1056 3890 1224 3948 servarent
1254 3885 1389 3970 virginis
1419 3887 1535 3949 almae.

669 3984 826 4050 Incubuit
853 3986 1001 4072 populis,
1030 3995 1140 4072 spreta
1168 4009 1237 4070 me,
1267 3989 1364 4053 turba
1394 3990 1561 4068 malorum,

669 4090 780 4154 Xristi
809 4088 884 4154 dum
917 4090 1037 4176 iugiter
1067 4093 1231 4156 calcarent
1263 4093 1353 4158 iussa
1382 4092 1538 4157 tonantis.

671 4192 806 4258 Idcirco
839 4200 1013 4279 penetrant
1042 4194 1171 4261 Herebi
1199 4197 1384 4262 subtristis.
1400 4196 1485 4283 nigri

669 4297 814 4364 Tartara
843 4298 992 4364 Plutonis
1022 4301 1218 4386 plangentes
1250 4301 1347 4387 ignca
1374 4301 1472 4386 regis.

408 4562 441 4614 41
461 4564 573 4614 uiuentis
599 4561 630 4623 Ε,
656 4563 756 4612 cunctis
785 4563 935 4612 uiuentibus
960 4563 1049 4628 aequis
1079 4565 1101 4610 C
1201 4560 1236 4612 43
1254 4561 1364 4628 Clamor]
1388 4564 1414 4613 id
1438 4571 1476 4613 est
1494 4579 1572 4613 uocor
1592 4563 1614 4612 C
1681 4571 1819 4614 cernentur
1837 4563 1968 4630 preuiaL

305 4647 339 4702 44
359 4649 511 4700 dccolorum
529 4667 596 4700 corr.
614 4666 687 4700 arum
707 4648 730 4698 L
800 4657 881 4699 terrae
902 4649 924 4698 ζ’
990 4649 1022 4698 ad
1040 4667 1088 4698 oar.
1109 4648 1139 4703 L,
1159 4658 1185 4698 et
1203 4647 1228 4698 P
1295 4650 1383 4716 pluraa
1402 4648 1429 4698 Ε
1530 4645 1566 4698 45
1583 4657 1657 4714 apter
1675 4648 1706 4714 L,
1724 4650 1790 4715 aptis
1808 4667 1875 4700 corr.
1894 4669 1923 4702 os
1946 4649 1970 4700 Ε

304 4735 340 4787 46
358 4738 488 4788 corrmrcia
506 4735 532 4786 P
632 4731 667 4784 47
685 4743 711 4785 et
734 4743 762 4786 ut
787 4735 856 4801 pauli
875 4735 898 4784 L
973 4737 1034 4801 quia
1054 4737 1076 4785 U
1180 4733 1215 4786 49
1234 4737 1332 4802 Inclyta
1351 4737 1383 4798 Ε,
1407 4735 1498 4786 Incolit
1521 4753 1536 4785 a
1556 4733 1578 4784 L
1648 4737 1720 4786 nulla
1738 4735 1771 4798 E,
1794 4738 1883 4788 nullus
1902 4737 1967 4787 PL

306 4823 399 4875 relecta
418 4824 448 4886 P,
472 4827 551 4877 electa
576 4824 598 4874 L
703 4821 739 4874 50
756 4823 867 4874 christus
886 4822 912 4872 P
983 4825 1088 4874 miseros
1114 4824 1136 4874 t'
1207 4825 1281 4874 fulcit
1301 4825 1322 4874 C
1429 4821 1461 4872 51
1481 4820 1597 4887 miserae]
1621 4824 1675 4874 scil.
1695 4824 1758 4874 milri
1779 4825 1801 4874 C
1873 4826 1967 4876 scarrdo

306 4928 354 4960 om.
375 4909 401 4959 P
467 4913 499 4961 sd
517 4929 565 4961 orn.
585 4909 643 4960 PL
657 4909 684 4960 Ε
796 4907 807 4972 ΙΙ
829 4911 891 4975 Spes
910 4912 978 4960 fatur
992 4909 1027 4968 L,
1046 4912 1108 4975 Spes
1127 4908 1165 4971 Ε,
1184 4911 1222 4960 Dc
1235 4927 1279 4976 spe
1300 4911 1322 4960 t'
1405 4907 1439 4961 53
1456 4910 1527 4960 eritis
1545 4911 1601 4972 celo
1620 4912 1793 4977 conprendere
1812 4911 1843 4975 L,
1861 4928 1966 4978 oonpre-

307 4997 416 5048 bendere
435 4997 460 5046 P
565 4995 599 5048 54
617 5000 651 5048 At
671 4995 694 5046 0
800 4993 834 5045 bb
852 4994 944 5044 nriscra
964 4993 990 5043 Ε
1057 4996 1108 5044 fata
1127 4993 1154 5042 Ε
1221 4995 1395 5047 secernantL
1499 4991 1534 5046 56
1552 4993 1627 5060 silnel
1645 5003 1671 5046 et
1691 4995 1714 5046 Ο
1816 4993 1849 5047 57
1869 4997 1969 5047 Prenriu

306 5084 454 5150 promittens
476 5085 498 5134 si
521 5093 618 5136 starent
643 5080 806 5149 [desinerentl
825 5081 923 5132 ludrica
943 5081 965 5130 0
1075 5078 1108 5130 59
1126 5097 1204 5147 penas
1223 5080 1246 5129 L
1359 5079 1395 5132 66
1413 5083 1547 5148 Regimina
1566 5082 1592 5132 Ε
1706 5078 1717 5144 ΙΙ
1738 5081 1838 5132 lustitia
1855 5083 1920 5132 dixit
1937 5081 1969 5144 L,

307 5173 345 5221 l)e
363 5171 460 5222 iustitia
479 5171 505 5232 C,
523 5170 666 5226 lusticiaL'
774 5165 807 5220 61
826 5168 929 5234 genitus
947 5185 1013 5218 corr.
1032 5168 1132 5233 genitor
1150 5165 1175 5216 P
1252 5167 1345 5234 ioppite
1364 5167 1389 5216 P
1495 5165 1529 5218 62
1547 5169 1655 5220 fulmine
1673 5169 1782 5219 dicorC
1887 5165 1922 5220 63
1940 5170 1969 5219 ll-

306 5254 401 5324 quisse]
425 5257 478 5307 scil.
504 5257 574 5307 dicor
593 5257 625 5320 0,
652 5257 777 5322 linquisse
796 5253 860 5304 PL
966 5251 999 5304 64
1017 5251 1173 5320 Terrigenis]
1197 5255 1251 5304 scil.
1276 5271 1298 5305 a.
1324 5255 1453 5305 ablativus
1478 5256 1510 5318 (l,
1533 5257 1687 5323 Terrigenas
1711 5254 1735 5304 L
1822 5257 1923 5306 canitur
1947 5253 1973 5304 P

306 5340 340 5392 fio
363 5345 461 5409 Inclyta
484 5343 521 5407 Ε,
552 5343 641 5394 Inclita
663 5344 777 5406 celorum
800 5342 824 5392 L
937 5337 971 5390 66
995 5339 1107 5408 genitus]
1137 5342 1206 5391 lilius
1231 5343 1262 5405 ζ’,
1291 5343 1387 5408 ginitor
1409 5359 1475 5392 corr.
1499 5345 1599 5410 genitor
1623 5340 1648 5391 P
1762 5337 1796 5390 b'l'
1821 5342 1912 5392 liniens
1937 5341 1970 5404 lt,

307 5429 443 5495 tingonsL
547 5427 582 5480 68
598 5447 691 5481 aerum
711 5429 738 5479 Ε
839 5425 873 5478 69
887 5430 1006 5479 Normam
1025 5429 1046 5478 si
1064 5427 1123 5478 talis
1143 5429 1164 5478 0
1231 5437 1345 5480 seruaret
1367 5427 1391 5478 Ε
1409 5429 1431 5478 U
1532 5425 1767 5480 voestensasso
1876 5423 1910 5477 'IP
1928 5444 1969 5494 po-

307 5517 402 5567 nirraut
419 5533 486 5566 corr.
505 5525 638 5582 perratrant
656 5516 682 5566 P
748 5517 797 5566 sub
816 5516 864 5566 stia
883 5513 914 5576 P,
931 5511 1071 5578 subtristis]
1090 5514 1143 5564 scil.
1163 5514 1218 5565 loca
1239 5515 1261 5564 t'
1364 5511 1397 5566 73
1414 5516 1524 5582 platonis
1543 5514 1687 5582 plangentis
1706 5511 1733 5561 Ε

412 5643 438 5737 ll
464 5667 777 5738 Verg.Georp.11,458
795 5666 987 5721 Ofortunatos
1005 5665 1122 5720 nimium
1143 5683 1193 5721 sua
1211 5667 1242 5720 si.
1345 5667 1373 5734 2)
1396 5667 1476 5722 Oor'd.
1496 5667 1562 5722 Met.
1580 5668 1605 5734 I,
1620 5665 1670 5719 150
1693 5663 1800 5718 Ultima
1818 5663 1970 5719 caelestum

308 5775 400 5844 terras
416 5771 530 5824 Astraea
549 5771 673 5842 reliquit.
