4628 6428
670 371 712 430 IN
730 371 877 431 SACRUM
895 371 1054 432 conlcmr
1073 373 1211 432 KAROLI
1230 373 1344 432 REGIS.

548 545 601 610 Ex
623 547 741 632 quibus
763 548 868 613 Isaias
891 550 1040 634 precelso
1064 547 1217 635 dogmate
1240 550 1352 632 fretus,

544 651 703 718 Ieremias
726 654 850 739 pariter
872 652 994 718 domini
1016 654 1175 718 miracula
1197 656 1351 740 psallunt,

476 779 487 815 s
544 755 733 822 Iezechihel
756 755 933 841 sedemque
956 756 1010 822 dei
1033 756 1191 822 describit
1214 765 1248 822 et
1270 759 1344 838 ista,

543 861 588 926 Et
610 861 754 926 Danihel
777 862 944 927 Christum
966 870 1076 928 narrat
1099 863 1140 928 de
1164 841 1274 928 monte
1297 864 1449 929 recisum.

543 965 732 1030 Humanum
755 965 877 1029 Christi
899 965 1056 1030 describit
1077 965 1229 1030 Mathens
1251 973 1367 1048 ortum,

544 1069 637 1134 More
661 1071 738 1134 boat
760 1069 890 1134 Marcus
913 1069 1096 1135 frendentis
1119 1091 1200 1135 voce
1222 1071 1338 1152 leonis,

544 1172 651 1258 Mugit
673 1194 784 1239 amore
807 1173 861 1258 pio
883 1172 991 1237 Lucas
1015 1173 1048 1237 in
1072 1174 1214 1238 carmine
1238 1173 1370 1251 christi,

465 1297 488 1335 ιο
547 1275 728 1340 Scribendo
751 1282 905 1362 penetras
928 1277 1056 1341 caelum
1079 1284 1114 1340 tu
1138 1283 1257 1358 mente,
1280 1276 1454 1344 Iohannes.

349 1431 428 1496 Isti
450 1432 489 1495 in
511 1432 639 1496 altera
661 1431 829 1518 pagina,
861 1431 928 1496 ubi
951 1452 1075 1516 agnus
1097 1432 1231 1517 pictus
1255 1439 1295 1496 et
1316 1431 1450 1497 XXIV
1473 1435 1660 1500 seniores

818 1541 857 1600 et
880 1541 1050 1599 terrast
1073 1556 1190 1600 mare.

545 1653 662 1718 Omnia
685 1675 768 1739 quae
791 1675 949 1739 praesens
972 1655 1070 1718 tellus
1093 1654 1244 1741 producit
1266 1654 1395 1736 alendo,

543 1757 587 1822 Et
610 1759 710 1820 maris
733 1757 815 1822 haec
838 1757 939 1822 facies
962 1759 1064 1823 limbo
1088 1760 1301 1823 circumvenit
1324 1759 1442 1845 amplo,

544 1861 656 1945 Agna,
680 1860 777 1925 deum
801 1861 884 1924 solio
908 1882 1037 1947 semper
1059 1868 1258 1926 venerantur
1279 1862 1312 1925 in
1335 1863 1412 1942 alto,

544 1963 710 2049 Sanguine
733 1966 788 2049 qui
811 1964 884 2028 fuso
907 1965 1031 2029 tersisti
1055 1966 1191 2029 crimine
1212 1966 1303 2046 secli,

476 2089 487 2124 s
545 2066 584 2132 In
607 2089 722 2148 cruce,
746 2073 781 2131 tu
803 2067 919 2132 Karoli
942 2067 1093 2153 detergas
1117 2069 1253 2132 vulnera
1274 2068 1373 2153 regis.

545 2169 636 2235 Cane
658 2176 790 2235 caterva
812 2171 925 2235 cluens
949 2177 1060 2234 vatum
1083 2177 1117 2234 et
1140 2171 1338 2234 venerabilis
1362 2170 1450 2242 ordo,

544 2272 666 2338 Coetus
689 2274 890 2359 apostolicus
914 2274 1010 2337 sertis
1034 2274 1233 2338 caelestibus
1257 2275 1384 2338 instans

542 2374 686 2455 Laudat,
710 2375 840 2457 adorat,
863 2382 966 2457 amat,
990 2375 1109 2440 devoto
1133 2384 1267 2464 pectore
1290 2378 1393 2443 timet.

541 2477 586 2543 Et
607 2478 760 2564 princeps
782 2477 926 2543 Kerolus
950 2480 1041 2543 vultu
1065 2481 1253 2565 speculatur
1275 2486 1399 2566 aperto,

462 2603 486 2640 ιο
544 2582 665 2664 Omns,
688 2589 724 2647 ut
746 2591 854 2648 tecum
878 2584 967 2648 vivat
989 2586 1171 2670 longaevus
1195 2585 1228 2648 in
1251 2605 1379 2650 aevum.

434 2738 535 2842 Item
557 2738 595 2802 in
617 2738 699 2803 alio
723 2739 811 2803 loco
834 2737 902 2802 nbi
926 2760 1053 2824 agnus
1076 2742 1193 2804 solus
1216 2741 1360 2826 pictus
1383 2740 1570 2805 habetur.

541 2859 638 2923 Hunc
660 2858 794 2944 Moyses
818 2880 937 2944 agnum
959 2861 1138 2925 monstrari
1160 2862 1234 2946 lege
1258 2861 1401 2926 futurum

541 2961 676 3027 Cunctis
698 2984 757 3049 pro
781 2963 911 3049 populis
934 2962 1072 3049 perferri
1095 2966 1234 3030 vulnere
1255 2966 1380 3030 mortis.

667 3119 743 3184 Ubi
767 3118 937 3184 dextere
960 3118 1111 3184 Christi
1135 3128 1197 3185 est
1219 3121 1341 3207 pieta.

540 3239 690 3305 Dextera
712 3261 795 3325 quae
818 3242 920 3326 patris
943 3240 1098 3306 mundum
1121 3241 1245 3306 ditione
1269 3243 1442 3327 gubernat,

540 3343 585 3407 Et
607 3351 718 3408 natum
742 3345 850 3408 caelos
874 3345 1040 3430 proprium
1064 3347 1247 3410 transvexit
1270 3347 1304 3409 in
1325 3347 1422 3410 altos.

637 3496 682 3560 In
705 3496 827 3561 linem
850 3495 1044 3560 Iohannis
1069 3497 1370 3582 euangelistae.

540 3617 585 3681 Et
606 3617 759 3703 princeps
781 3614 939 3698 Karolus,
963 3623 1077 3680 sancto
1100 3617 1155 3702 qui
1177 3638 1268 3682 more
1291 3618 1470 3703 benignus:

630 3721 724 3786 Illius
747 3719 800 3784 hic
824 3718 931 3784 codex
954 3720 1057 3785 enitet
1079 3726 1170 3785 actus
1193 3741 1267 3806 ope.

614 3875 658 3940 In
681 3875 762 3940 l'ine
783 3873 881 3939 libri
903 3874 1124 3958 loquuntur
1147 3875 1388 3961 scriptores.

539 3996 710 4061 Hactenus
733 3996 768 4059 in
791 4001 939 4059 sanctum
962 3993 1117 4059 sulcando
1141 3995 1301 4059 movimus
1324 4015 1457 4079 aequor,

630 4101 766 4166 Litteris
789 4099 951 4165 adfinem
974 4105 1085 4163 nostra
1108 4099 1218 4163 carina
1240 4099 1340 4163 venit.

794 4306 1205 4314 -w———u

941 4526 1063 4595 LXXI.

996 4654 1005 4697 1

534 4737 687 4803 Matheus
711 4759 729 4803 e
753 4758 845 4802 sacro
867 4743 956 4802 totus
980 4737 1157 4823 spiramine
1181 4737 1295 4816 fretus,

539 4841 661 4906 Ordine
685 4839 827 4905 iucundo
850 4841 990 4904 volitans
1013 4861 1073 4926 per
1095 4841 1228 4904 nomina
1250 4848 1390 4926 patrum,

537 4943 686 5017 Qualiter
709 4944 838 5024 exierit,
863 4943 991 5024 cecinit,
1016 4944 1185 5028 generatio
1210 4943 1344 5008 Christi.

537 5045 581 5110 Et
604 5047 757 5132 quoniam
782 5047 892 5110 sobria
914 5046 976 5110 hoc
999 5047 1107 5133 potuit
1128 5047 1255 5110 ratione
1279 5046 1401 5118 videre.

468 5171 480 5208 s
539 5149 694 5215 Humana
715 5151 836 5215 meruit
861 5150 984 5235 signari
1007 5151 1069 5215 rite
1092 5150 1208 5235 figura.

539 5251 670 5318 Marcus
694 5252 811 5334 divini,
834 5252 934 5319 Petro
957 5261 1127 5335 narrante,
1158 5254 1303 5340 repletus

371 5412 473 5416 ——-...
514 5413 736 5419 ..-.--—---.—
767 5415 786 5418 -
800 5413 811 5419 -
831 5414 869 5418 —.
893 5413 1130 5418 --.—.--.....-.‚..-
1142 5412 1241 5418 --.-----
1258 5409 1621 5418 —.,...-...-—.,.,....—-......,...
1631 5411 1720 5417 ...-—-

275 5510 292 5564 3
311 5515 390 5564 nnus
403 5512 474 5563 Mon.
579 5511 665 5565 ‘lq-10
682 5531 730 5566 ons.
745 5514 771 5563 P
882 5513 893 5579 ΙΙ
915 5512 1002 5566 6-10
1019 5533 1067 5566 em.
1080 5514 1106 5564 Ρ

241 5597 349 5670 [LXXI]
376 5597 403 5666 [ι]
421 5616 452 5651 a
469 5598 553 5651 codice
570 5601 763 5666 erwaqcliomm
781 5599 927 5654 Prumimai
944 5619 964 5653 a.
982 5603 1027 5652 [x.
1046 5618 1115 5652 nunc
1133 5599 1243 5652 biblioth.
1267 5598 1407 5650 licaiacus.
1425 5599 1545 5664 municip.
1559 5596 1593 5650 23
1612 5597 1689 5664 (1307
1707 5607 1731 5650 ct
1749 5596 1827 5666 1308)

170 5691 301 5758 descripsi.
