4628 6428
1119 395 1270 455 Ancum]
1288 397 1464 456 CARMINA.

745 593 782 631 us
839 571 904 636 His
927 574 997 638 sine
1020 595 1117 639 nemo
1140 572 1239 639 deum
1261 576 1382 661 poterit
1405 595 1604 660 cognoscere
1628 595 1741 640 sensu.

920 677 985 742 Vel
1007 685 1185 765 praecepta
1207 677 1272 756 dci,
1296 687 1353 743 aut
1375 700 1477 764 regna
1499 679 1596 742 beata
1618 679 1695 763 poli.

838 779 877 844 lu
899 780 950 846 his
973 803 1053 868 vera
1075 781 1208 866 quidem
1231 782 1336 866 fulget
1359 783 1520 868 sapientia
1543 788 1677 852 tantum,

920 885 961 948 In
983 885 1035 949 his
1058 887 1145 966 laus,
1167 906 1312 964 merces,
1336 887 1417 966 vita,
1440 885 1528 949 salus
1551 885 1726 948 homiuum.

836 986 900 1051 His
924 989 994 1053 sine
1019 987 1145 1053 seducit
1170 990 1255 1053 male
1278 988 1362 1052 falsa
1386 989 1524 1052 scientia
1546 995 1698 1066 mentem,

743 1113 780 1148 ¹⁸⁰
923 1092 1061 1158 Discere
1085 1112 1150 1156 uon
1173 1113 1290 1157 curans
1312 1093 1414 1158 verbe
1436 1099 1564 1156 sacrata
1586 1091 1650 1162 dei,

836 1194 874 1259 In
897 1196 1016 1281 quibus
1038 1202 1193 1260 aeternae
1216 1217 1294 1260 vere
1318 1202 1369 1260 est
1392 1196 1555 1281 sapientia
1575 1196 1673 1270 vitae,

920 1299 1048 1382 Gloria,
1077 1301 1149 1380 lux,
1172 1301 1297 1386 pietas,
1321 1307 1417 1364 notus
1441 1307 1474 1364 et
1498 1300 1569 1384 ipse
1591 1297 1682 1362 deus.

836 1401 984 1488 Quisque
1006 1404 1097 1488 legat
1118 1403 1214 1467 huius
1238 1409 1366 1467 sacrato
1389 1404 1422 1466 in
1446 1423 1582 1488 corpore
1605 1401 1689 1480 libri,

918 1506 1038 1571 Lector
1062 1508 1096 1570 in
1118 1508 1279 1588 ecclesia,
1302 1508 1403 1572 verba
1426 1529 1568 1592 superna
1590 1505 1653 1586 dei,

742 1633 779 1670 ns
835 1611 1052 1695 Distingueus
1076 1631 1210 1690 sensus,
1233 1610 1362 1691 titulos,
1385 1610 1481 1689 cola,
1498 1617 1657 1674 commata
1679 1609 1790 1670 voce¹

917 1712 1033 1792 Dicat,
1056 1719 1092 1776 ut
1114 1719 1268 1777 accentus
1292 1733 1348 1776 ore
1373 1733 1490 1776 souare
1514 1713 1605 1776 sciat.

836 1814 981 1879 Auribus
1005 1815 1167 1879 ecclesiae
1190 1820 1324 1878 resonet
1347 1835 1412 1878 vox
1434 1814 1547 1878 vinula
1568 1815 1676 1898 longe.

922 1917 1036 1982 Omnis
1059 1924 1096 1981 ut
1117 1917 1248 1981 auditor
1269 1915 1381 1981 laudet
1402 1917 1445 1980 ab
1469 1938 1525 1980 ore
1548 1915 1657 1982 deum.

835 2021 1026 2106 Regnorum
1050 2023 1120 2107 regi
1144 2021 1273 2085 Christo
1297 2027 1330 2085 et
1353 2021 1483 2085 domino
1506 2020 1710 2085 dominorum

743 2148 780 2186 oo
925 2124 1049 2206 Gloria,
1072 2126 1140 2206 lux,
1164 2125 1278 2204 virtus,
1302 2125 1385 2202 laus,
1408 2123 1513 2187 honor
1535 2130 1633 2208 atquc
1657 2123 1757 2187 salus.

836 2227 901 2302 Qui
922 2229 1008 2313 regit
1031 2229 1170 2314 imperio
1193 2235 1314 2291 terram
1337 2228 1542 2313 pelagusque
1565 2226 1750 2312 polumque,

919 2331 984 2405 Qui
1007 2331 1110 2394 voluit
1132 2329 1231 2394 scribi
1254 2351 1373 2394 nomen
1396 2331 1430 2392 iu
1453 2329 1532 2392 orbe
1556 2349 1667 2402 suum;

835 2434 879 2498 Et
902 2455 1007 2518 genus
1030 2433 1208 2497 humanum
1231 2434 1411 2498 clementer
1433 2431 1474 2496 ab
1498 2431 1591 2496 hoste
1615 2431 1759 2514 maligno

917 2537 956 2602 In
979 2559 1074 2601 cruce
1098 2539 1162 2602 iam
1186 2538 1328 2602 moriens
1351 2558 1449 2600 carue
1472 2535 1612 2600 redemit
1634 2555 1745 2600 ovans.

744 2666 781 2702 rc
841 2640 905 2714 Qui
928 2641 1027 2705 solite
1048 2639 1209 2704 Karolum
1232 2661 1345 2725 regem
1368 2641 1492 2725 pietate
1515 2639 1687 2723 gubernet,

919 2743 1058 2830 Semper
1079 2745 1112 2806 iu
1135 2750 1284 2808 eternum
1308 2749 1460 2829 protegat
1482 2748 1580 2827 atque
1604 2749 1705 2825 regat.

836 2846 936 2912 Dicat
958 2852 992 2911 et
1014 2846 1119 2910 omnis
1142 2866 1239 2910 amen
1263 2845 1457 2931 populorum
1480 2845 1575 2908 turba
1598 2865 1657 2928 per
1679 2841 1809 2906 orbem:

917 2950 991 3016 Hoc
1014 2951 1136 3015 tribuat
1159 2949 1242 3014 caeli
1266 2948 1416 3013 Christus
1439 2948 1580 3012 abarce
1603 2947 1687 3032 pius,

835 3053 882 3117 Ut
903 3054 1014 3118 multis
1036 3053 1125 3117 vivat
1146 3053 1229 3118 felix
1251 3053 1393 3117 feliciter
1414 3053 1519 3132 annis,

740 3179 779 3215 200
924 3156 1005 3222 Post
1027 3156 1109 3222 haec
1133 3164 1167 3222 et
1188 3164 1302 3221 teneat
1323 3177 1425 3240 regna
1446 3155 1545 3220 beata
1566 3153 1631 3219 dci.

836 3260 1013 3325 Codicibus
1037 3261 1139 3324 sacris
1163 3260 1274 3324 hostili
1298 3258 1391 3324 clade
1415 3259 1558 3344 perustis

917 3362 1003 3427 Eure
1024 3363 1085 3428 deo
1108 3361 1262 3428 fervens²
1284 3361 1347 3425 hoc
1370 3361 1534 3447 reparavit
1557 3381 1649 3444 opus.

835 3467 908 3532 Hoc
932 3488 1031 3552 opus,
1054 3466 1116 3532 hoc
1139 3466 1262 3530 etenim
1284 3465 1424 3528 flammis
1447 3471 1480 3529 te
1504 3463 1665 3527 subtrahit
1687 3461 1766 3524 atris
1777 3461 1800 3533 ³,

919 3569 948 3633 O
970 3571 1089 3652 lector,
1121 3571 1149 3634 si
1171 3576 1207 3633 tu
1228 3569 1320 3654 pacis
1343 3588 1454 3632 amore
1477 3568 1572 3651 legis.

1245 4017 1350 4082 LXX.

467 4156 512 4219 In
541 4155 670 4221 fronte
699 4155 857 4221 codicis
889 4155 959 4218 isti
987 4174 1128 4218 versus
1158 4153 1378 4234 habentur,
1418 4153 1484 4217 ubi
1513 4155 1645 4237 imago
1675 4150 1833 4215 Christi
1867 4161 1913 4219 et
1952 4167 2171 4243 quattuor

568 4258 919 4343 euangelistarum
942 4263 980 4321 et
1002 4263 1192 4340 quattuor
1212 4257 1500 4344 prophetarum
1522 4255 2060 4366 imaginesxooutinentur.

834 4375 958 4440 Ordine
981 4375 1139 4459 quadrato
1164 4377 1261 4440 variis
1285 4378 1415 4464 depicta
1437 4376 1551 4461 figuris

916 4479 1061 4565 Agmina
1083 4485 1269 4544 sanctorum
1291 4480 1413 4566 gaudia
1435 4501 1554 4565 magna
1576 4479 1698 4544 vident.

981 4657 1639 4664 Ή-η-----,.-,..,.-..--

569 4772 620 4825 183
637 4774 678 4825 hic
688 4775 750 4840 finit
767 4773 808 4824 Br
915 4773 965 4826 188
983 4775 1058 4826 lauda
1078 4775 1165 4825 labore
1181 4773 1205 4821 V
1300 4773 1350 4825 192
1368 4776 1432 4826 scire
1448 4774 1476 4838 V,
1494 4774 1606 4826 scribiB
1673 4773 1734 4824 arbe
1751 4789 1820 4822 corn
1840 4775 1910 4826 orbe
1933 4776 1963 4826 V
2060 4779 2116 4832 193
2135 4783 2168 4831 Er

466 4855 558 4908 hierius
572 4859 597 4907 V
615 4901 617 4906 .
717 4859 766 4911 194
784 4861 895 4910 moriens
912 4869 996 4911 canae
1012 4860 1037 4908 V
1158 4858 1210 4909 202
1228 4867 1253 4910 et
1271 4863 1332 4912 rado
1352 4861 1380 4924 V,
1398 4861 1541 4912 Frobeniue
1564 4860 1680 4924 (Alcainr'
1697 4877 1754 4924 opp.
1772 4859 1785 4906 l
1800 4875 1828 4922 p.
1840 4859 1919 4925 Lrv)
1948 4865 2044 4930 legere
2064 4869 2168 4918 mavult

467 4942 532 4993 Fure
549 4944 596 4994 deo
614 4947 717 4996 larveus
739 4962 796 4995 cnm
818 4945 902 4995 codice
920 4945 1066 5008 Bacchea,
1092 4945 1135 4993 uhi
1161 4944 1188 4992 hi
1210 4961 1297 4995 cernar
1315 4948 1432 5011 priorem
1455 4946 1530 4997 hairto
1553 4946 1675 4996 caminia
1690 4952 1791 5010 portem
1809 4945 1954 4998 claudunt
1968 4961 2040 5016 poet
2059 4971 2165 5004 mmm

467 5028 507 5076 Ad
518 5029 619 5080 laudem
630 5031 724 5081 Christi
737 5031 913 5096 propriumque
930 5032 956 5080 in
975 5031 1044 5081 secla
1061 5030 1177 5080 salutem.
1282 5029 1334 5082 203
1352 5032 1460 5083 subtrait
1479 5031 1502 5079 V

537 5111 626 5178 [Lxx]
667 5132 697 5165 ex
715 5116 769 5166 cod.
789 5115 873 5165 Paria.
891 5113 959 5165 5577
971 5118 997 5182 f.
1017 5112 1057 5166 18⁴
1081 5115 1121 5166 ed.
1139 5114 1264 5165 Boluzine
1283 5117 1400 5178 (dilacell.
1419 5119 1468 5181 lv,
1487 5114 1561 5180 550),
1589 5116 1712 5182 urppleoit
1730 5112 1881 5165 Frobeuiue
1906 5134 1944 5168 ex
1965 5123 2030 5173 cod„
2053 5125 2166 5176 Monac.

468 5193 554 5246 14000
571 5197 687 5260 (almari
704 5217 762 5265 opp.
781 5201 814 5263 11,
831 5197 900 5262 456).

570 5365 596 5428 1)
625 5363 667 5431 Os.
693 5365 771 5432 infra
789 5365 903 5418 Alcuim'
929 5383 997 5422 vcra.
1025 5365 1223 5436 (Walteoboch
1240 5366 1434 5434 Schriftwesen
1452 5370 1520 5436 out)
1554 5370 1570 5422 ‘l
1598 5369 1650 5423 Per
1674 5367 1734 5422 oola
1751 5364 1947 5436 distinguant
1969 5379 2117 5447 proprios
2136 5385 2167 5434 et

471 5467 607 5517 commata
625 5480 727 5530 seusus,
744 5467 747 5534 Ι
763 5467 799 5520 Et
817 5473 935 5536 punctos
954 5471 1062 5538 ponant
1080 5467 1177 5521 ordine
1195 5485 1319 5536 quosque
1337 5487 1394 5523 suo.
1451 5471 1479 5537 2)
1506 5471 1631 5524 Codicem
1648 5473 1719 5525 hunc
1738 5483 1852 5524 aeuum
1873 5470 2026 5533 Bodotria
2047 5483 2168 5538 abbatis

470 5559 550 5616 iussu
568 5566 699 5632 scriptum
717 5585 776 5622 erse
794 5585 881 5637 supro
899 5573 937 5640 (p.
959 5573 1019 5640 167)
1037 5569 1115 5624 haud
1132 5575 1204 5625 recte
1221 5571 1321 5624 cenaui.
1390 5572 1417 5638 3)
1431 5571 1547 5625 quenci
1563 5572 1628 5627 hiet.
1647 5572 1768 5642 eauapel.
1789 5588 1813 5624 v.
1831 5571 1870 5626 30
1889 5573 1959 5632 Hoc
1982 5597 2082 5650 opus,
2111 5585 2167 5640 hoc

474 5659 573 5714 etenim
592 5665 683 5718 forsan
707 5685 749 5721 me
772 5671 917 5725 subtrahet
935 5673 1010 5742 igni,
1036 5674 1074 5741 cs.
1095 5671 1216 5726 Moerum.
1237 5671 1346 5725 Alcaico.
1361 5689 1391 5741 p.
1409 5674 1468 5738 510,
1487 5675 1539 5729 607
1558 5692 1599 5745 ep.
1618 5677 1677 5740 126,
1696 5677 1755 5731 166.
