4628 6428
757 399 926 454 KAROLUS
944 399 1096 454 MAGNUS
1115 400 1160 454 ΕΤ
1179 399 1247 454 LEO
1268 400 1371 454 Pars.

606 573 752 651 Loricas‚
776 596 884 656 enses,
908 576 1031 659 galeas,
1055 580 1104 637 tot
1127 581 1220 638 scuta
1241 574 1396 654 virorum,

607 676 656 739 Ao
680 698 840 740 concussa
863 677 973 741 tremit
997 677 1056 741 sub
1081 684 1171 741 tento
1196 675 1341 762 pondere
1365 675 1458 740 ferri:

584 780 729 866 ,Vastus
754 780 794 844 ad
817 789 905 844 astra
927 780 1082 865 frequens
1106 780 1296 844 conscendit
1319 782 1451 861 clamor,
1475 788 1508 846 et
1532 781 1613 845 echo

526 906 536 941 2
608 868 756 970 Rupibus
781 906 798 948 c
824 884 954 969 gelidis,
978 905 1097 948 saxoso
1121 906 1141 947 a
1163 890 1273 948 monte
1298 885 1446 949 resultat.

650 988 712 1053 Est
734 989 826 1053 loeus
851 989 1006 1073 insignis,
1038 1009 1100 1072 quo
1123 987 1223 1052 Patra
1246 994 1279 1051 et
1302 988 1408 1074 Lippa
1439 987 1598 1052 fluentant
1612 989 1638 1064 ¹;

607 1092 705 1155 Altus
728 1092 817 1160 etin
839 1091 926 1156 nudo
951 1113 1065 1176 eampo
1089 1092 1185 1170 iacet,
1209 1089 1351 1175 undique
1374 1091 1466 1174 largo

607 1195 756 1259 Vestitus
781 1196 904 1280 spatio;
928 1197 1017 1260 celso
1041 1193 1081 1258 de
1106 1195 1190 1258 colle
1213 1194 1318 1259 videri

611 1298 757 1383 Namque
781 1304 891 1384 potest
914 1298 1002 1382 legio
1027 1297 1153 1362 omnis²
1177 1304 1210 1362 et
1233 1297 1308 1362 hino
1332 1299 1497 1362 exercitus
1522 1299 1638 1376 omnis,

526 1447 533 1462 ,
610 1402 727 1466 Castra
749 1402 892 1466 dueum³
915 1410 948 1466 et
969 1403 1135 1482 comitum,
1158 1402 1384 1488 radiantiaque
1407 1403 1521 1467 arma⁴
1542 1404 1698 1467 virorum.

608 1504 684 1569 Huc
707 1504 861 1586 Karolus,
885 1507 996 1570 multis
1020 1507 1158 1592 stipatus
1182 1507 1324 1588 milibus,
1349 1507 1468 1572 heros⁵

609 1608 762 1691 Advenit,
787 1617 820 1674 et
842 1610 975 1674 tandem
998 1611 1088 1674 iuvat
1110 1611 1163 1674 hic
1187 1610 1365 1675 succedere
1389 1611 1485 1675 tectis
1496 1611 1517 1675 ⁸.

610 1713 732 1777 Missus
755 1714 930 1798 apostolici
953 1715 1099 1798 regalem
1123 1712 1228 1778 tendit
1251 1713 1293 1778 ad
1315 1715 1424 1778 aulam

609 1816 753 1896 Interea,
777 1822 810 1880 et
834 1837 997 1880 summum
1021 1816 1212 1880 manifestat
1236 1818 1357 1904 quippe
1380 1818 1493 1881 venire

528 1963 532 1976 ,
611 1918 815 1998 Pontificem,
840 1920 1014 2004 expulsum
1038 1919 1186 1983 Romana
1208 1941 1228 1984 a
1251 1919 1329 1982 sede
1353 1920 1500 1984 Leonem

612 2021 747 2086 Civibus
771 2043 791 2085 a
813 2022 964 2107 propriis,
988 2029 1021 2086 et
1044 2029 1092 2085 tot
1114 2023 1274 2086 tolerasse
1299 2030 1451 2085 recenset

609 2125 768 2202 Verbera,
793 2115 1050 2189 commemorans
1075 2125 1256 2190 extinctum
1279 2126 1402 2189 lumine
1426 2126 1567 2191 vultum:

610 2228 729 2292 Nerrat
752 2235 786 2292 et
809 2227 973 2292 abscisam
997 2227 1119 2313 liquido
1143 2228 1183 2292 de
1207 2235 1339 2313 gutture
1363 2229 1524 2313 linguam3

611 2332 717 2410 Nunc,
741 2331 928 2428 medicante
952 2331 1023 2413 deo,
1049 2339 1197 2396 sanetum
1222 2339 1255 2396 et
1278 2332 1319 2396 ab
1343 2333 1495 2397 omnibus
1518 2333 1590 2396 istis

612 2436 697 2500 Esse
722 2437 827 2500 malis.
872 2436 1001 2500 Animis
1026 2443 1135 2522 stupet
1162 2437 1233 2522 ipse
1257 2437 1423 2500 exercitus
1447 2437 1552 2501 omnis

612 2539 746 2618 Auditu,
771 2546 803 2603 et
826 2538 979 2618 Karolus,
1003 2539 1178 2604 recolendo
1204 2541 1329 2604 somnia
1351 2546 1448 2620 retro,

612 2643 787 2708 Praeteriti
811 2642 930 2706 indicio
955 2664 1138 2727 agnoscens
1164 2644 1305 2728 vestigia
1327 2643 1417 2708 visus

609 2746 684 2811 Hoc
707 2746 777 2812 fore
801 2769 865 2812 non
890 2746 1027 2825 dubitat,
1052 2746 1138 2832 quod
1161 2748 1273 2812 tristes
1297 2747 1434 2813 sundere
1458 2747 1554 2811 fletus

608 2852 803 2916 Pontificem
826 2851 859 2915 in
883 2851 1005 2916 somnis
1029 2851 1094 2914 iam
1118 2849 1240 2916 dudum
1264 2851 1345 2916 vidit
1367 2850 1543 2916 eundeml.

610 2955 697 3020 Hine
720 2955 812 3019 iubet
835 2955 993 3041 extimplo
1015 2955 1192 3041 Pippinum
1215 2977 1386 3020 occurrere
1409 2976 1528 3040 magno

609 3059 749 3140 Pastori,
773 3079 888 3145 pacem
912 3065 945 3123 et
968 3059 1132 3145 placidam
1155 3066 1285 3146 portare
1310 3062 1461 3126 salutem.

610 3163 735 3228 Obvius
759 3164 806 3227 ire
829 3169 924 3249 parat
946 3163 1103 3247 genitoris
1127 3164 1216 3227 iussa
1238 3164 1432 3228 lacessens⁸

610 3266 789 3353 Pippinus;
813 3273 944 3330 contum
967 3267 1074 3330 laetus
1099 3287 1172 3329 cum
1195 3266 1327 3329 milibus
1351 3266 1419 3329 ivit.

610 3369 687 3455 Ipse
712 3367 806 3432 sedet
829 3368 911 3432 solio
935 3365 1078 3432 Karolus
1103 3388 1162 3431 rex
1185 3366 1289 3431 iustus
1312 3368 1345 3430 in
1369 3369 1436 3431 alto
1446 3368 1469 3445 ⁰,

611 3472 703 3535 Dens
726 3472 819 3555 leges
842 3470 968 3556 patriis,
992 3477 1025 3534 et
1048 3470 1141 3554 regni
1165 3469 1299 3535 foedera
1322 3471 1478 3534 firmat¹⁰.

611 3575 721 3659 thue
746 3573 837 3638 videt
860 3574 972 3660 patulo
995 3573 1168 3637 adversum
1193 3595 1228 3638 se
1252 3572 1387 3638 tendere
1411 3574 1565 3659 campo²¹

611 3678 729 3743 Pastor
755 3677 954 3764 apostolicus
979 3681 1109 3741 contum
1134 3698 1207 3740 cunr
1230 3677 1362 3740 milibus
1387 3678 1489 3741 altum

611 3783 796 3870 Pippinum,
820 3782 969 3866 geminas
994 3781 1143 3845 extendit
1166 3780 1208 3845 ed
1230 3781 1365 3846 aethere
1387 3779 1561 3868 palmas¹²,

565 3965 575 3974 A·
611 3887 675 3951 Pro
699 3885 885 3971 populoque
909 3905 1025 3970 preces
1051 3873 1222 3949 effundens
1247 3891 1380 3970 pectore
1404 3885 1522 3969 largas.

612 3991 700 4055 Ante
725 3987 930 4053 sacerdotem
954 3995 1006 4053 ter
1030 4010 1194 4054 summum
1218 3989 1384 4054 exereitus
1408 3989 1514 4053 omnis

613 4092 786 4171 Sternitur,
810 4097 843 4155 et
867 4092 1009 4177 supplex
1031 4092 1149 4175 vulgus
1173 4099 1224 4155 ter
1247 4090 1338 4154 fusus
1363 4089 1486 4154 adorat.

611 4197 692 4260 Mox
712 4195 782 4260 Leo
806 4216 891 4282 papa
914 4195 984 4260 solo
1008 4195 1186 4282 Pippinum
1209 4215 1299 4259 more
1322 4195 1468 4279 benigno

611 4299 745 4384 Excipit
769 4303 811 4378 et,
835 4299 938 4362 sacris
962 4298 1168 4363 circumdans
1195 4299 1280 4363 colla
1302 4298 1445 4379 lacertis,

613 4403 739 4468 Haeret
762 4401 795 4465 in
818 4402 1036 4487 amplexuque
1050 4402 1077 4440 ¹³
1101 4401 1156 4465 diu
1178 4401 1307 4488 placida
1330 4401 1443 4467 oscula
1465 4400 1571 4466 libans
1585 4401 1624 4467 ¹⁴.

644 4560 791 4568 ——n-—-

351 4663 404 4716 423
436 4671 527 4716 tremet
557 4661 582 4712 T
714 4657 766 4710 436
797 4667 913 4711 recenset
941 4661 965 4710 Τ
1100 4659 1151 4712 447
1184 4664 1313 4713 messem
1336 4661 1361 4710 Τ
1495 4659 1547 4712 448
1576 4653 1666 4726 ibitT,
1692 4663 1739 4714 ivit
1766 4663 1830 4713 coni.
1860 4661 1904 4714 Or.

246 4751 296 4804 451
316 4751 421 4804 uiditT
519 4746 571 4800 459
588 4745 714 4807 liberisl',
733 4746 817 4796 libens
838 4745 900 4796 Oua.

352 4888 378 4954 1)
396 4885 433 4939 ib.
452 4887 510 4950 III,
520 4883 570 4937 163
586 4883 636 4936 Est
647 4882 738 4944 locus;
760 4880 791 4934 V.
810 4879 837 4934 S.
852 4879 974 4934 Martini
992 4884 1012 4934 I
1016 4883 1044 4948 V,
1053 4882 1104 4935 642
1116 4899 1200 4950 quam
1211 4880 1304 4936 Vindo
1323 4881 1467 4950 Lycusque
1480 4881 1624 4938 fluentant.
1693 4883 1721 4952 2)
1740 4885 1809 4936 Aea.
1826 4884 1906 4949 VIII,

246 4991 297 5044 604
316 4991 444 5058 celsoque
462 4986 551 5042 omnis
569 4985 604 5039 de
622 4985 692 5039 colle
712 4982 821 5056 videri}
838 4984 1116 5054 Iampoteratlegio.
1169 4986 1197 5053 3)
1213 4985 1255 5052 Cf.
1268 5001 1293 5038 υ.
1309 4985 1366 5048 178,
1378 4985 1436 5039 318.
1490 4985 1518 5051 4)
1530 4986 1684 5052 AeaVIII,
1697 4987 1748 5040 616
1767 4987 1903 5040 Arma...
1994 4995 1996 4999 '

153 5125 155 5128 -
248 5092 396 5148 radiantia.
450 5093 477 5158 5)
491 5089 533 5158 Cf.
544 5106 569 5144 υ.
580 5089 642 5151 331;
659 5089 726 5144 Aen.
737 5090 769 5152 V,
780 5089 832 5143 289
847 5088 943 5142 multis
959 5107 1021 5142 cum
1031 5088 1145 5142 milibus
1155 5088 1242 5142 heros.
1297 5089 1324 5154 6)
1334 5088 1370 5141 it.
1380 5087 1435 5152 XI,
1448 5087 1497 5142 146
1506 5086 1651 5142 succedere
1661 5087 1751 5142 tectis.
1781 5088 1824 5157 Os.
1833 5088 1906 5142 Aac.

249 5197 377 5252 Laurisa.
394 5197 459 5249 urai.
473 5195 523 5248 199
547 5193 576 5246 in
597 5194 658 5248 loco
680 5193 729 5262 qui
748 5195 864 5246 vocatur
882 5189 1082 5244 Pedrebrunno
1107 5189 1205 5259 positis
1229 5189 1325 5244 castris
1349 5189 1474 5244 consedit
1551 5189 1624 5258 ipse,
1648 5190 1738 5245 alters
1755 5191 1906 5246 medietate

249 5300 410 5366 (exercilus)
434 5307 526 5352 'secum
550 5298 673 5364 retenta,
696 5296 792 5350 eodem
818 5295 848 5348 in
866 5295 927 5348 loco
951 5292 1072 5347 Leonem
1097 5292 1257 5361 pontificem
1275 5307 1382 5348 summo
1401 5310 1462 5347 cum
1481 5293 1585 5347 honore
1603 5294 1732 5363 suscepit.
1815 5295 1842 5362 ’1)
1863 5294 1906 5363 Os.

248 5420 272 5457 v.
291 5403 436 5457 seo-328.
507 5403 533 5464 8)
553 5403 649 5455 Am]
654 5403 681 5470 V,
691 5401 743 5454 295
760 5401 835 5454 iussn
847 5400 995 5453 facessunt.
1057 5397 1084 5466 9)
1104 5397 1140 5450 a.
1155 5398 1211 5462 XI,
1224 5398 1275 5451 301
1287 5395 1357 5450 solio
1369 5413 1417 5450 rex
1427 5395 1489 5450 infit
1501 5395 1537 5449 ab
1549 5395 1616 5450 alto.
1688 5397 1731 5466 10)
1744 5396 1781 5450 ib,
1791 5397 1908 5464 XI,330

248 5506 360 5561 foedera
377 5507 495 5560 firment.
549 5533 555 5544 ·
576 5504 618 5572 11)
636 5506 672 5558 io.
690 5503 744 5572 IV,
755 5505 806 5558 684
825 5504 906 5572 Isque
925 5500 974 5555 ubi
993 5500 1155 5555 tendentem
1173 5501 1319 5556 adversum
1397 5499 1478 5554 vidit
1558 5499 1601 5568 11)
1619 5499 1657 5554 ib.
1673 5503 1718 5565 VI,
1729 5501 1781 5555 685
1799 5499 1907 5569 palmas

249 5613 381 5679 utrmque
407 5607 536 5662 tetendit.
635 5608 677 5676 13)
701 5609 767 5662 Met.
786 5608 898 5670 rums
916 5603 1036 5658 adduxit
1054 5604 1126 5659 colla
1144 5603 1268 5668 lacertis;
1295 5587 1345 5658 Ea}
1363 5603 1452 5658 Ponto
1471 5606 1495 5668 I,
1512 5604 1537 5668 9,
1553 5603 1586 5657 19
1604 5603 1703 5658 Haesit
1720 5602 1750 5656 in
1768 5601 1907 5672 amplexu.

251 5714 294 5780 14)
313 5713 380 5766 Aen.
395 5713 479 5777 1356
498 5711 600 5766 Oscula
612 5709 720 5765 libavit.
1072 5781 1074 5786 Ι
1430 5793 1431 5796 ¹

319 5808 422 5861 Pormr
434 5823 517 5862 mrim
531 5822 591 5859 serr
604 5805 729 5860 Cineam
744 5809 763 5860 1.
1666 5800 1702 5854 48
