4936 6406
1002 383 1230 440 PROOEMIUM.
1882 387 1944 450 443

291 561 397 635 notae,
426 556 561 638 mapalis
584 556 781 636 poematibus
808 557 916 621 titides
941 556 1090 622 adiecerit
1115 579 1223 636 necne,
1254 559 1291 621 in
1316 558 1446 622 1111611111
1472 559 1577 622 occari
1605 562 1713 640 potest.
1768 559 1846 625 Cum
1876 578 1947 622 vero

292 659 442 728 samana
455 659 582 723 titulum
603 680 623 721 a
640 656 777 724 Daniele
790 659 933 724 additum
944 658 1135 725 Paraenesis
1147 661 1191 725 ad
1211 661 1328 725 medices
1343 680 1375 725 se
1396 661 1572 740 retinuisse,
1596 661 1760 743 titulosque
1781 660 1819 725 de
1833 665 1947 742 septem

291 764 378 828 uitiis
392 761 581 844 capitalibus
595 763 817 842 etparaenesis
828 761 873 828 ad
884 762 1048 843 episcopos,
1071 764 1228 843 opnsadis
1249 764 1295 827 eis
1310 764 1496 842 carentibus,
1518 784 1557 828 ca
1569 782 1625 828 suo
1639 764 1787 830 adiecisse
1797 764 1946 845 fateatm,

291 868 406 932 maiori
434 865 543 930 saltem
570 865 680 930 horum
704 870 881 947 poenatem
902 886 1031 930 nnuuro
1059 866 1167 930 tonos
1196 886 1260 930 non
1286 865 1423 951 defesse
1453 867 1621 932 uerisimile
1643 871 1698 932 est.
1743 866 1808 931 Nec
1833 866 1947 945 dubito,

292 972 371 1052 quin
392 987 500 1033 verses
521 988 640 1050 qnoque
659 967 759 1048 factos
781 973 817 1032 ut
838 990 859 1032 a
882 970 994 1050 pateris
1017 971 1052 1032 in
1081 968 1132 1033 die
1148 971 1333 1050 palmarum
1355 975 1569 1048 oscularentur,
1593 991 1785 1052 quamquam
1812 969 1846 1036 0.
1870 969 1949 1034 Part

293 1073 507 1158 refrapatur1,
530 1073 673 1154 inlepros,
696 1073 805 1152 quales
828 1074 862 1137 in
885 1072 984 1137 codice
1006 1074 1177 1151 inuenerat,
1200 1077 1229 1136 et
1248 1074 1400 1153 penninos
1415 1073 1555 1137 ediderit.
1600 1073 1781 1155 specimina
1791 1072 1949 1137 nonnulla

293 1177 409 1241 Musae
434 1175 660 1256 theodulficae,
681 1196 761 1256 quae
783 1177 846 1239 11111
868 1199 897 1240 a.
925 1179 1007 1241 1636
1033 1176 1188 1242 Ohesuius
1211 1173 1286 1260 (SS.
1310 1197 1415 1240 rerum
1430 1175 1616 1242 Francicar.
1640 1177 1691 1258 11,
1714 1179 1878 1262 647-48)
1901 1183 1949 1241 ‘ea

287 1285 428 1364 poernate
453 1299 509 1346 ms.
542 1279 736 1360 Theodulphi
758 1280 925 1345 Aurelian.
959 1281 1101 1361 episcopi
1130 1280 1214 1344 matt
1242 1280 1301 1362 (ud
1331 1280 1479 1346 Cuccium
1508 1301 1571 1362 rep.
1594 1302 1621 1347 u.
1647 1284 1784 1359 69-72,
1809 1283 1944 1358 77-78,

294 1387 433 1466 81-81,
449 1387 797 1462 97-160,111-156,
813 1386 998 1458 tls-1803
1028 1383 1143 1448 Versus
1158 1384 1195 1447 de
1205 1383 1350 1448 Fulrado
1369 1383 1478 1447 abbate
1492 1384 1595 1447 sancti
1608 1385 1769 1469 Quintini)
1782 1383 1949 1449 Sirmondo

294 1489 434 1553 debuisse
456 1487 588 1551 ridetur.

401 1622 479 1688 Post
506 1623 709 1690 Sirmondum
732 1623 799 1688 Ioh.
822 1623 983 1688 Mabillon
1011 1646 1041 1690 a.
1068 1627 1149 1688 1675
1172 1625 1255 1689 inter
1277 1630 1381 1691 vetera
1409 1646 1470 1691 sua
1495 1627 1639 1692 analecta
1663 1626 1705 1710 (1,
1729 1628 1801 1705 383,
1823 1626 1869 1693 cd.
1892 1627 1948 1692 alt.

295 1730 480 1810 eto-412)
507 1727 720 1808 supplementa
748 1726 902 1807 qtmedain
926 1731 1105 1808 poematum
1129 1727 1291 1810 Tleeodulti
1321 1751 1360 1792 eu
1385 1733 1562 1810 pervetusto
1584 1728 1683 1793 codice
1711 1727 1880 1794 Viteniano
1901 1730 1949 1794 ‘ab

293 1831 391 1895 connis
410 1831 476 1911 fere
498 1831 679 1913 octinaentis
700 1850 798 1893 rnanu
819 1831 942 1911 seripto’
965 1829 1061 1909 dedit,
1088 1852 1177 1912 quem
1198 1832 1313 1910 eadent,
1336 1853 1416 1914 qnae
1438 1831 1606 1897 Sirmondo
1626 1831 1784 1910 debemus,
1807 1833 1950 1897 camnina

294 1933 405 1998 habere
437 1933 534 2013 refert
561 1938 639 1995 ‘cum
669 1933 784 2012 paucis
815 1933 952 1996 aliorum
984 1934 1123 1998 uersibus
1150 1934 1223 1999 hinc
1249 1935 1322 1999 inde
1348 1936 1495 2003 insertis!
1540 1935 1630 2014 ι6111,
1659 1939 1694 1998 ut
1722 1935 1823 2016 ipsius
1848 1936 1950 2001 vorbis

293 2041 377 2113 ntor,
399 2039 437 2099 ‘et
458 2035 527 2100 ale'a
546 2035 653 2116 plma,
675 2054 756 2117 quae
777 2035 890 2098 desunt
910 2036 946 2098 in
968 2035 1100 2100 editione
1123 2037 1294 2116 Simnondi,
1316 2037 1765 2118 pauentisaliorumoersibns
1785 2037 1950 2103 hincinde

293 2140 409 2220 absque
430 2141 590 2202 anctorum
612 2139 736 2202 nomine
757 2139 894 2203 insertis.
938 2138 993 2202 Ea
1014 2139 1056 2203 iis
1078 2161 1157 2220 qnae
1180 2141 1341 2222 theodulfi
1361 2161 1426 2206 esse
1448 2142 1517 2206 aisa
1538 2145 1620 2218 sunt,
1643 2161 1680 2206 ea
1702 2144 1828 2206 tantum
1849 2143 1950 2224 selopi
1990 2207 1994 2214 ,

298 2263 378 2324 quae
399 2243 448 2306 rei
468 2241 644 2306 litterariae
664 2241 809 2322 preclusa
817 2245 957 2322 possunt,
980 2242 1047 2306 alia
1062 2264 1141 2320 oero,
1164 2265 1243 2324 quae
1265 2244 1302 2308 de
1324 2244 1416 2309 robus
1437 2243 1608 2308 moralibus
1618 2246 1766 2321 tractant,
1787 2243 1838 2308 hic
1851 2245 1949 2309 solnm

239 2407 242 2413 .
294 2351 403 2411 notare
431 2346 510 2410 satis
536 2364 600 2410 esse
630 2345 729 2409 einai!
781 2346 836 2409 Ea
864 2345 919 2410 hoc
947 2344 1047 2410 codice
1075 2348 1173 2430 ipitur
1196 2347 1356 2412 Mobillon
1382 2347 1541 2411 duodecim
1568 2347 1712 2410 carmina
1732 2366 1755 2410 a
1780 2345 1950 2428 Theodult'o

295 2450 462 2531 composita
483 2448 597 2526 edidit,
623 2469 663 2511 eu
690 2449 804 2530 quibus
833 2470 932 2513 unum
959 2450 1022 2513 iam
1051 2455 1146 2514 antea
1167 2474 1189 2515 a
1214 2451 1343 2517 Conisio
1362 2452 1452 2532 foras
1473 2451 1581 2514 datum
1603 2453 1683 2528 erat,
1699 2454 1866 2530 puooterea
1888 2452 1952 2532 epi·

294 2554 434 2634 taphium
467 2551 603 2616 eiusdem
635 2550 756 2632 (infra)
789 2556 818 2616 ct
843 2552 1024 2635 Ruotpanpi
1051 2552 1218 2618 Mettcmsis
1248 2554 1382 2634 episcopi
1418 2554 1531 2638 (supra
1558 2575 1590 2636 p.
1614 2555 1666 2631 99,
1700 2550 1786 2639 168),
1819 2552 1951 2635 cunique

234 2697 236 2702 .
300 2655 450 2720 Venontii
470 2655 644 2720 Fortunati
668 2674 777 2719 corsus
806 2653 850 2718 ad
874 2655 1104 2721 Childebertum
1133 2677 1233 2740 nepem
1255 2657 1368 2741 (Amal.
1392 2662 1448 2720 oct.
1468 2678 1500 2737 p.
1525 2656 1613 2744 367).
1662 2656 1741 2719 Tmn
1756 2658 1864 2739 percit
1883 2657 1951 2721 ita:

295 2757 438 2823 ‘Praetcr
459 2759 623 2838 superiora
644 2759 789 2822 carruina
810 2757 860 2822 bie
882 2759 965 2824 edita
988 2761 1171 2840 referuntur
1192 2767 1221 2825 et
1242 2762 1309 2826 alia
1332 2780 1412 2840 quae
1433 2745 1571 2825 1011111111
1594 2760 1693 2837 omisi,
1716 2778 1823 2839 nempe
1838 2758 1952 2824 Passio

297 2861 425 2940 Christi,
448 2863 602 2942 inm'pneres
623 2862 663 2926 ab
684 2862 735 2927 his
755 2862 896 2926 uersibus

707 2982 860 3046 Praemia
883 2984 1035 3047 saltatrix
1058 2985 1165 3070 poscit
1188 2984 1339 3049 funebria
1361 2986 1465 3071 virgo,

686 3084 864 3150 'Iohannis
888 3095 986 3173 eaput
1008 3086 1173 3151 abscisum
1196 3087 1283 3172 quod
1306 3089 1400 3152 lanae
1424 3094 1580 3175 reportat.

359 3281 362 3286 .
402 3220 526 3285 Deinde
549 3224 622 3300 post
650 3240 768 3283 nonum
794 3241 920 3284 carnun
948 3222 999 3286 hic
1020 3223 1153 3288 relatum
1181 3223 1339 3287 duodecim
1368 3243 1475 3288 corsus
1495 3223 1533 3287 de
1562 3221 1764 3300 Paradiso²;
1792 3225 1858 3286 tum
1882 3226 1952 3304 post

295 3325 445 3390 (1111111111
466 3324 550 3387 carii
570 3343 679 3387 versus
699 3324 738 3387 dc
758 3323 865 3406 oralia
887 3325 946 3402 dei,
970 3326 1007 3389 dc
1029 3328 1200 3404 cenationes,
1222 3327 1259 3390 de
1281 3347 1394 3405 somno,
1418 3326 1456 3390 dc
1477 3325 1664 3406 quibusdam
1679 3323 1839 3405 lapidibus
1849 3343 1953 3389 mora·

296 3428 369 3492 liter
385 3425 597 3507 pertractatis,
620 3425 657 3490 de
679 3430 814 3506 qnatmr
835 3427 988 3492 coloribus
1010 3433 1040 3491 et
1061 3433 1196 3510 quatuor
1218 3431 1383 3494 elementis.
1428 3427 1572 3509 Denique
1594 3446 1702 3492 umeros
1724 3429 1895 3507 complures
1916 3428 1952 3490 in

291 3531 435 3612 psalmos
464 3529 614 3612 quosdam
638 3529 818 3612 praduales.
870 3529 959 3594 Haec
981 3530 1137 3597 iudicasse
1160 3531 1320 3616 sresficiat'.
1369 3533 1433 3596 Hic
1461 3531 1571 3608 codeu,
1601 3550 1691 3610 anem
1712 3551 1751 3594 cc
1773 3529 1953 3594 bibliotheca

297 3635 479 3700 rnonasterii
511 3633 613 3698 sancti
654 3631 759 3696 Vitoni
785 3632 976 3698 Mabdlenio
1013 3635 1161 3699 edendum
1194 3636 1394 3700 commodavit
1422 3634 1586 3714 reliqiosus
1614 3634 1665 3696 uir
1691 3631 1952 3696 Bartholomaeus

298 3739 449 3816 Senecas,
470 3740 543 3819 post
569 3755 639 3799 enm
668 3759 689 3800 a
716 3737 839 3800 herenna
867 3737 952 3799 visus
979 3736 1164 3801 ianedudnm
1190 3739 1320 3802 evanuit
1346 3741 1375 3800 et
1404 3755 1502 3815 neuere
1531 3735 1685 3798 Viroduni
1711 3754 1809 3813 neque
1830 3734 1895 3798 alm
1916 3735 1953 3797 in

298 3845 361 3909 loco
382 3861 500 3906 samnio
521 3839 696 3904 studiorum
716 3845 894 3905 nostrorum
916 3841 1099 3904 detrimento
1121 3842 1255 3922 reperiri
1270 3842 1383 3922 potuit.

408 3971 593 4037 Carminum
622 3974 800 4034 nostrornm
829 3969 923 4034 editio
945 3993 965 4033 a
989 3969 1156 4034 Sirrnondo
1178 3975 1300 4050 parata
1329 3967 1522 4049 repetebatur
1547 3987 1577 4031 a.
1605 3969 1686 4030 1677
1709 3968 1744 4030 iu
1773 3965 1953 4031 bibliotheca

296 4075 437 4140 rhammo
456 4077 589 4156 patrem
610 4073 816 4155 Laepduncnsi
838 4071 934 4152 XIV,
960 4077 1000 4137 28
1023 4092 1088 4154 sqq.
1111 4067 1298 4136 Mobillonii
1322 4071 1533 4153 supplemento
1561 4069 1683 4147 addito,
1708 4092 1739 4136 a.
1766 4072 1847 4135 1696
1870 4069 1954 4132 inter

298 4177 461 4244 Simnondi
483 4197 577 4258 opera
598 4177 692 4240 uaria
708 4174 848 4240 Parisiis
869 4175 954 4240 edita
975 4176 1026 4254 II,
1053 4178 1264 4240 lone—1128
1287 4177 1390 4240 eodan
1411 4174 1622 4256 supplemento
1636 4178 1730 4238 aucta
1754 4173 1813 4257 (cd.
1837 4172 1953 4236 Veneta

297 4280 349 4362 ΙΙ,
373 4281 567 4362 tat—892),
588 4279 720 4361 1111111111
740 4282 777 4343 in
800 4279 921 4362 Mipnii
943 4279 1141 4364 Patrolopiac
1165 4281 1218 4346 lat,
1243 4300 1337 4344 eursu
1359 4275 1504 4359 empna
1530 4276 1596 4358 CV,
1620 4278 1802 4345 ess-380.

404 4409 519 4472 Finem
551 4407 645 4471 huius
675 4409 825 4488 prooemii
851 4409 912 4472 duo
950 4409 1110 4489 epitaphia
1147 4408 1307 4490 Theodec-lli
1342 4412 1444 4472 vetem
1476 4405 1614 4486 faciant,
1652 4427 1785 4487 quorum
1808 4407 1904 4489 prins
1932 4428 1953 4470 o

297 4512 485 4577 Mabillonio
518 4510 635 4596 (Amul.
669 4514 725 4574 aet.
754 4513 826 4587 377,
860 4512 947 4574 „trin
979 4509 1029 4588 ΙΙ,
1060 4511 1135 4595 165)
1168 4533 1206 4574 ea:
1237 4515 1411 4592 pervetusto
1448 4510 1545 4575 codice
1585 4509 1753 4574 Vitelliano
1788 4510 1824 4575 im
1857 4511 1954 4575 liccem

291 4615 454 4696 prolatum
476 4617 540 4678 est:

660 4700 753 4764 lllius
778 4701 905 4767 cineres
930 4723 1010 4767 sano
1035 4711 1206 4766 servantur
1227 4703 1261 4766 in
1285 4701 1359 4780 isto,

750 4804 813 4878 Qui
836 4805 1000 4891 quondam
1022 4806 1152 4893 populis
1175 4806 1308 4891 praesul
1332 4811 1366 4869 et
1388 4804 1474 4869 abba
1497 4803 1569 4868 tuit.

659 4908 733 4973 Non
755 4919 868 4975 noster
889 4913 1032 4996 genitae,
1056 4919 1170 4977 1111111
1192 4911 1354 4976 habeatur
1375 4910 1549 4973 alumnus:

750 5011 891 5077 Protulit
914 5015 1001 5080 hune
1025 5015 1152 5101 speria,
1176 5013 1285 5080 Gallia
1309 5013 1367 5078 sed
1390 5012 1515 5077 nutriit.

403 5342 427 5410 1)
451 5340 495 5410 Os.
521 5342 667 5410 Quaestione
694 5343 855 5412 Anpeainee.
875 5343 908 5396 L·
923 5346 1022 5414 hymni
1047 5343 1145 5398 (iuria
1166 5344 1230 5397 lane
1250 5349 1274 5397 et
1298 5358 1393 5396 encore
1412 5341 1540 5412 l'bynmc
1559 5339 1658 5394 Gloria
1680 5338 1745 5392 11111
1759 5353 1818 5407 par
1837 5339 1866 5393 C.
1885 5337 1957 5392 Part

296 5442 441 5511 (Extraitr
458 5443 492 5497 eie
509 5445 538 5498 la
554 5463 637 5499 revue
654 5446 689 5500 ete
706 5447 849 5516 tainica),
864 5453 972 5518 Aream
985 5448 1060 5503 1879.
1096 5447 1212 5502 Lierech
1229 5448 1286 5514 (die
1300 5447 1430 5503 Gedichte
1452 5444 1604 5512 Theadntfs
1618 5461 1649 5513 p.
1661 5443 1776 5508 61-61)
1795 5447 1958 5513 arynmento

297 5551 332 5603 ub
351 5564 382 5603 eo
396 5549 508 5618 prolata
526 5550 648 5617 refellere
666 5558 782 5606 conatus
799 5557 845 5606 ert.
915 5553 942 5618 ⁸2)
962 5569 996 5606 ea
1014 5551 1110 5606 codice
1131 5551 1290 5606 Harleinna
1307 5567 1405 5606 verens
1423 5551 1457 5604 de
1470 5548 1609 5620 paradiso
1628 5546 1749 5616 clipeos
1767 5546 1886 5612 edimus,
1908 5545 1957 5600 sed

297 5669 350 5706 reon
369 5652 616 5718 connectendam
635 5655 739 5724 riqinti.

1694 5746 1749 5802 ba*
