4612 6414
729 413 776 474 DE
794 414 984 475 SPEOIEBUS
1003 416 1222 474 PRAETllRl'l'l
1244 411 1426 476 PERFECTI.

508 595 557 659 12.
593 589 710 658 Modus
732 593 851 659 tertiae
874 592 940 658 iam
962 593 1086 659 formae
1110 615 1130 660 a
1151 593 1246 660 nobis
1270 593 1429 662 dicendus
1451 599 1513 675 eat,

591 695 683 761 cuius
706 694 872 781 inceptiva
895 715 1026 781 semper
1049 696 1176 782 syllaba
1198 697 1342 782 gemella
1364 702 1425 778 est,

590 804 627 862 ut
650 804 702 864 est
723 819 834 885 pungo
857 805 891 865 et
913 799 1052 886 pupugi:
1074 820 1151 865 nam
1175 807 1208 866 et
1230 801 1334 887 punxi
1356 802 1477 868 lectum
1500 805 1551 866 est
1561 799 1583 862 ¹.

506 940 555 1002 13.
589 935 738 1023 Namque
753 945 889 1024 quartae
911 959 1046 1005 normae
1069 939 1185 1005 modus
1208 961 1271 1005 non
1296 937 1556 1027 praetereundus
1580 943 1642 1019 est,

589 1040 682 1104 cuius
705 1041 853 1107 clausula
875 1063 1062 1129 supremam
1085 1063 1121 1108 cs
1144 1049 1179 1108 et
1201 1043 1302 1109 iotam
1323 1044 1459 1110 retinet:

589 1143 666 1209 ludo
690 1144 753 1210 lusi
775 1145 838 1212 hoc
859 1151 996 1212 utuntur
1018 1147 1170 1233 exemplo
1193 1148 1399 1234 grammatici
1412 1147 1434 1214 ².

506 1286 554 1350 11.
591 1281 692 1369 Optat
715 1283 837 1368 siquis
859 1285 1006 1370 quintam
1028 1286 1125 1364 scire,
1149 1298 1282 1352 sensum
1304 1286 1369 1351 huc
1390 1283 1597 1352 accomodet:

588 1386 622 1450 in
644 1387 679 1452 xi
701 1388 802 1473 longa
822 1387 905 1454 haec
926 1388 1068 1472 desistit,
1090 1396 1127 1455 ut
1150 1391 1239 1456 cinxi
1261 1391 1315 1458 vel
1338 1390 1413 1457 ccxi
1436 1396 1498 1472 est,

588 1495 664 1555 sunt
685 1496 719 1556 et
741 1491 816 1572 alia,
838 1512 923 1577 quae
946 1514 1061 1559 versus
1084 1514 1149 1560 non
1171 1495 1261 1560 valet
1284 1493 1472 1580 reciperei.

505 1629 554 1690 15.
588 1625 669 1692 Post
689 1626 773 1694 haec
797 1649 856 1694 suo
880 1636 976 1696 sexta
998 1632 1070 1698 loco
1092 1631 1232 1698 formula
1254 1652 1382 1698 conexa
1405 1638 1466 1714 est,

588 1751 672 1816 quae
694 1731 727 1796 vi
749 1731 877 1818 syllaba
898 1733 1009 1800 finitur
1024 1781 1572 1804 ...........

505 1975 554 2037 16.
588 1972 661 2048 Quo
683 1994 759 2040 uam
781 1981 846 2041 tert
890 2024 1112 2043 .....
1164 1998 1239 2042 susc
1252 2023 1571 2044 .......

621 2125 1057 2146 .........
1102 2080 1136 2144 in
1158 2080 1271 2145 limine
1294 2078 1429 2160 resedit,

588 2201 674 2247 aex
695 2181 775 2266 agili
797 2181 957 2266 pigriscit,
982 2182 1076 2268 capio
1098 2190 1135 2248 11
1158 2182 1232 2269 cepi
1255 2185 1340 2249 esti.

505 2321 555 2386 17.
589 2318 667 2384 Rite
690 2319 838 2405 sequitur
860 2327 986 2402 octava,
1011 2341 1108 2404 quam
1131 2321 1298 2388 concludit
1319 2321 1429 2388 littera

589 2423 782 2489 consonanti
804 2423 873 2488 iota
894 2423 1016 2506 iuncta,
1040 2425 1089 2490 uti
1111 2431 1204 2490 verto
1227 2425 1311 2492 verti
1335 2431 1402 2491 est:

591 2527 693 2592 oritur
715 2526 799 2593 haec
821 2526 862 2591 ab
886 2527 1022 2593 instanti
1044 2549 1064 2592 a
1087 2548 1229 2614 persona
1250 2528 1389 2596 medica

505 2665 554 2728 18.
589 2662 750 2750 Superest
770 2671 808 2730 ut
828 2685 915 2730 nona
937 2665 1053 2730 harum
1076 2666 1238 2733 scribatur
1260 2668 1435 2754 posterius,

589 2767 681 2832 cuius
704 2788 835 2855 semper
855 2768 906 2833 bis
929 2769 1078 2856 pulsatur
1099 2770 1217 2838 ultima
1240 2771 1426 2860 conplexio,

587 2877 623 2935 ut
646 2876 698 2937 est
720 2871 805 2938 abdo
828 2871 940 2938 abdidi
962 2873 1010 2939 sic
1032 2873 1156 2940 dictum
1178 2881 1215 2940 ut
1238 2876 1416 2963 accipimus
1426 2876 1449 2941 ⁷.

505 3011 555 3077 19.
588 3009 808 3075 Transeamus
831 3010 907 3076 hino
929 3009 971 3076 ad
994 3019 1158 3098 quartam,
1181 3035 1278 3098 quam
1301 3013 1450 3080 nonnulli
1472 3013 1642 3078 nominant

588 3113 871 3200 coniugationem:
894 3113 1007 3180 formis
1031 3115 1113 3182 haec
1136 3137 1180 3181 ex
1202 3116 1344 3204 quinque
1367 3116 1474 3204 prima
1496 3122 1558 3199 ost,

587 3235 672 3300 quae
695 3221 733 3281 ut
755 3215 864 3302 garrio
886 3217 1010 3302 garrivi
1031 3219 1066 3283 in
1088 3219 1236 3306 perfecto
1259 3219 1382 3306 duplex
1405 3225 1457 3284 est
1467 3220 1490 3284 ⁸.

502 3358 552 3421 20.
586 3353 688 3420 Venit
709 3353 774 3418 iam
797 3352 943 3420 secunda
964 3353 1080 3437 forma,
1103 3355 1204 3421 totius
1226 3355 1394 3438 vicesima,

587 3459 622 3523 in
643 3458 678 3523 ui
699 3456 755 3542 qui
777 3457 960 3524 terminatis
983 3458 1102 3525 litteris
1126 3459 1242 3525 modus
1265 3467 1371 3544 sonat,

588 3568 625 3628 ut
647 3568 699 3628 est
721 3561 795 3628 volo
818 3561 983 3650 voluique,
1006 3564 1093 3630 malo
1117 3569 1216 3651 atque
1238 3564 1372 3630 maluit

503 3708 555 3772 21.
589 3703 632 3768 X.
655 3703 689 3768 in
711 3700 810 3769 tertia
832 3701 866 3766 in
889 3723 929 3768 eo
952 3701 1075 3770 desinit
1094 3703 1275 3784 vocalibus,

589 3827 673 3892 quae
695 3811 732 3872 11
753 3805 859 3892 prima
881 3804 916 3872 in
937 3805 971 3870 vi
993 3806 1064 3873 exit
1085 3827 1147 3874 nec
1169 3813 1279 3874 tamen
1301 3806 1401 3873 bifida
1423 3813 1490 3874 est:

590 3917 643 3978 est
664 3909 853 3995 exemplum
876 3929 916 3976 11
939 3909 985 3975 ivi
1008 3917 1042 3977 11
1064 3931 1148 3996 queo
1171 3910 1322 3978 similiter
1337 3911 1376 3978 ¹⁰.

350 4172 416 4240 12,1
438 4174 561 4226 dicendus
579 4173 636 4225 eiua
648 4169 674 4222 P
789 4167 861 4235 lau
878 4169 982 4237 gimello
995 4167 1021 4219 P
1136 4167 1207 4234 13,1
1231 4170 1323 4222 modus
1402 4177 1441 4223 111
1458 4171 1552 4224 addidi
1666 4170 1738 4239 13,2
1756 4173 1867 4226 retinent
1878 4171 1903 4222 P

249 4257 319 4322 13,3
337 4260 398 4312 ludo
416 4259 506 4311 ludiP
608 4253 775 4323 111-31
791 4257 909 4322 marytre
926 4255 1058 4321 superiore
1069 4255 1134 4323 sotii
1151 4253 1169 4307 8
1186 4255 1270 4308 deleta
1287 4265 1346 4307 1111
1449 4255 1678 4324 16,1-21111111
1689 4276 1721 4312 ea
1730 4268 1806 4326 parte
1817 4259 1901 4311 deleta

247 4355 308 4397 aaut
412 4343 480 4410 111
499 4351 643 4412 sequuntur
655 4342 681 4393 P
782 4339 850 4408 112
866 4343 1066 4394 consonantibus
1084 4343 1093 4393 i
1111 4341 1137 4393 P
1221 4339 1289 4408 113
1307 4343 1339 4393 ab
1358 4343 1450 4395 addidi
1537 4342 1606 4412 18‚3
1623 4346 1688 4398 abdo
1766 4357 1797 4398 11
1808 4345 1901 4397 addidi

246 4429 288 4497 19,
302 4429 320 4482 3
335 4433 424 4499 garruli
435 4430 462 4482 P
563 4448 649 4499 per-
660 4428 753 4480 addidi
855 4424 923 4494 20,1
944 4429 1050 4480 formam
1068 4435 1156 4481 touatu
1168 4426 1195 4479 P
1296 4425 1365 4495 20,2
1383 4446 1501 4497 nonaque
1518 4432 1661 4485 tenninaris
1673 4431 1699 4482 P
1765 4439 1866 4484 resonet
1878 4429 1904 4481 P

244 4515 314 4580 21‚1
334 4519 469 4570 uocalibua
487 4517 581 4570 desinit
592 4515 618 4566 P
719 4511 788 4580 21,3
806 4521 845 4567 cst
861 4513 954 4565 addidi

349 4669 377 4739 1)
403 4667 547 4739 inceptiva
569 4665 647 4722 verbi
669 4665 767 4722 littera
784 4665 842 4720 sive
864 4665 973 4734 syllaba
995 4664 1141 4735 geminata
1160 4705 1186 4721 ..
1205 4683 1301 4737 pungo
1318 4667 1427 4738 pupugi
1531 4668 1578 4724 sad
1606 4671 1635 4723 et
1661 4667 1749 4739 punxi
1775 4667 1901 4722 dicimus.

244 4775 272 4839 2)
291 4788 322 4843 p.
340 4771 392 4826 369
411 4771 518 4838 Quarta
538 4771 627 4827 forma
648 4773 691 4824 est
713 4785 785 4838 quae
803 4769 907 4824 desinit
925 4770 954 4824 in
973 4769 996 4824 si
1015 4769 1152 4839 syllabam
1170 4772 1203 4823 ut
1221 4809 1249 4825 ..
1268 4770 1335 4826 ludo
1352 4770 1416 4825 lusi.
1495 4771 1522 4839 3)
1540 4771 1646 4837 Quanta
1662 4771 1751 4827 forma
1768 4773 1811 4826 ast
1828 4787 1900 4840 quae

245 4875 349 4930 desinit
366 4875 397 4930 in
410 4874 439 4928 xi
454 4874 600 4943 syllabam,
619 4878 652 4929 11
665 4872 726 4929 cori
739 4914 746 4928 .
761 4914 767 4927 .
786 4872 869 4927 cinxi.
923 4874 951 4942 4)
964 4872 1050 4928 Sexta
1061 4873 1150 4928 tonna
1162 4876 1205 4928 est
1216 4890 1289 4942 quae
1301 4873 1405 4929 desinit
1417 4873 1447 4928 in
1456 4873 1485 4928 vi
1498 4873 1644 4943 syllabam,
1656 4877 1689 4930 11
1702 4873 1785 4944 cupio
1796 4873 1901 4944 cupivi.

245 4981 273 5048 5)
287 4996 318 5050 p.
336 4978 389 5034 370
406 4978 531 5048 Septima
549 4979 639 5034 forma
657 4981 700 5033 est
717 4995 789 5048 quae
810 4975 914 5032 desiuit
929 4976 960 5030 in
982 4975 992 5030 i
1011 4975 1124 5046 quidem
1145 4975 1278 5042 litteram,
1301 4976 1343 5032 ita
1360 4979 1455 5044 tamen
1479 4979 1511 5032 ut
1532 4977 1665 5042 instantis
1683 4977 1792 5046 syllaba
1809 4955 1900 5047 prima

246 5085 374 5153 correpta
396 5081 519 5153 perlecto
538 5085 663 5152 tempore
680 5080 858 5151 producatur,
876 5081 909 5134 11
928 5119 954 5133 ..
973 5077 1054 5149 capio
1072 5077 1149 5149 capi;
1167 5078 1203 5148 cf.
1218 5095 1249 5149 p.
1263 5078 1316 5133 628
1334 5081 1383 5134 atr.
1396 5080 1421 5133 6.
1490 5078 1518 5148 6)
1538 5078 1645 5135 Octava
1662 5080 1750 5135 forma
1768 5082 1811 5134 est
1828 5096 1901 5148 quae

246 5186 350 5243 desinit
366 5185 397 5241 in
415 5185 424 5240 i
443 5185 558 5255 quidem
576 5185 708 5254 litteram,
726 5184 769 5239 ita
786 5186 880 5239 111111
899 5185 931 5240 11
949 5199 966 5237 1
984 5181 1107 5238 secunda
1124 5199 1242 5252 persona
1259 5181 1392 5238 instantis
1410 5182 1543 5252 temporis
1560 5182 1655 5238 venire
1672 5181 1810 5248 videntur,
1828 5185 1900 5237 11..

245 5291 323 5345 verto
345 5289 426 5345 verti.
517 5288 605 5359 ἵ)111
627 5293 722 5344 tamen
744 5291 777 5344 11
798 5287 912 5343 iteratio
933 5287 1042 5342 mediae
1065 5287 1190 5356 syllabae
1213 5287 1270 5352 fiat,
1355 5285 1428 5342 abdo
1445 5285 1550 5344 abdidi.
1642 5287 1669 5356 8)
1686 5286 1901 5357 coniugationis

245 5393 347 5449 tertiae
364 5392 525 5463 productae,
544 5410 628 5462 quam
647 5393 762 5462 quidam
778 5394 907 5463 quartam
924 5391 1084 5458 nominant,
1102 5391 1206 5447 somnae
1224 5394 1290 5446 sunt
1308 5391 1439 5461 quinque.
1476 5391 1569 5446 Prima
1587 5393 1630 5445 est
1693 5393 1725 5445 11
1807 5391 1899 5460 garrio

244 5494 356 5564 garrivi
362 5495 443 5564 gerii.
512 5496 539 5564 9)
552 5513 584 5567 p.
596 5495 646 5549 371
660 5495 788 5552 Secunda
799 5495 888 5549 forma
906 5497 949 5549 est
966 5511 1038 5564 quae
1056 5493 1160 5550 desinit
1178 5494 1207 5549 in
1225 5495 1236 5547 i
1248 5493 1372 5549 litteram
1385 5510 1483 5564 puram
1496 5495 1529 5548 ut
1540 5493 1603 5548 volo
1616 5492 1700 5557 volui,
1718 5493 1792 5548 malo
1804 5487 1899 5547 malui.

245 5598 289 5668 10)
307 5597 405 5652 Tertia
425 5599 514 5652 forma
535 5600 577 5652 est
600 5615 673 5666 quae
698 5599 802 5652 desinit
819 5598 849 5651 in
862 5598 890 5652 vi
905 5597 1019 5666 quidem
1036 5596 1173 5666 syllabam
1189 5597 1225 5652 ad
1240 5595 1453 5651 similitudinem
1466 5596 1573 5665 primae
1588 5596 1693 5651 formae
1711 5639 1717 5653 .
1732 5637 1758 5651 ..
1777 5597 1810 5649 ut
1827 5610 1900 5664 queo

244 5701 307 5771 quis
325 5701 404 5771 quivi
423 5743 448 5756 ..
468 5718 500 5756 eo
519 5700 568 5757 ivi.
778 5683 781 5686 ¹

1641 5793 1695 5848 19*
