4756 6412
1089 406 1296 462 THEODULFI
1315 407 1490 462 CARllllNA.

746 597 771 635 ³⁵
826 579 921 653 Quod
945 581 1036 660 levis,
1060 582 1177 660 alatus,
1200 579 1287 665 quod
1310 589 1425 667 aperto
1448 588 1500 646 est
1523 581 1670 656 crimine,
1694 581 1811 662 nudus,

918 682 1116 769 Sollertique
1140 690 1230 748 caret
1253 685 1340 769 quod
1363 686 1500 762 ratione,
1523 707 1615 772 puer.

830 788 924 852 Mens
948 810 1048 874 prava
1071 789 1104 852 in
1128 787 1294 874 pharetra
1315 788 1453 853 insidiae
1476 790 1647 874 signantur
1669 790 1702 853 in
1725 811 1812 860 arcu,

915 891 1007 972 Tala,
1030 913 1121 978 puer,
1146 892 1244 972 virus,
1268 891 1324 955 fax
1347 898 1422 956 tuus
1445 891 1551 971 ardor,
1574 892 1686 957 Amor.

829 994 994 1072 Mobilius,
1016 996 1122 1060 levius
1146 995 1223 1081 quid
1246 997 1334 1060 enim
1357 997 1410 1061 vel
1433 996 1617 1062 amantibus
1642 1019 1715 1062 essa

746 1118 773 1156 m
917 1096 1005 1180 Quit,
1028 1120 1112 1184 vaga
1128 1120 1221 1164 mens
1244 1121 1381 1184 quorum
1405 1121 1463 1165 seu
1486 1102 1560 1165 leve
1584 1123 1702 1188 corpus
1725 1102 1834 1165 inest?

830 1201 911 1275 Quis
934 1201 1059 1278 facinus
1083 1202 1190 1267 celare
1214 1209 1324 1288 potest
1346 1202 1433 1287 quod
1455 1203 1558 1267 Amor
1580 1205 1667 1288 gerit
1688 1225 1775 1280 acer,

917 1304 1018 1369 Cuius
1042 1327 1173 1391 semper
1192 1313 1288 1370 erunt
1310 1312 1404 1390 gesta
1426 1312 1551 1370 retecta
1573 1308 1681 1370 mala?

831 1409 912 1484 Quis
936 1409 1072 1474 rationis
1097 1430 1172 1473 eum
1197 1409 1294 1495 spiris
1317 1410 1442 1474 vincire
1465 1410 1598 1488 valebit,

919 1511 982 1585 Qui
1006 1520 1058 1577 est
1080 1535 1162 1600 puer
1185 1513 1319 1578 effrenis
1343 1521 1377 1577 et
1398 1514 1525 1579 ratione
1550 1522 1688 1579 carens?

747 1639 773 1676 ss
834 1616 914 1690 Quis
937 1618 1112 1704 pharetrae
1135 1617 1279 1682 latebras
1303 1618 1423 1703 poterit
1447 1626 1621 1704 penetrare
1645 1619 1813 1704 malignas,

914 1720 996 1786 Tela
1018 1721 1123 1786 latent
1145 1728 1239 1785 utero
1264 1727 1343 1806 quot
1366 1723 1553 1787 truculenta
1576 1725 1686 1788 malo?

831 1823 904 1897 Quo
927 1825 999 1889 face
1023 1825 1215 1889 coniunctus
1239 1825 1368 1889 virosus
1393 1826 1523 1911 prosilit
1544 1826 1639 1906 ictus,

914 1926 978 2000 Qui
1000 1929 1099 2004 volat,
1124 1936 1157 1993 ct
1179 1929 1344 2015 perimens
1367 1930 1528 2010 vulnerat,
1551 1931 1626 2010 urit,
1649 1932 1738 2016 agit?

831 2032 892 2096 Est
915 2032 1095 2097 sceleratus
1120 2034 1207 2097 enim
1231 2034 1400 2100 moechiae
1423 2034 1562 2100 daemon
1586 2040 1620 2098 et
1642 2042 1747 2112 atrox,

750 2160 775 2196 so
919 2135 972 2200 Ad
994 2137 1092 2201 luxus
1116 2138 1254 2201 miseros
1279 2160 1378 2203 saeva
1399 2138 1553 2202 barathra
1576 2137 1721 2203 trahens.

832 2239 998 2324 Decipere
1023 2246 1074 2304 est
1096 2246 1278 2326 promptus,
1302 2262 1497 2327 semperque
1521 2263 1641 2306 nocere
1664 2249 1810 2328 paratus,

919 2341 1100 2407 Daemonis
1125 2350 1176 2408 est
1199 2345 1352 2427 quoniam
1375 2345 1436 2422 ris,
1460 2366 1651 2430 oppansus
1675 2346 1717 2410 ei.

834 2445 975 2510 Somnus
997 2445 1099 2510 habet
1121 2447 1279 2531 geminas,
1302 2448 1450 2512 referunt
1472 2455 1508 2512 ut
1531 2448 1684 2528 carmina,
1708 2455 1830 2535 portas,

913 2549 1030 2613 Altera
1052 2570 1131 2614 sera
1153 2551 1249 2634 gerit,
1272 2552 1377 2616 altera
1399 2551 1483 2614 falsa
1507 2551 1643 2615 tamem.

751 2676 775 2710 ss
835 2651 964 2717 Cornea
986 2674 1065 2718 vcra
1086 2653 1198 2732 trabit,
1222 2653 1372 2739 producit
1394 2655 1540 2718 eburnea
1564 2653 1658 2730 falsa,

917 2756 1008 2821 Vera
1030 2757 1143 2821 vident
1165 2759 1262 2838 oculi,
1287 2759 1370 2822 falsa
1392 2779 1452 2843 per
1477 2779 1534 2822 ora
1556 2765 1677 2823 meant.

832 2860 945 2924 Rasile
968 2882 1043 2924 nam
1067 2883 1177 2944 cornu,
1200 2869 1294 2927 tener
1316 2868 1350 2927 et
1372 2862 1553 2926 translucet
1575 2863 1713 2942 ocellus,

919 2963 1171 3050 Obtuusumque
1195 2965 1286 3030 vehit
1309 2966 1375 3030 oris
1399 2964 1507 3029 hiatus
1531 2964 1622 3030 ebur.

833 3067 908 3132 Non
930 3067 1138 3154 splendorem
1163 3069 1275 3148 oculis,
1299 3089 1364 3132 nou
1389 3067 1489 3132 sentit
1511 3068 1633 3153 frigora
1657 3091 1767 3151 cornu,

752 3194 777 3230 sc
922 3172 988 3236 Par
1009 3173 1100 3238 denti
1123 3180 1221 3258 atque
1246 3175 1337 3238 ebori
1360 3173 1474 3257 risque
1498 3172 1651 3258 colorque
1675 3181 1795 3240 manet.

834 3276 895 3341 Est
918 3277 1020 3362 portis
1044 3277 1117 3341 istis
1141 3278 1243 3341 virtus
1267 3297 1333 3341 non
1354 3298 1421 3340 una
1444 3274 1581 3353 duabus,

917 3379 964 3443 Os
987 3379 1053 3443 fert
1074 3379 1168 3458 falsa,
1192 3379 1305 3443 oculus
1329 3378 1375 3442 nil
1398 3379 1461 3443 uisi
1485 3399 1562 3443 vera
1585 3378 1685 3445 videt.

837 3482 950 3546 Pauca
972 3483 1055 3547 haec
1078 3481 1118 3546 de
1142 3482 1253 3546 multis
1277 3482 1433 3546 brevibus
1458 3481 1634 3547 constricta
1656 3485 1780 3549 catenis

916 3585 1072 3672 Exempli
1095 3607 1195 3650 causa
1218 3587 1261 3650 sit
1283 3587 1435 3671 posuisse
1460 3585 1551 3649 satis.

1184 4061 1223 4151 Μ
1231 4039 1356 4146 xum.

467 4227 527 4298 DE
556 4227 741 4300 SEPTEM
764 4227 1081 4300 LIBERALIBUS
1107 4226 1317 4299 ARTIBUS
1347 4227 1396 4299 IN
1423 4227 1630 4315 QUADAM
1660 4225 1874 4300 PICTURA
1893 4224 2124 4299 DEPICTIS.

830 4376 952 4440 Discus
976 4375 1064 4441 erat²
1087 4376 1184 4440 tereti
1207 4376 1366 4441 formatus
1390 4376 1533 4461 imagine
1556 4376 1679 4454 mundi,

916 4480 1054 4544 Arboris
1078 4480 1175 4544 unius
1199 4501 1297 4566 quem
1320 4479 1497 4544 decorabat
1520 4502 1613 4566 opus.

833 4583 942 4648 Huius
966 4583 1188 4649 Grammatica
1211 4585 1328 4669 ingens
1351 4585 1385 4648 in
1408 4583 1518 4649 radice
1541 4583 1688 4660 sedebat,

917 4686 1062 4772 Gignere
1087 4709 1159 4752 eam
1184 4694 1289 4754 semet
1312 4710 1372 4753 seu
1394 4689 1537 4754 retinere
1560 4710 1708 4753 monens.

763 4813 774 4848 a
833 4790 947 4854 Omnis
971 4790 1097 4856 abbae
1121 4790 1195 4856 ideo
1218 4791 1397 4878 procedere
1421 4793 1565 4856 cernitur
1586 4792 1694 4872 arbos,

915 4893 979 4958 Ars
1003 4896 1080 4980 quia
1101 4895 1240 4981 proferri
1263 4896 1325 4960 hac
1352 4897 1423 4961 sine
1448 4898 1538 4962 nulla
1560 4897 1658 4962 valet.

569 5150 604 5203 38
622 5155 685 5206 Tela
703 5156 772 5220 prius
790 5157 863 5207 virus
876 5155 905 5220 S,
923 5175 959 5207 arr
977 5158 1040 5208 Tela
1058 5159 1140 5209 lutens
1158 5159 1246 5208 virus?
1349 5156 1384 5208 43
1402 5158 1557 5210 effraenisS

536 5238 639 5305 [XXVI]
658 5258 689 5292 aa
707 5241 764 5291 edil.
785 5241 919 5294 Sir-mandi
931 5261 961 5309 p.
979 5241 1031 5295 204
1049 5245 1066 5294 l.
1085 5245 1122 5294 lv
1139 5261 1160 5294 c.
1178 5241 1195 5294 2
1265 5246 1365 5296 artibus
1383 5245 1467 5297 onaS

569 5393 596 5458 1)
630 5392 712 5464 Vcry.
744 5397 811 5447 Am.
832 5395 882 5462 VI,
892 5395 1048 5449 893-896
1082 5395 1154 5449 Sunt
1183 5396 1312 5465 genuinae
1344 5398 1439 5452 Somni
1472 5402 1583 5468 portam
1614 5417 1733 5468 quarum
1759 5400 1849 5453 altera
1877 5399 1964 5453 lentur
1982 5398 1986 5464 1
2007 5397 2125 5462 Cornea,

466 5511 521 5560 qna
539 5494 611 5547 reris
634 5495 724 5549 facilis
742 5496 825 5550 datur
843 5497 934 5550 exitus
953 5497 1066 5560 umbris,
1081 5499 1086 5566 Ι
1103 5499 1199 5552 Altera
1217 5499 1348 5554 candenti
1361 5503 1485 5570 perfecta
1503 5502 1596 5556 nitens
1609 5503 1767 5572 elephanto,
1784 5505 1788 5570 Ι
1804 5501 1858 5556 Sed
1876 5501 1947 5555 falsa
1964 5501 2000 5554 ad
2013 5501 2125 5556 caelum

466 5596 585 5651 mittunt
602 5599 740 5652 insonmia
764 5618 867 5656 manes.
952 5602 1331 5670 2)sinn1nsorrasseillius
1352 5606 1446 5660 Caroli
1458 5607 1512 5671 M.‚
1537 5606 1567 5659 in
1585 5624 1642 5676 quo
1665 5610 1694 5660 et
1717 5606 1790 5660 orbis
1814 5607 1901 5661 totius
1923 5605 2074 5676 descriptio
2094 5611 2123 5662 et

389 5779 393 5788 υ
421 5752 428 5766 p
466 5703 602 5756 astrorum
622 5702 808 5759 consideratio
827 5710 856 5761 et
873 5707 967 5762 varius
986 5707 1162 5778 planetarum
1181 5709 1319 5765 discursus
1338 5715 1418 5765 cnrnt
1437 5712 1599 5780 (Prudentii
1617 5713 1710 5768 annot.
1729 5714 1788 5779 842,
1806 5713 1857 5767 SS.
1875 5711 1901 5780 Ι,
1913 5710 1983 5779 438).
