4988 6434
744 407 971 466 EPIThPlllUM
990 409 1195 466 CHLODARII.
1231 411 1340 467 PETRI
1357 412 1503 468 VERSUS.

661 585 724 649 Ast
748 607 820 670 ego,
844 591 931 660 note,
956 585 1016 650 tibi
1040 588 1190 672 genetrix
1214 587 1328 672 regina
1351 589 1481 652 remitto

746 687 949 773 Hildigarda‚
973 711 1075 764 meus,
1099 691 1201 772 basia,
1224 691 1328 754 dulcis
1352 711 1452 758 amor.

661 790 885 876 Bissenosque
908 793 999 878 prius
1025 815 1157 858 menses
1181 815 1278 878 quam
1300 795 1447 859 volveret
1470 815 1584 874 annus,

580 915 605 951 ⁴0
748 894 922 960 Gemmula
945 894 985 961 de
1009 897 1088 962 flore
1112 904 1217 963 morte
1241 899 1374 984 repulsa
1396 899 1476 962 fluit.

663 997 737 1062 Hoc
759 1000 891 1064 niveum
916 1021 1009 1064 sacre
1031 1002 1179 1086 praeliba
1202 1024 1319 1066 munus
1343 1004 1377 1066 in
1400 1025 1457 1068 ara

747 1103 869 1168 Iudicis
892 1105 1070 1186 altithroni,
1094 1107 1185 1192 virgo
1209 1107 1326 1190 Maria,
1348 1130 1479 1195 precor:

663 1205 691 1270 Ο
715 1227 773 1271 vos
798 1208 1017 1290 christicolae,
1042 1211 1097 1294 qui
1120 1210 1213 1275 fertis
1235 1233 1372 1276 munero
1395 1213 1519 1299 templi,

744 1310 923 1375 Nobiscum
946 1318 1084 1378 matrem
1108 1313 1205 1379 corde
1229 1322 1342 1400 rogate
1366 1316 1454 1394 Iesu,

580 1437 605 1472 rc
662 1414 707 1478 Ut
728 1436 867 1501 puerum
891 1416 974 1480 solio
998 1416 1151 1502 dignetur
1174 1420 1316 1484 nominis
1339 1420 1397 1484 alti

745 1517 924 1583 Adsoeiare
949 1520 1016 1583 suis
1041 1521 1176 1586 vocibus
1199 1523 1256 1587 illa
1281 1524 1392 1588 sacris.

555 1673 645 1739 Obiit
668 1680 778 1738 autern
808 1671 861 1737 die
885 1673 934 1737 VI
961 1673 1040 1739 Idus
1055 1675 1221 1742 Februar.
1250 1700 1335 1743 anno
1359 1679 1391 1742 X
1414 1683 1572 1762 regnante
1600 1683 1692 1763 patre

853 1777 957 1862 ipsius
982 1777 1100 1843 Carolo
1123 1781 1266 1865 glorioso
1289 1802 1368 1866 rege
1382 1784 1402 1844 ¹.

990 2287 996 2293 ’
1091 2329 1161 2434 nn.

664 2489 739 2553 Hoc
763 2509 844 2574 opus
871 2488 992 2573 exiguo
1016 2489 1102 2574 quod
1126 2491 1233 2556 cernis
1257 2491 1397 2572 tramite,
1421 2493 1534 2570 lector,

745 2590 816 2654 Iam
839 2591 957 2656 Petrus
981 2591 1104 2657 domini
1126 2593 1205 2659 iecit
1227 2617 1337 2660 amore
1361 2597 1412 2660 sui
1424 2595 1447 2659 ².

662 2693 818 2772 Plurima,
842 2715 925 2778 quoe
949 2716 1121 2780 procerum
1144 2698 1258 2762 tribuit
1280 2697 1451 2785 purganda
1473 2696 1611 2762 cilindro
1624 2696 1646 2774 ³,

748 2796 869 2862 Ordine
895 2806 970 2862 sunt
992 2798 1102 2865 forsan
1126 2823 1191 2865 non
1215 2804 1299 2868 bene
1322 2803 1410 2868 dicta
1433 2825 1502 2867 suo.

595 2923 607 2959 ι
663 2899 711 2965 Te
735 2901 857 2986 flagito,
880 2903 1064 2988 praecibus,
1088 2905 1202 2987 lector,
1226 2907 1255 2970 si
1278 2907 1420 2972 flecteris
1443 2908 1529 2988 ullis,

746 3005 792 3070 Ut
814 3006 903 3070 dicas
927 3007 1050 3072 clarus:
1075 3009 1184 3074 ‘Petro
1207 3011 1335 3075 miselle
1359 3011 1460 3075 rale'!

663 3107 880 3196 Omnipotens
904 3110 1053 3176 dominus
1078 3115 1160 3178 caeli
1183 3121 1356 3199 terraeque
1380 3120 1508 3179 creator

748 3212 922 3279 Lectorem
945 3214 1055 3280 foreat
1078 3223 1175 3282 nocte
1199 3217 1317 3301 dieque
1341 3218 1444 3302 pium!

664 3505 730 3570 Hie
754 3511 831 3570 sunt
852 3514 946 3591 prata
969 3509 1063 3584 meis,
1087 3511 1115 3572 si
1138 3508 1255 3591 credis,
1278 3510 1377 3596 plena
1399 3510 1534 3574 rosetis:

585 3631 608 3667 10
752 3608 851 3673 Sume
875 3630 967 3674 rosas
990 3611 1151 3693 manibus,
1176 3634 1273 3698 carpe
1297 3613 1440 3677 refectus
1464 3613 1540 3677 iter!

666 3711 730 3786 Qui
754 3714 853 3799 eupit,
878 3735 956 3779 ecce
979 3714 1070 3779 bibat
1093 3723 1205 3781 nostro
1229 3716 1270 3781 de
1294 3717 1424 3800 gurgite
1447 3715 1588 3801 limphas

748 3816 976 3901 Vescaturque
1000 3816 1081 3881 eibis
1103 3840 1155 3883 me
1178 3819 1344 3884 tribuente
1367 3819 1460 3883 libri!

667 3918 807 3983 Desinat
830 3919 979 3984 infandas
1003 3923 1123 3985 mentis
1147 3944 1279 3987 servare
1303 3922 1468 4000 tenebras,

748 4022 889 4088 Desinat
912 4031 945 4090 et
967 4026 1076 4091 verbis
1099 4026 1188 4091 bella
1212 4028 1299 4092 ciere
1324 4027 1406 4090 suis!

585 4148 608 4184 n
665 4126 827 4191 Paoilicus
852 4135 961 4193 servet
985 4149 1068 4213 quae
1093 4135 1204 4194 textus
1228 4130 1339 4194 littera
1361 4135 1531 4209 monstrat,

591 4227 593 4230 ’
750 4230 824 4296 Rex
848 4232 1001 4316 quoniam
1025 4231 1175 4297 Christus
1199 4232 1323 4319 pacifer
1347 4234 1419 4318 ipso
1441 4231 1514 4296 fuit.

667 4333 803 4399 Sumere
827 4356 902 4398 nam
925 4336 1024 4400 flores
1048 4336 1076 4399 si
1099 4343 1192 4400 torva
1213 4336 1319 4401 fronte
1343 4336 1503 4423 superbos

749 4436 801 4502 De
825 4437 876 4502 his
900 4446 1082 4525 exspectet,
1106 4439 1214 4504 fessus
1238 4439 1279 4504 ad
1303 4440 1369 4503 ima
1391 4444 1479 4504 ruat!

666 4539 737 4604 Iam
761 4541 804 4605 sit
825 4562 904 4605 vera
927 4543 1026 4622 salus,
1050 4543 1114 4606 iam
1138 4544 1180 4607 sit
1202 4542 1377 4608 eoncordia
1400 4549 1521 4624 sancta,

585 4665 610 4702 20
754 4644 825 4708 Iam
847 4651 1003 4708 resonent
1026 4646 1144 4710 eastris
1166 4646 1270 4710 verba
1291 4646 1390 4711 beata
1412 4644 1535 4710 modis!

801 4839 1125 4848 ——ab-——0-
1132 4841 1434 4848 ————...—.—a———

401 4975 435 5028 3'l
459 4977 568 5043 genitrix
596 4977 619 5027 6¹
696 4978 812 5028 rsemitto
836 4977 869 5026 ΙΙ
959 4975 993 5029 38
1016 4980 1164 5046 Hildignldu
1185 4981 1216 5042 G,
1240 4980 1419 5031 Hildecardnm
1442 4995 1489 5028 cur
1512 4978 1583 5028 basia
1601 4977 1634 5027 II
1725 4975 1759 5029 39
1777 4995 1857 5030 annos
1878 4979 1908 5044 0,
1932 4985 1958 5030 et

298 5081 382 5114 annus
400 5063 433 5112 Π
549 5058 584 5112 40
606 5062 696 5129 rapula
714 5063 754 5128 Η,
781 5064 889 5129 depulsa
915 5081 981 5114 corr.
1009 5067 1153 5132 repulsaG
1274 5064 1307 5116 41
1334 5066 1411 5116 niueo
1433 5064 1456 5114 G
1540 5064 1655 5130 proeliua
1675 5064 1709 5129 G,
1740 5065 1838 5131 prelira
1863 5083 1958 5116 munus

300 5151 386 5200 nureo
406 5149 439 5199 n
537 5146 571 5199 rr
589 5149 709 5199 mmo
760 5157 862 5216 rogans
880 5149 913 5199 rr
961 5152 1042 5202 nsum
1064 5152 1128 5202 on
1227 5149 1262 5203 46
1280 5153 1349 5203 nno
1366 5135 1472 5202 acuo
1599 5149 1610 5214 n
1630 5151 1811 5217 obre-roge
1829 5168 1876 5201 om.
1898 5151 1963 5202 on

369 5234 434 5302 [XL]
470 5237 524 5286 sinc
542 5236 614 5286 titulo
633 5235 658 5284 1?
669 5237 695 5302 s.
714 5233 757 5287 68‘
850 5235 867 5287 3
885 5255 936 5302 quo
950 5236 982 5300 13,
999 5255 1065 5304 quae
1084 5257 1150 5290 corr.
1170 5239 1263 5306 Hagen
1315 5239 1439 5306 procerim
1458 5254 1524 5287 corr.
1543 5252 1599 5286 rum
1619 5235 1644 5285 12
1731 5233 1763 5286 17
1781 5238 1907 5302 superbus
1926 5237 1959 5302 R,

300 5324 423 5390 superbos
441 5324 505 5372 coni.
526 5321 626 5386 Haqea.

403 5508 429 5572 1)
448 5507 466 5560 ι’.
485 5523 506 5562 e.
526 5525 552 5562 o.
572 5508 634 5570 77&
662 5509 699 5576 rs.
718 5510 801 5562 atam
820 5507 980 5562 illudowici
997 5511 1014 5564 ἱ.
1033 5509 1051 5564 l.
1070 5511 1138 5566 Nati
1156 5513 1222 5564 sunt
1239 5513 1334 5564 antem
1352 5525 1426 5564 onno
1446 5507 1647 5562 incarnationis
1665 5507 1771 5562 domini
1789 5509 1877 5566 nostri
1896 5511 1957 5564 lesu

300 5610 401 5666 Christi
421 5611 670 5682 septingentesimo
688 5614 893 5683 septuagesimo
912 5617 1020 5668 octavo.
1099 5617 1127 5684 2)
1157 5615 1252 5669 Caroli
1270 5615 1372 5683 Magni
1388 5613 1518 5682 sortasse.
1596 5612 1624 5680 3)
1648 5613 1726 5684 Very.
1747 5613 1960 5684 Georp.1,178

303 5716 450 5784 aequanda
468 5715 602 5784 cylindro.

369 5815 473 5866 Pomm
486 5828 569 5866 mmm
583 5815 778 5865 lavicanensi
791 5817 810 5866 1.
1723 5812 1754 5868 10
