4612 6414
1045 409 1230 465 APPENDIX
1251 409 1299 462 ΑΙ)
1317 407 1478 464 PAULUM.

717 588 747 651 2.
784 585 868 652 Bino
891 587 962 652 loco
986 586 1165 650 constituta
1187 589 1239 648 est
1261 582 1406 647 secunda
1429 582 1568 669 speeies,

781 709 864 774 quae
888 711 909 754 a
931 690 1013 754 vitat
1035 693 1069 752 et
1092 686 1251 751 insolam
1275 686 1285 750 i
1309 687 1456 751 vocalem
1479 685 1610 766 desinit,

781 792 853 858 sine
875 793 945 858 ulla
967 798 1180 872 consonante,
1202 797 1239 855 ut
1263 797 1314 856 est
1337 812 1417 856 sono
1442 790 1536 854 sonui
1548 791 1571 856 ¹.

718 934 747 999 3.
783 931 979 998 Continetur
999 931 1063 996 isto
1087 931 1184 996 modo
1207 930 1306 996 tertia
1329 929 1393 994 iam
1416 928 1556 1015 species,

782 1035 881 1101 alebh
904 1035 1048 1100 litteram
1070 1055 1136 1098 non
1159 1033 1270 1114 babet,
1295 1039 1329 1097 et
1351 1031 1500 1097 eiusdem
1523 1031 1670 1118 syllabae

782 1138 913 1203 iteratio
936 1139 983 1218 fit,
1007 1137 1092 1201 sicut
1115 1136 1209 1201 obsto
1234 1135 1347 1201 obstas
1371 1133 1516 1201 obstitil.

719 1279 748 1340 4.
782 1274 900 1339 Dicam
923 1275 988 1339 iam
1010 1274 1051 1339 de
1074 1274 1179 1338 forma
1201 1281 1326 1360 quarta,
1350 1295 1434 1359 quae
1458 1275 1506 1340 sio
1530 1277 1615 1341 solet
1636 1276 1722 1340 fieri:

784 1380 818 1444 in
840 1379 873 1444 vi
895 1379 1023 1466 syllaba
1044 1379 1165 1460 finitur,
1189 1378 1248 1444 sed
1271 1385 1437 1444 transacto
1459 1386 1610 1467 temporo

784 1482 892 1570 prima
913 1482 1025 1548 brevis
1049 1482 1271 1569 prolongatur,
1295 1483 1368 1548 lavo
1390 1481 1457 1546 lavi
1479 1483 1566 1548 sicut
1587 1483 1670 1549 est³.

719 1627 749 1686 5.
782 1621 871 1687 Ecce
893 1620 1037 1708 quinque
1060 1621 1174 1687 formis
1197 1621 1291 1686 adest
1314 1620 1458 1686 secunda
1481 1621 1677 1704 coniunctio,

786 1725 878 1791 cuius
901 1726 1007 1813 prima
1029 1727 1061 1790 in
1085 1725 1095 1789 i
1118 1723 1206 1789 cadit
1228 1724 1352 1808 absque
1376 1725 1644 1804 consonantibus,

784 1830 877 1894 cuius
900 1830 967 1894 talc
991 1835 1043 1894 est
1065 1828 1269 1914 exemplum:
1300 1826 1452 1913 splendui
1474 1835 1508 1894 et
1530 1828 1688 1915 splendeo
1700 1828 1722 1893 ⁴.

721 1969 752 2032 6.
785 1964 906 2030 Forma
928 1963 1077 2047 sequitur
1099 1962 1253 2044 secunda,
1275 1983 1373 2048 quam
1396 1964 1424 2028 si
1447 1965 1540 2052 cupis
1563 1964 1701 2042 discere,

786 2089 865 2132 mox
887 2067 1049 2132 dicemus:
1073 2073 1125 2132 est
1146 2072 1298 2153 correpta
1320 2067 1456 2132 instanti
1479 2068 1512 2131 in
1535 2073 1694 2155 tempore,

787 2171 847 2238 sed
868 2171 1060 2259 producitur
1082 2171 1240 2257 perlecto,
1264 2171 1366 2237 sedeo
1389 2177 1426 2236 ut
1449 2171 1520 2237 sedi
1543 2173 1627 2238 esta

725 2315 753 2378 7.
789 2309 902 2376 Genus
927 2310 1044 2376 tertiae
1067 2309 1132 2373 iam
1155 2308 1252 2374 modo
1276 2310 1434 2376 formulae
1458 2309 1632 2376 dicendum
1656 2317 1720 2376 est:

788 2413 982 2478 terminatur
1003 2412 1025 2491 i,
1049 2410 1109 2476 sed
1130 2413 1236 2500 prims
1258 2413 1424 2498 geminata
1446 2414 1582 2500 syllaba,

787 2525 825 2582 ut
847 2523 898 2584 est
920 2516 1066 2604 spondeo
1090 2516 1261 2604 spopondi,
1284 2537 1367 2602 quae
1390 2517 1476 2605 perit
1498 2518 1702 2604 conposital.

726 2661 756 2724 8.
789 2656 879 2722 Hinc
901 2657 966 2720 iam
990 2661 1125 2741 quartae
1148 2676 1386 2740 prosequamur
1408 2654 1556 2721 ordinem
1579 2655 1713 2742 speciei,

791 2761 886 2826 euius
909 2758 1084 2824 terminum
1107 2757 1135 2822 si
1158 2764 1251 2824 tonet
1271 2759 1387 2824 ultima
1408 2760 1594 2846 conplexio,

791 2861 892 2926 hereo
914 2867 952 2925 ut
974 2866 1026 2926 est
1048 2866 1081 2924 et
1103 2859 1198 2924 heret
1220 2865 1254 2923 et
1275 2859 1342 2923 arsi
1364 2865 1399 2924 et
1420 2859 1552 2925 ardeol.

728 3003 760 3065 9.
792 2999 875 3064 Inde
898 2999 1012 3084 quinta
1033 2998 1067 3062 in
1089 2998 1125 3062 xi
1147 2998 1228 3077 exit,
1252 3011 1313 3063 ceu
1337 2998 1410 3062 ruxi
1433 3003 1467 3066 et
1490 2997 1560 3062 luxi
1582 3005 1651 3074 est;

791 3101 860 3167 vidi
883 3122 1012 3187 quoque
1035 3101 1105 3166 sive
1128 3100 1244 3187 prandi
1267 3107 1324 3165 eut
1346 3100 1466 3164 nullius
1488 3100 1647 3166 formulae

698 3197 700 3201 ⁸
791 3206 894 3271 verba
916 3210 992 3270 sunt
1014 3211 1071 3269 aut
1094 3210 1222 3270 sextam
1245 3203 1308 3268 sibi
1331 3203 1545 3270 vindicabunt
1567 3204 1743 3292 speeiem⁸.

710 3349 759 3409 10.
790 3342 1046 3428 Koniugationis
1070 3363 1188 3407 novem
1211 3340 1329 3407 tertiae
1353 3349 1430 3408 sunt
1452 3344 1591 3431 species,

795 3445 1033 3533 coniugationis
1055 3447 1179 3533 primae
1203 3467 1339 3530 quarum
1362 3447 1467 3533 prima
1489 3447 1621 3534 quidem
1644 3454 1705 3526 cst,

794 3552 893 3617 alsam
915 3552 1043 3617 habens
1065 3551 1099 3615 in
1122 3551 1155 3616 vi
1178 3549 1275 3631 cadit,
1298 3571 1398 3637 pasco
1421 3551 1498 3637 pavi
1520 3551 1616 3637 quale
1640 3551 1724 3616 cstl.

711 3695 761 3755 ll.
796 3689 921 3755 Lucida
944 3689 1091 3754 dieamus
1114 3688 1167 3754 eia
1189 3689 1230 3754 de
1255 3689 1400 3754 secunda
1422 3690 1548 3777 specie:

794 3793 1027 3858 multiformem
1049 3794 1132 3858 baec
1154 3793 1166 3857 i
1189 3799 1280 3857 tenet
1303 3794 1384 3858 nulli
1407 3794 1552 3858 iunctam
1573 3793 1761 3878 grammati;

797 3897 869 3961 colo
893 3897 990 3977 colui,
1013 3896 1202 3982 exemplum
1225 3896 1254 3960 si
1276 3897 1433 3980 requiras,
1456 3895 1545 3961 istud
1568 3902 1619 3961 cst
1630 3896 1669 3959 ¹⁰.

557 4191 609 4261 3,2
626 4201 704 4261 atque
720 4189 813 4244 ciusP
905 4187 958 4251 al
977 4191 1028 4242 iam
1045 4190 1139 4241 addidi
1233 4186 1285 4256 4,3
1303 4190 1389 4242 brebis
1403 4189 1428 4240 P
1486 4191 1544 4242 labo
1557 4191 1586 4240 Pr
1641 4197 1670 4242 ut
1687 4190 1764 4242 estP
1855 4188 1905 4256 5,1
1923 4190 2069 4256 coniugatio
2083 4187 2108 4237 P

452 4275 612 4345 6,1quoP
712 4275 959 4344 8,3hcretarsiP
1060 4273 1255 4340 9‚1xiexiP
1314 4276 1450 4328 ctoddidi
1554 4274 1795 4343 10‚2quidestP
1896 4272 2106 4341 laeenam

557 4464 583 4532 1)
596 4463 633 4518 ib.
643 4463 696 4518 365
708 4462 835 4518 Secunda
847 4462 936 4517 forma
948 4465 990 4516 est
1002 4479 1074 4530 quae
1085 4504 1091 4516 .
1104 4479 1138 4518 .a
1149 4461 1282 4516 libentius
1294 4462 1368 4516 vitat
1380 4464 1409 4516 et
1420 4461 1468 4516 ini
1482 4462 1605 4516 litteram
1619 4480 1716 4533 puram
1730 4461 1834 4517 desinit
1844 4462 1923 4517 nulla
1934 4463 2004 4518 duce
2013 4479 2105 4517 conso-

453 4570 547 4632 nante,
565 4569 598 4621 ut
615 4569 658 4622 cst
676 4584 742 4622 sono
761 4565 849 4622 sonui.
918 4566 947 4633 2)
962 4583 993 4637 p.
1005 4566 1166 4620 aceresia
1178 4568 1270 4621 forma
1286 4568 1329 4620 est
1341 4584 1397 4635 qua
1409 4583 1426 4620 a
1438 4566 1534 4620 littera
1546 4565 1678 4620 eximitur
1690 4568 1719 4621 et
1730 4567 1843 4621 iteratio
1855 4566 1979 4637 syllabae
1991 4567 2023 4620 fit
2035 4568 2067 4620 nt
2080 4608 2086 4621 .
2100 4605 2106 4620 .

454 4671 534 4726 obsto
551 4670 656 4726 obstiti.
722 4671 749 4738 3)
769 4669 875 4735 Quarta
887 4669 992 4738 specics
1010 4669 1040 4722 in
1053 4669 1081 4722 vi
1099 4669 1212 4738 quidem
1225 4670 1362 4738 syllabam
1375 4669 1488 4734 desinit,
1506 4669 1546 4724 sic
1558 4673 1652 4725 tamen
1665 4675 1697 4725 ut
1709 4670 1785 4740 prior
1796 4669 1912 4739 syllaba,
1931 4710 1970 4724 ...
1986 4671 2106 4738 perfeeto

455 4778 582 4844 tempore
600 4774 778 4844 producatur,
798 4775 830 4826 ut
847 4772 911 4826 lavo
928 4772 1007 4826 lavas
1024 4772 1089 4826 lavi.
1159 4773 1186 4839 4)
1205 4772 1348 4827 Secundae
1367 4773 1573 4844 conjugationis
1591 4775 1696 4828 formae
1713 4776 1779 4828 sunt
1796 4773 1935 4843 quinque:
1957 4771 2048 4843 prima
2065 4776 2108 4825 est

457 4878 578 4948 quaein
596 4877 605 4931 i
624 4877 748 4931 litteram
767 4876 844 4931 cadit
861 4876 941 4931 nulla
960 4876 1030 4931 duce
1048 4879 1226 4941 consonante,
1244 4877 1377 4946 splendeo
1390 4876 1526 4947 splendui.
1598 4878 1625 4946 5)
1645 4877 1773 4932 Secunda
1784 4878 1873 4931 sonna
1891 4878 1933 4930 est
1950 4891 2006 4943 qua
2017 4872 2108 4943 prima

455 4981 565 5051 syllaba
582 4997 615 5035 ex
634 4983 760 5051 correpta
777 4981 899 5050 perlecto
918 4978 1094 5049 producitur,
1115 4979 1197 5034 sedeo
1219 4979 1286 5034 sedi.
1369 4981 1396 5046 6)
1416 4979 1512 5034 Tertia
1534 4980 1624 5035 forma
1646 4984 1689 5036 est
1709 4997 1781 5049 quae
1799 4979 1903 5035 desinit
1920 4978 2033 5048 quidem
2051 4977 2109 5030 ini

454 5085 579 5140 litteram
598 5125 624 5138 ..
643 5083 691 5138 sed
710 5083 852 5154 inceptiva
873 5082 950 5137 verbi
968 5082 1065 5136 littera
1083 5083 1141 5137 sive
1166 5081 1275 5151 syllaba
1298 5082 1455 5152 geminata,
1472 5087 1505 5138 nt
1524 5124 1550 5139 ..
1569 5085 1690 5154 spondeo
1713 5082 1850 5154 spopondi
1869 5081 2024 5136 ..adiecta
2044 5097 2108 5134 vero

456 5188 665 5259 praepositione
682 5186 837 5257 geminatio
856 5189 945 5242 cessat
963 5186 1096 5254 syllabae.
1171 5187 1199 5254 ἵ)
1217 5185 1253 5240 ι’).
1269 5202 1300 5256 p.
1319 5186 1369 5240 367
1389 5185 1495 5252 Quarta
1512 5188 1602 5242 forma
1614 5191 1657 5242 est
1669 5205 1740 5256 quae
1753 5186 1857 5241 desinit
1874 5185 1904 5238 in
1922 5184 1945 5238 si
1963 5183 2108 5252 syllabam,

457 5293 490 5346 ut
508 5332 535 5347 ..
554 5291 638 5346 ardeo
656 5290 720 5356 arsi,
737 5291 838 5345 haereo
856 5289 942 5344 hacsi.
1013 5289 1040 5356 8)
1060 5288 1165 5353 Quinta
1182 5290 1271 5344 sonna
1292 5292 1336 5344 est
1352 5305 1425 5358 quae
1451 5293 1575 5344 extrema
1593 5291 1702 5360 syllaba
1717 5291 1747 5344 in
1766 5290 1794 5343 xi
1811 5289 1921 5343 litteras
1939 5286 2015 5340 cadit
2031 5288 2064 5340 ut
2083 5326 2109 5339 ..

455 5410 542 5464 rogeo
560 5393 632 5460 roxi,
650 5394 729 5449 luceo
748 5394 808 5448 luxi
828 5432 854 5447 ..
873 5393 933 5447 Duo
952 5407 1019 5446 sane
1038 5391 1123 5445 verba
1140 5393 1221 5446 video
1240 5395 1269 5446 st
1287 5392 1419 5462 prandeo,
1437 5411 1509 5462 quae
1527 5393 1633 5450 nullius
1651 5395 1755 5448 formae
1773 5391 1899 5462 regulam
1917 5390 2041 5453 servant,
2059 5390 2110 5442 aut

456 5499 531 5552 recte
556 5496 732 5568 excipientur
753 5499 804 5552 aut
827 5499 934 5551 sextam
963 5495 1017 5549 sibi
1038 5494 1155 5549 formam
1176 5495 1369 5551 vindicabunt.
1439 5497 1466 5565 9)
1494 5496 1707 5566 Coniugationis
1730 5495 1831 5552 tertiae
1923 5493 2028 5547 formae
2045 5495 2112 5545 sunt

455 5616 565 5655 novem.
601 5600 696 5655 Prima
709 5603 751 5655 cst
764 5616 836 5669 quae
849 5599 953 5655 desinit
966 5597 1077 5668 quidem
1090 5598 1121 5652 in
1133 5600 1161 5654 vi
1174 5599 1319 5668 syllabam,
1333 5600 1382 5654 sed
1401 5641 1428 5655 ..
1442 5641 1447 5654 .
1467 5599 1583 5655 shabet
1601 5642 1607 5655 .
1621 5642 1627 5656 .
1646 5603 1678 5655 ut
1690 5617 1773 5672 pasco
1783 5595 1857 5671 pavi.
1927 5596 1970 5668 10)
1984 5594 2111 5653 secunda

456 5705 545 5758 forma
562 5702 592 5756 in
610 5702 620 5756 i
637 5720 737 5774 puram
755 5702 880 5758 litteram
899 5701 1010 5766 desinit,
1029 5703 1062 5756 ut
1080 5742 1106 5756 ..
1125 5702 1186 5757 colo
1204 5700 1285 5756 colui.
