4694 6428
1126 454 1275 509 ,luctum
1296 455 1471 509 CARMINA.

831 629 905 693 Non
929 631 962 692 in
985 636 1077 693 veste
1100 629 1217 714 liquor,
1239 649 1305 692 non
1327 630 1433 693 soccis
1455 628 1608 693 haeserat
1630 628 1755 694 humor.

831 730 927 804 Quod
950 739 1067 796 natura
1089 735 1198 816 negat,
1223 731 1285 794 hoc
1308 731 1363 795 dat
1386 739 1444 796 tua
1465 731 1613 802 dextera,
1638 731 1777 806 Christe,

833 833 929 898 Unda
952 841 1008 898 tuo
1031 834 1123 898 iussu
1146 834 1258 921 pelagi
1280 835 1316 897 fit
1336 833 1449 920 pervia
1471 835 1576 914 iustis,

755 989 763 998 .
835 939 938 1002 Terra
960 938 1019 1003 sed
1042 945 1176 1002 econtra
1198 936 1320 1002 vindex
1343 939 1378 1001 fit
1401 959 1523 1022 gurges
1545 939 1679 1024 iniquis:

833 1043 957 1107 Suffert
979 1042 1042 1106 ista
1065 1041 1217 1118 humiles,
1241 1041 1318 1104 dum
1340 1040 1476 1106 devorat
1499 1042 1555 1105 illa
1578 1042 1747 1126 superbos.

832 1146 928 1210 Nunc
951 1153 984 1210 te
1009 1144 1068 1210 sed
1091 1145 1232 1230 petimus
1256 1145 1377 1224 devoti,
1400 1144 1557 1210 Balthere
1581 1152 1703 1224 sancte,

833 1249 879 1313 Ut
902 1250 987 1313 sicut
1009 1248 1097 1313 unda
1119 1255 1211 1312 tuum
1233 1247 1385 1334 portabat
1407 1248 1449 1312 ab
1473 1269 1614 1332 aequore
1639 1269 1765 1334 eorpus,

835 1351 883 1415 Te
907 1371 1021 1415 sanum
1045 1351 1177 1436 penitus
1201 1349 1362 1414 revehens
1385 1349 1427 1413 ad
1449 1351 1545 1413 litora
1566 1357 1658 1413 nota:

738 1499 743 1510 .
836 1454 892 1517 Sic
915 1453 1067 1538 precibus
1091 1461 1219 1518 nostras
1241 1453 1368 1517 animas
1391 1453 1531 1517 evadere
1555 1453 1671 1516 fluctus

834 1556 1017 1621 Mandanes
1040 1557 1151 1636 facias,
1174 1563 1368 1643 portumque
1392 1557 1512 1620 intrare
1535 1555 1649 1620 salutis
1661 1557 1684 1622 ¹.

882 1659 1008 1724 Claroit
1030 1661 1082 1723 his
1106 1661 1206 1725 etiam
1228 1659 1426 1724 venerabilis
1449 1657 1541 1721 Ecba
1563 1657 1680 1722 diebus
1692 1659 1716 1740 ²,

835 1763 1045 1828 Anachoreta
1068 1785 1171 1844 sacer,
1196 1763 1297 1827 eremi
1321 1767 1449 1826 secreta
1473 1768 1615 1840 secutus,

835 1865 999 1930 Terrenus
1022 1866 1152 1950 lugiens
1176 1866 1241 1930 iam
1264 1887 1400 1950 corpore
1425 1871 1534 1928 castus
1556 1864 1708 1945 honores,

742 2013 748 2029 .
835 1968 881 2033 Ut
904 1991 979 2033 oum
1001 1992 1080 2054 rege
1104 1969 1167 2034 deo
1190 1971 1353 2034 caelestes
1376 1974 1489 2054 posset
1511 1967 1643 2031 habere.

836 2073 1031 2157 Angelicam
1054 2074 1150 2138 terris
1173 2073 1274 2136 vitam
1297 2071 1434 2136 devotus
1457 2068 1594 2154 agendo,

835 2175 940 2240 Multa
962 2176 1148 2262 prophetali
1169 2174 1335 2261 praedixit
1357 2180 1466 2238 mente
1489 2174 1614 2238 futura:

836 2278 887 2342 De
911 2300 975 2363 quo
997 2281 1093 2364 plura
1115 2286 1206 2343 vetat
1228 2279 1353 2342 narrari
1376 2278 1472 2342 Musa
1492 2299 1663 2342 recurrens

795 2419 797 2424 ,
837 2381 998 2446 Carminis
1021 2381 1199 2461 adfinem,
1223 2382 1411 2467 propriique
1435 2380 1591 2464 adgesta
1614 2381 1770 2463 magistri.

836 2484 900 2558 Qui
924 2491 999 2570 post
1021 2484 1223 2569 Ecgbertum
1246 2482 1452 2549 venerandae
1475 2483 1617 2568 insignia
1640 2482 1727 2548 sedis

837 2587 991 2673 Suscepit
1018 2589 1149 2674 sapiens
1178 2588 1355 2652 Aelbertus
1386 2587 1516 2651 nomine
1544 2587 1650 2650 dictus
1661 2587 1683 2651 ³.

836 2690 898 2754 Vir
923 2690 1028 2755 bonus
1058 2699 1091 2756 et
1118 2692 1238 2770 iustus,
1265 2692 1391 2775 largus,
1419 2693 1492 2775 pius
1521 2697 1619 2775 atque
1643 2690 1816 2774 benignus.

839 2793 1030 2858 Catholicae
1058 2794 1133 2858 fidei
1162 2795 1285 2873 fautor,
1315 2800 1522 2880 praeceptor,
1551 2799 1691 2859 amator:

837 2896 1009 2962 Ecclesiae
1038 2903 1159 2976 rector,
1188 2897 1318 2976 doctor,
1348 2896 1518 2971 defensor,
1548 2896 1707 2975 alumnus,

837 3000 987 3065 Iustitiae
1016 3001 1135 3079 cultor,
1166 3000 1251 3084 legis
1272 3000 1366 3078 tuba,
1396 3019 1515 3084 praeeo
1543 2999 1669 3078 salutis,

837 3104 921 3190 Spes
945 3104 1094 3191 inopum,
1117 3103 1336 3188 orphanisque
1359 3108 1461 3187 pater,
1483 3102 1605 3165 solator
1627 3107 1791 3185 egentum,

837 3207 928 3271 Trux
950 3207 1080 3292 rigidis,
1102 3205 1306 3292 blandusque
1330 3206 1440 3286 bonis,
1464 3205 1627 3290 durusque
1651 3205 1817 3290 superbis:

836 3310 946 3374 Fortis
975 3311 1008 3374 in
1039 3311 1202 3391 adversis,
1233 3309 1364 3374 humilis
1395 3310 1455 3373 luit
1483 3309 1581 3393 inque
1612 3306 1774 3386 secundis,

837 3413 949 3478 Mente
977 3433 1092 3497 sagax,
1119 3433 1185 3477 non
1214 3433 1270 3476 ore
1300 3413 1435 3496 loquax,
1468 3410 1526 3474 sed
1553 3415 1704 3474 strenuus
1730 3417 1815 3473 actu.

838 3517 901 3581 Cui
927 3523 1083 3601 quantum
1111 3516 1214 3581 crevit
1243 3517 1398 3580 cumulati
1427 3516 1554 3579 culmen
1584 3514 1727 3595 honoris,

837 3619 977 3684 Tantum
1005 3641 1098 3685 mens
1125 3620 1239 3710 hpmili
1269 3641 1341 3684 sese
1369 3619 1492 3704 pietate
1521 3617 1661 3701 subegit.

840 3721 892 3787 De
915 3743 978 3807 quo
1001 3723 1151 3788 versifico
1174 3723 1273 3808 paulo
1296 3723 1369 3809 plus
1391 3742 1530 3808 pergere
1554 3741 1680 3806 gressu,

839 3824 1026 3891 Euboricae
1055 3847 1183 3891 mecum
1211 3827 1313 3891 libeat
1340 3826 1415 3904 tibi,
1444 3845 1583 3910 quaeso,
1612 3823 1775 3898 iuventus,

837 3929 902 3992 Hic
925 3929 1000 4012 quia
1023 3949 1123 4014 saepe
1146 3935 1220 3993 tuos
1243 3927 1386 4014 perfudit
1408 3933 1542 3992 nectare
1566 3947 1694 4003 sensus,

838 4030 997 4095 Mellifluo
1025 4030 1137 4096 dulces
1167 4040 1318 4096 eructans
1346 4037 1480 4116 pectore
1510 4049 1636 4094 suecos.

840 4131 945 4204 Quem
973 4155 1051 4198 mox
1082 4155 1102 4198 a
1132 4136 1245 4220 primis
1276 4135 1359 4198 ratio
1388 4132 1607 4219 pulcherrima
1635 4131 1726 4195 cunis

840 4235 1005 4322 Corripuit
1033 4259 1142 4302 rerum
1169 4259 1392 4322 summamque
1421 4237 1563 4302 vehebat
1591 4235 1625 4299 in
1653 4256 1761 4299 arcem

838 4338 1036 4418 Doctrinae,
1066 4340 1214 4427 pandens
1238 4342 1286 4405 illi
1309 4347 1438 4406 secreta
1461 4339 1607 4426 sophiae.

838 4442 904 4506 Hic
926 4442 988 4507 fuit
1011 4466 1089 4529 ergo
1114 4446 1193 4510 sctis
1217 4447 1313 4510 claris
1337 4444 1540 4529 genitoribus
1565 4447 1665 4520 ortus,

838 4545 891 4609 Ex
914 4567 1050 4630 quorum
1075 4569 1153 4612 eura
1176 4548 1294 4613 studiis
1317 4569 1394 4612 mox
1416 4546 1556 4611 traditur
1577 4546 1681 4624 almis,

838 4650 948 4734 Atque
976 4653 1176 4716 monasterio
1204 4651 1385 4738 puerilibus
1415 4650 1538 4714 inditur
1560 4649 1664 4724 annis,

841 4752 999 4817 Sensibus
1021 4760 1058 4818 ut
1080 4753 1205 4840 fragilis
1229 4755 1331 4820 sacris
1356 4752 1561 4818 adolesceret
1582 4757 1685 4816 aetas.

838 4853 891 4919 De
914 4876 1015 4941 puero
1038 4877 1098 4921 neo
1122 4879 1216 4922 cassa
1238 4858 1300 4921 fuit
1324 4879 1400 4944 spes
1427 4862 1518 4920 tanta
1539 4861 1722 4941 parentum.

579 5141 646 5196 1379
664 5155 708 5198 tuo
726 5146 785 5198 nisu
804 5147 875 5198 Mac.
983 5144 1050 5198 1380
1066 5155 1134 5198 terra
1151 5167 1199 5199 om.
1219 5149 1289 5200 Mcb.
1307 5149 1421 5199 iridicam
1440 5150 1542 5199 lacuna.

578 5314 605 5380 1)
617 5315 691 5366 Ano.
703 5312 880 5382 Lindiasom.
898 5312 948 5367 756
960 5313 1091 5368 Balthere
1110 5316 1181 5370 obiit
1198 5316 1228 5369 in
1241 5316 1423 5385 'liningharoi
1442 5315 1612 5369 anachorita.
1649 5315 1718 5383 Epic
1735 5313 1768 5367 de
1786 5328 1817 5366 eo
1830 5306 1984 5364 Bolloadus
2004 5312 2046 5365 od
2065 5314 2146 5371 diem

474 5413 499 5468 6.
518 5415 626 5470 Martii.
704 5415 964 5483 auctoritato
977 5418 1145 5472 orrocborcto
1161 5419 1232 5471 nibil
1249 5419 1317 5472 olibi
1334 5418 1455 5487 reperire
1469 5419 1559 5487 potui.
1578 5417 1674 5471 ΜΛΒ.
1743 5417 1770 5485 3)
1790 5417 1861 5468 Aac.
1881 5411 2065 5480 Madasara.
2086 5419 2146 5476 766

475 5515 541 5582 (SS.
553 5518 639 5582 XIX,
657 5517 719 5586 505)
732 5518 884 5587 Ecgbertus
896 5519 1118 5590 archiepiscopus
1131 5521 1210 5582 obiit,
1228 5521 1273 5576 cui
1286 5521 1416 5574 Albertus
1429 5519 1610 5572 substituitur
1623 5518 1749 5580 Eboraci;
1764 5519 1874 5572 Simeon
1886 5517 2071 5575 Dunclmens.
2087 5522 2146 5578 766

475 5617 564 5685 (Mon.
583 5619 713 5672 Britono.
725 5621 787 5686 663)
806 5619 946 5689 Ecgberht
963 5621 1186 5691 archiepiscopus
1199 5624 1338 5677 Eboracae
1356 5623 1479 5676 civitatis
1497 5622 1527 5674 in
1545 5639 1613 5690 poce
1626 5620 1727 5676 Christi
1746 5621 1884 5689 requievit
1895 5621 1961 5673 VIII
1975 5621 2041 5677 Kal.
2054 5625 2144 5696 Dee,

475 5717 525 5773 767
543 5717 662 5774 Alberht
678 5721 818 5774 Eboracae
837 5721 960 5775 civitatis
978 5727 1007 5777 et
1024 5724 1181 5779 Alchmund
1199 5767 1266 5780 ....
1285 5725 1407 5779 ordinati
1425 5727 1491 5778 sunt
1509 5724 1631 5794 episcopi
1650 5724 1716 5777 Vlll
1737 5724 1797 5778 Kal.
1816 5722 1892 5778 Maii.
