4554 6434
586 399 723 462 VERSUS
742 405 789 461 DE
807 406 957 465 sancum
976 405 1235 469 EUBORIGENSIS
1254 407 1452 472 accusatas.

553 577 817 666 Martyribusque
841 584 993 669 crucique
1017 585 1114 651 simul
1129 586 1337 654 dedicaverat
1360 590 1476 676 ipsum.

553 679 655 745 Iussit
676 688 713 747 ut
735 683 846 749 obrizo
869 707 933 750 non
958 689 1049 772 parvi
1071 689 1224 775 ponderis
1248 711 1326 756 auro

554 782 709 870 Ampulla
732 787 836 851 maior
857 787 961 870 fieret,
987 809 1051 876 qua
1072 791 1148 855 vina
1171 793 1324 858 sacerdos

552 884 720 952 Funderet
743 888 776 952 in
800 890 952 972 calicem,
985 893 1157 958 sollemnia
1180 915 1273 959 sacra
1295 896 1476 962 celebrans.

599 988 663 1052 Ast
685 1010 770 1054 nova
791 991 947 1058 basilicae
970 994 1071 1060 mirae
1097 1002 1260 1062 structura
1281 997 1397 1063 diebus

552 1089 719 1156 Praesulis
741 1093 838 1159 huius
855 1102 926 1161 erat
940 1097 1004 1161 iam
1021 1105 1148 1184 coepta,
1172 1108 1314 1184 peracta,
1338 1109 1475 1168 sacrata.

551 1193 645 1260 Haec
667 1196 764 1260 nimis
788 1199 855 1263 alta
877 1198 992 1264 domus
1016 1201 1129 1266 solidis
1153 1203 1285 1268 suffulta
1307 1206 1476 1286 columnis,

553 1295 750 1384 Suppositae
773 1321 857 1385 quae
881 1308 968 1366 stant
991 1305 1133 1368 curvatis
1157 1306 1308 1388 arcubus,
1332 1308 1418 1373 intus

555 1397 684 1464 Emicat
704 1404 847 1488 egregiis
872 1405 1080 1488 laquearibus
1105 1414 1203 1493 atque
1226 1407 1389 1490 fenestris,

551 1501 756 1589 Pulchraque
779 1507 958 1590 porticibus
982 1507 1087 1593 fulget
1110 1510 1310 1576 circumdata
1332 1515 1454 1592 multis,

551 1604 696 1670 Plurima
717 1605 857 1672 diversis
880 1610 1025 1674 retinens
1049 1612 1171 1676 solaria
1192 1614 1299 1690 tectis,

551 1704 644 1778 Quae
668 1709 802 1794 triginta
824 1717 916 1776 tenet
938 1713 1036 1776 variis
1060 1714 1227 1779 ornatibus
1250 1736 1334 1780 aras.

550 1808 623 1874 Hoc
646 1809 710 1875 duo
733 1811 886 1899 discipuli
909 1816 1066 1901 templum
1090 1815 1223 1882 doctore
1247 1817 1380 1883 iubente

551 1912 820 1982 Aedificavcrunt
842 1915 1032 1982 Elanbaldus
1056 1925 1090 1984 et
1111 1919 1284 1998 Alcuinus,
1308 1923 1404 1987 ambo

552 2014 740 2084 Concordes
763 2021 855 2106 operi
878 2020 997 2086 devota
1020 2030 1130 2089 mente
1154 2025 1335 2092 studentes.

550 2117 624 2184 Hoc
646 2127 756 2186 tamen
780 2123 851 2208 ipse
874 2130 969 2209 pater
992 2125 1080 2189 socio
1104 2145 1177 2190 curn
1200 2129 1377 2212 praesule¹
1407 2133 1575 2217 templum,

549 2221 637 2287 Ante
662 2223 715 2289 die
738 2224 867 2290 decima
889 2247 985 2310 quam
1009 2227 1177 2293 clauderet
1199 2230 1315 2295 ultima
1336 2231 1422 2295 vitae

549 2324 688 2390 Lumina
710 2330 904 2413 praesentis,
929 2330 1063 2417 sophiae
1088 2341 1272 2397 sacraverat
1295 2335 1411 2399 almae.

551 2425 639 2514 Ergo
663 2430 865 2495 ministrator
887 2433 1088 2498 clarissimus
1113 2433 1226 2499 ordine
1250 2457 1353 2518 sacro,

549 2530 685 2596 Praesul
707 2533 874 2619 perlectus
896 2536 1021 2601 meritis
1043 2538 1225 2623 plenusque
1249 2537 1386 2621 dierum,

548 2633 696 2699 Tradidit
718 2635 889 2702 Eanbaldo
912 2638 1033 2704 dilecto
1056 2642 1162 2704 laetus
1186 2642 1317 2705 alumno

548 2736 739 2803 Pontificale
762 2738 872 2821 decus,
896 2741 1028 2806 sibimet
1052 2749 1179 2809 secreta
1201 2745 1320 2830 petivit

548 2839 659 2926 Septa,
681 2841 744 2907 deo
769 2844 830 2907 soli
853 2865 916 2930 quo
940 2846 1005 2932 iarn
1028 2847 1152 2912 servire
1176 2855 1316 2914 vacaret.

454 2964 491 3000 ers
550 2941 698 3008 Tradidit
718 2953 771 3010 ast
793 2947 878 3012 alio²
902 2969 994 3015 caras
1018 2952 1248 3036 superomnia
1269 2971 1369 3036 gazas

547 3045 721 3112 Librorum
743 3055 830 3131 nato,
854 3052 939 3136 patri
962 3053 1017 3138 qui
1041 3074 1173 3140 semper
1195 3053 1356 3136 adhaesit,

546 3147 725 3215 Doctrinae
748 3152 863 3218 sitiens
886 3154 1016 3221 haurire
1039 3157 1162 3221 tluenta
1185 3163 1314 3222 suetus:

547 3248 649 3316 Cuius
671 3253 700 3316 si
722 3275 817 3320 ouras
840 3257 1008 3344 proprium
1031 3279 1231 3344 cognoscere
1254 3279 1384 3336 nomen,

546 3353 667 3420 Fronte
691 3377 751 3420 sua
774 3360 883 3424 statim
904 3362 1094 3447 praesentia
1122 3361 1266 3425 carmina
1293 3360 1471 3447 prodent³.

466 3479 476 3498 ⁹
548 3456 611 3522 His
634 3457 745 3525 divisit
768 3483 848 3548 opes
871 3462 1011 3529 diversis
1035 3463 1193 3540 sortibus;
1217 3464 1265 3528 illi

546 3560 717 3629 Ecclesiae
740 3567 898 3651 regimen,
920 3567 1104 3649 thesauros,
1127 3589 1212 3646 rura,
1235 3568 1372 3632 talenta:

545 3664 633 3730 Huic
656 3667 791 3753 sophiae
815 3671 991 3755 specimen,
1016 3671 1158 3736 studium
1180 3669 1368 3755 sedemque,
1391 3669 1568 3755 librosque,

545 3766 697 3854 Undique
721 3792 802 3856 quos
826 3774 933 3838 clarus
956 3775 1137 3859 collegerat
1159 3779 1234 3838 ante
1257 3773 1428 3857 magister,

544 3870 705 3957 Egregias
729 3874 872 3941 condens
895 3897 959 3941 uno
982 3877 1043 3942 sub
1067 3878 1208 3941 culmine
1231 3897 1340 3961 gazas.

441 3993 490 4031 aas
546 3973 619 4040 Illic
642 3977 813 4044 inuenies*
835 3986 983 4045 veterum
1005 3980 1146 4066 vestigia
1167 3986 1307 4066 patrum,

548 4076 712 4164 Quidquid
736 4081 836 4146 habet
857 4104 917 4169 pro
941 4104 975 4149 se
998 4083 1093 4148 Latio
1116 4083 1283 4148 Romanus
1308 4081 1341 4146 in
1365 4080 1454 4161 orbe,

545 4179 687 4246 Graecia
708 4184 761 4248 vel
785 4184 942 4271 quidquid
964 4187 1147 4251 transmisit
1169 4188 1258 4251 clara
1280 4186 1418 4267 Latinis,

544 4282 729 4350 Hebraicus
746 4289 798 4351 vel
822 4287 908 4373 quod
929 4290 1071 4375 populus
1095 4289 1178 4353 bibit
1193 4289 1296 4353 imbre
1318 4308 1470 4374 superno,

543 4387 658 4452 Africa
680 4390 812 4455 lucifluo
835 4393 889 4458 vel
912 4391 1069 4478 quidquid
1091 4393 1214 4457 lumine
1238 4393 1368 4479 sparsit.

438 4513 487 4552 rso
546 4490 641 4564 Quod
663 4498 757 4576 pater
779 4493 1011 4578 Hieronymus,
1036 4495 1122 4581 quod
1145 4495 1249 4560 sensit
1270 4494 1418 4559 Hilarius
1446 4498 1543 4578 atque

544 4594 738 4659 Ambrosius
760 4598 903 4682 praesul,
927 4598 1023 4663 simul
1045 4599 1262 4683 Augustinus,
1287 4604 1321 4663 et
1343 4597 1415 4684 ipse

1288 4793 1364 4797 .-—
1371 4791 1440 4796 .--.-
1448 4789 1684 4797 -..—-——-
1692 4787 1726 4796 u·-

286 4793 542 4801 ——---——--
549 4793 577 4798 =---
592 4793 616 4796 --·

280 4924 307 4991 1)
334 4921 495 4988 Eanbatdo,
522 4923 571 4992 qai
596 4922 699 4977 viventi
725 4925 750 4976 et
776 4923 932 4992 resignasti
961 4925 1096 4978 successit
1118 4939 1192 4978 cano
1219 4923 1270 4977 778
1295 4923 1395 4977 mensis
1420 4923 1497 4992 Sept,
1520 4921 1610 4977 initio.
1664 4921 1730 4975 Vide
1751 4920 1830 4990 infra

174 5041 244 5080 cers.
265 5025 473 5080 laetamen.
496 5025 611 5080 FROB.
681 5025 709 5094 2)
733 5027 752 5078 t.
771 5043 792 5080 c.
811 5025 876 5089 alit,
896 5028 927 5080 ut
945 5026 1025 5080 ctiam
1039 5041 1094 5096 pro
1113 5026 1167 5080 toti
1180 5027 1262 5096 pontt
1280 5029 1349 5081 toto.
1418 5027 1446 5094 3)
1469 5025 1606 5080 Atacinus
1620 5025 1721 5094 procat
1738 5024 1830 5094 dubio,

173 5130 227 5183 etsi
251 5145 347 5183 nomen
370 5130 430 5183 etus
452 5130 483 5182 in
505 5128 609 5183 cortine
632 5129 662 5182 S.
680 5129 846 5183 ,Theudorici
868 5131 1048 5199 trascripttonc
1066 5130 1232 5184 Mabittaato
1255 5133 1323 5185 teste
1344 5145 1400 5184 non
1423 5128 1531 5198 legitur.
1577 5128 1754 5184 concordant
1769 5143 1829 5182 cam

173 5233 231 5296 tris,
259 5248 331 5301 quac
352 5232 383 5286 in
405 5231 523 5301 epistola
547 5233 611 5303 (tt.)
635 5233 674 5286 ad
691 5233 870 5288 Eaabctdum
893 5234 1041 5296 iuniorem,
1064 5235 1129 5288 indo
1150 5234 1185 5288 ab
1205 5250 1278 5288 anno
1296 5234 1346 5288 796
1364 5234 1569 5288 Eboracenssm
1586 5234 1830 5303 archiepiscopum.

174 5334 313 5388 alcuinus
329 5333 426 5389 scribit
444 5335 592 5402 (thesauris
611 5336 781 5406 sapientiae,
806 5337 836 5391 in
854 5336 955 5406 quibus
973 5355 1017 5392 me
1035 5337 1170 5408 magister
1187 5352 1264 5390 meus
1282 5337 1402 5390 dilectus
1421 5335 1588 5390 helberhtus
1606 5336 1829 5406 archiepiscopus

173 5436 303 5490 heredem
321 5430 463 5507 reliquit),¹
475 5443 500 5492 et
512 5455 581 5506 quae
594 5446 691 5494 auctor
702 5443 775 5496 attae
787 5443 847 5495 eius
860 5457 882 5495 c.
894 5443 912 5496 4
923 5449 1031 5497 παπαί.
1069 5442 1110 5510 Cf.
1130 5441 1211 5494 etiam
1224 5439 1366 5509 epistolam
1379 5439 1417 5494 ad
1429 5439 1557 5494 Ceratum
1568 5456 1658 5510 regem
1671 5457 1697 5494 α.
1710 5441 1828 5495 tas—97

172 5541 266 5594 datum
285 5540 331 5594 78:
350 5539 546 5610 exquisitiores
564 5541 729 5598 eruditionis
747 5545 909 5600 scolasticae
928 5546 1024 5610 libelli,
1043 5561 1112 5614 quos
1130 5543 1216 5598 habui
1234 5543 1265 5596 in
1283 5543 1377 5612 patria
1394 5559 1444 5612 per
1461 5541 1562 5596 bonam
1581 5544 1610 5596 et
1622 5541 1829 5597 devotissimam

172 5643 301 5713 magistri
319 5644 373 5698 mei
392 5642 567 5698 industriam.
637 5646 664 5712 4)
684 5647 762 5701 aaa
781 5650 843 5704 Art.
862 5667 914 5703 nm.
933 5649 959 5718 I,
971 5649 1004 5702 91
1024 5647 1085 5702 Illic
1103 5646 1229 5700 invenias
1248 5649 1322 5715 quod
1341 5665 1423 5703 ames.

1569 5742 1624 5795 ⁸26*
