4628 6428
1034 415 1185 474 ALCUINI
1204 415 1379 474 CARMINA.

747 589 821 655 Hoc
844 589 911 655 Ata
933 612 998 654 non
1021 592 1146 672 suffert,
1170 592 1270 678 Aperi
1294 613 1463 657 successor
1485 591 1626 670 honoris,

831 694 978 780 Corpora
1000 696 1120 758 calcari
1144 717 1237 760 saera
1259 703 1386 782 patrum
1409 694 1558 781 pedibus,

746 797 812 861 Sed
836 805 1046 863 monumenta
1070 799 1162 863 brevi
1184 800 1308 884 placuit
1331 800 1524 883 concingere
1547 817 1649 876 muro,

664 923 688 957 ω
830 900 950 966 Perria
972 923 1013 965 ne
1036 903 1150 988 populi
1173 903 1270 966 busta
1293 903 1401 967 forent
1422 901 1570 988 pedibus.

746 1002 882 1067 Addidit
905 1013 938 1069 et
961 1013 1093 1069 nostrae
1117 1007 1227 1070 statim
1248 1006 1303 1091 pia
1326 1007 1420 1090 signa
1443 1005 1566 1084 salutis,

828 1108 867 1171 In
891 1130 955 1194 quo
979 1110 1122 1174 salvator
1142 1111 1246 1174 victor
1268 1112 1310 1174 ab
1332 1110 1427 1174 hoste
1450 1106 1559 1173 reditu

744 1210 885 1296 Insuper
907 1213 1009 1276 altare
1034 1214 1148 1276 statuit
1170 1213 1359 1278 venerabile
1383 1213 1524 1290 Christo,

728 1313 734 1320 ”
823 1315 863 1379 In
885 1339 949 1402 quo
972 1340 1030 1404 pro
1053 1319 1202 1404 patribus
1225 1319 1332 1382 hostia
1355 1338 1448 1381 sacra
1469 1316 1563 1392 foret,

745 1417 790 1481 Ut
813 1418 895 1484 deus
919 1423 1125 1507 omnipotens
1149 1423 1296 1508 requiem
1319 1421 1513 1487 concederet
1534 1419 1598 1482 illis

826 1522 908 1587 Cum
931 1527 1053 1589 sanctis
1076 1527 1200 1611 pariter
1223 1547 1352 1611 semper
1374 1525 1407 1588 in
1430 1545 1507 1587 arce
1530 1521 1607 1607 poli,

1179 1760 1231 1802 xrv

745 1837 923 1904 Gerrasius
947 1849 1071 1925 martyr
1093 1841 1190 1905 simul
1214 1849 1312 1924 atque
1334 1839 1502 1905 Protesius
1525 1838 1628 1901 almus

744 1943 818 2007 Hac
842 1944 905 2008 duo
928 1945 1075 2030 germani
1098 1947 1221 2030 pariter
1246 1951 1442 2009 venerantur
1463 1945 1496 2007 in
1520 1963 1585 2018 ara,

745 2045 836 2118 Quos
860 2048 935 2111 tulit
957 2069 1024 2111 nna
1045 2047 1116 2113 dies
1140 2050 1235 2113 terris
1259 2049 1354 2112 simul
1378 2068 1507 2132 unaque
1531 2045 1631 2123 caelo,

744 2147 904 2234 Martyrio
928 2152 1063 2228 similes,
1087 2152 1209 2215 similes
1232 2151 1360 2216 fervore
1384 2149 1469 2214 fidei.

1185 2383 1228 2426 xv

742 2466 843 2531 Porta
866 2465 981 2530 domas
1004 2465 1126 2530 domini
1150 2466 1231 2531 haec
1255 2471 1305 2530 cst
1328 2472 1361 2530 ct
1383 2465 1474 2548 regia
1497 2464 1591 2542 caeli,

744 2569 838 2634 Haec
861 2569 922 2633 tibi
943 2568 1058 2655 pandit
1079 2571 1143 2633 iter
1165 2569 1268 2634 sancti
1290 2576 1324 2633 et
1347 2569 1488 2633 sacraria
1511 2568 1635 2653 templi,

745 2670 819 2745 Quo
843 2693 921 2737 mox
943 2673 1091 2737 invenies
1114 2693 1250 2757 magnos
1273 2673 1481 2757 requiescere
1504 2678 1625 2756 patres.

746 2774 797 2839 Sit
819 2777 879 2840 tibi
902 2798 977 2862 spes
1004 2776 1154 2862 precibus
1177 2777 1291 2840 horum
1315 2777 1484 2861 praeclara
1506 2776 1638 2839 salutis:

677 2899 688 2934 s
747 2877 783 2942 Si
806 2887 841 2943 tu
865 2878 962 2943 corde
985 2881 1050 2965 pio,
1074 2887 1237 2965 prostrato
1262 2886 1295 2943 et
1318 2900 1454 2964 corpore
1477 2878 1585 2964 poscis

744 2982 775 3044 A
799 2981 930 3046 Christo
955 2983 1117 3046 scelerum
1140 2983 1279 3062 veniam,
1302 2991 1466 3068 peccator,
1490 2980 1636 3046 habebis.

742 3084 940 3149 Nullatenus
962 3084 1080 3149 dubius
1106 3087 1189 3149 sacri
1212 3092 1281 3149 tere
1305 3085 1417 3148 limina
1440 3085 1570 3169 templi:

744 3187 863 3251 Omnia
885 3187 1032 3252 eredenti
1055 3195 1201 3272 praestat
1223 3188 1278 3273 pia
1300 3188 1405 3272 gratia
1428 3187 1561 3251 Christi.

742 3290 884 3356 Fecerat
906 3291 965 3354 has
988 3292 1098 3354 valvas
1123 3312 1199 3355 arae
1222 3291 1295 3376 pius
1320 3290 1417 3354 Abba
1439 3291 1598 3368 minister,

744 3392 790 3456 Ut
812 3392 979 3457 mandavit
1000 3393 1065 3456 Ato
1087 3394 1224 3456 fratrum
1246 3393 1443 3457 venerabilis
1466 3393 1580 3457 abbas.

744 3495 939 3581 Ingrediens
963 3497 1120 3581 templum
1141 3518 1201 3582 pro
1224 3517 1287 3580 quo
1310 3495 1488 3576 intercede,
1512 3497 1627 3576 viator,

745 3598 790 3662 Ut
812 3598 894 3664 deus
918 3599 1124 3685 omnipotens
1148 3599 1239 3662 illum
1262 3607 1435 3663 conservet
1458 3598 1589 3683 ubique.

1181 3830 1234 3873 xvr

744 3914 936 3999 Discipulus
960 3913 1085 3977 Christi
1107 3934 1206 3976 verus
1229 3913 1416 3998 primusque
1440 3918 1573 3977 secutor

828 4016 923 4080 Haec
946 4022 1041 4100 regat
1062 4014 1213 4079 Andreas
1237 4021 1323 4078 tecta
1346 4021 1473 4078 sacrata
1496 4015 1570 4079 sibi.

744 4118 885 4183 Adferat
907 4117 1065 4181 auxilium
1087 4117 1182 4181 nobis
1204 4117 1369 4181 habitator
1390 4117 1532 4202 Olympi,

828 4220 876 4284 Ut
898 4228 1030 4285 nostrae
1054 4219 1096 4284 ad
1119 4219 1286 4285 Christum
1308 4221 1501 4306 perveniant
1523 4220 1687 4298 lacrimae,

747 4322 916 4388 Exaudire
939 4323 1012 4407 pius
1037 4324 1172 4387 caelesti
1195 4323 1345 4388 Christus
1367 4323 1408 4387 ab
1431 4344 1505 4387 arce

828 4425 993 4508 Dignetur
1016 4425 1156 4489 famulos
1180 4447 1310 4510 semper
1333 4431 1369 4488 ut
1391 4426 1447 4489 ille
1471 4446 1558 4490 suos.

1051 4559 1358 4567 .--—-..-—.-—-—---

1174 4660 1238 4703 xvn

746 4741 845 4806 Hacl
869 4760 999 4825 quaque
1023 4743 1190 4826 praesenti
1213 4743 1345 4828 praesul
1368 4743 1545 4827 requiescit
1567 4743 1601 4806 in
1623 4743 1699 4806 aula

828 4843 1028 4906 Fortunatus
1053 4845 1139 4907 enim
1160 4845 1219 4925 vir,
1243 4844 1344 4909 decus
1368 4846 1541 4926 eeclesiae,

744 4945 893 5009 Plurima
915 4943 970 5026 qui
992 4944 1071 5008 fecit
1095 4953 1278 5011 sanctorum
1302 4949 1445 5011 earmina
1467 4954 1582 5028 metro,

831 5045 1075 5111 Concelebrans
1099 5056 1228 5113 sanctos
1250 5048 1401 5113 laudibus
1424 5050 1627 5135 hymnidicis.

675 5178 686 5213 s
747 5150 812 5224 Qui
835 5169 987 5214 sermone
1011 5149 1071 5212 fuit
1093 5149 1214 5214 nitidus
1239 5172 1402 5235 sensuque
1425 5153 1541 5232 fidelis,

825 5251 966 5335 Ingenio
990 5249 1124 5330 calidus,
1147 5259 1315 5338 promptus
1340 5261 1372 5318 et
1396 5274 1453 5319 ore
1478 5275 1547 5319 suc.

481 5509 581 5561 locato
590 5527 642 5560 non
652 5514 758 5563 sufferat
768 5513 797 5576 Q,
812 5512 861 5560 Ata
871 5527 924 5559 nou
934 5511 1023 5559 suffert
1036 5507 1163 5557 Mabillou
1233 5507 1457 5573 ‘dmorrumentoQ
1521 5513 1532 5578 ll
1545 5509 1598 5576 [xv]
1609 5509 1626 5562 3
1636 5513 1720 5574 Quam
1734 5512 1757 5573 Q
1812 5513 1912 5580 δραι
1925 5525 2050 5579 Christ„
2064 5531 2091 5592 Q

482 5679 509 5742 1)
530 5675 575 5740 Cf.
592 5689 680 5740 supra
694 5675 769 5741 poa
788 5674 940 5726 Fortunati
961 5672 1130 5741 epitaphium
1148 5689 1166 5724 α
1183 5673 1274 5726 Paulo
1292 5679 1475 5744 conpositam.
