4756 6412
491 418 564 472 CUR
582 419 686 476 MODO
705 423 872 479 CARMINA
892 427 970 481 NON
989 428 1150 484 SCRIBAT.
1188 432 1234 486 DE
1255 433 1370 490 LlBlllS
1391 437 1413 489 A
1433 437 1474 491 SE
1493 438 1623 494 nucula.
1823 447 1885 508 543

965 665 1114 788 wirv.

320 835 380 906 DE
410 837 567 913 LIBRlS
596 842 723 931 QUOS
748 845 936 918 LEGERE
963 848 1189 922 SOLEBAM
1216 852 1277 924 ΕΤ
1304 853 1550 943 QUALITER
1577 859 1800 934 FABULAE

386 957 652 1036 POETARUM
672 965 703 1036 A
723 966 1041 1044 PHILOSOPHIS
1067 971 1272 1045 MYSTICE
1297 974 1733 1057 PERTRACTENTUR.

600 1097 749 1183 Namque
774 1122 836 1186 ego
861 1111 974 1168 suetus
989 1125 1078 1169 eram
1101 1105 1162 1170 hos
1175 1105 1277 1171 libros
1293 1108 1416 1192 legisse
1431 1109 1631 1194 frequenter,

682 1202 803 1268 Extitit
825 1205 881 1270 ille
905 1207 986 1272 mihi
1010 1217 1105 1275 noete
1130 1209 1248 1295 dieque
1271 1210 1374 1276 labor.
1616 1289 1617 1292 Ἴ

602 1304 710 1391 Saepe
735 1315 768 1372 et
792 1308 998 1394 Gregorium,
1022 1313 1246 1399 Augustinum
1268 1316 1403 1401 perlego
1428 1338 1538 1404 saepe,

682 1410 727 1474 Et
750 1411 839 1477 dieta
860 1414 982 1479 Hilarii
1005 1438 1064 1482 seu
1087 1423 1152 1496 tua,
1176 1439 1262 1504 papa
1283 1419 1363 1484 Leo.

529 1533 540 1568 s
598 1512 846 1599 Hieronymum,
869 1517 1089 1600 Ambrosium,
1112 1521 1285 1602 Isidorum,
1308 1521 1397 1586 fulvo
1421 1545 1477 1588 ore
1500 1525 1689 1607 Iohannem,

680 1616 808 1704 Inelyte
833 1643 892 1687 seu
915 1631 1039 1708 martyr
1060 1632 1104 1704 te,
1129 1624 1292 1711 Cypriane
1316 1633 1419 1711 pater.

600 1719 676 1784 Sive
700 1722 792 1804 alios,
816 1745 953 1810 quorum
976 1726 1164 1792 describere
1187 1729 1319 1792 nomina
1341 1729 1473 1813 longum
1498 1733 1581 1812 est¹,

683 1827 773 1901 Quos
797 1828 883 1893 bene
906 1829 1074 1895 doetrinae
1097 1831 1189 1896 vexit
1211 1830 1253 1894 ad
1276 1832 1344 1895 alta
1366 1831 1478 1897 decus.

598 1928 756 2014 Legimus
780 1941 813 1997 et
836 1933 952 1998 erebro
976 1934 1114 2019 gentilia
1137 1933 1259 2020 scripta
1283 1934 1471 2021 sophorum,

519 2053 544 2089 10
688 2033 802 2099 Rebus
825 2037 881 2120 qui
904 2037 936 2100 in
959 2039 1058 2102 variis
1082 2038 1250 2103 eminuere
1275 2038 1364 2104 satis.

598 2135 685 2200 Oura
708 2135 828 2203 decens
851 2147 980 2225 patrum
1002 2162 1064 2205 neo
1088 2149 1158 2206 erat
1180 2147 1347 2228 postrema
1369 2142 1506 2228 piorum,

683 2240 829 2314 Quorum
852 2251 929 2308 sunt
951 2245 1065 2310 subter
1086 2245 1219 2310 nomina
1242 2247 1372 2332 scripta,
1395 2245 1486 2311 vide:

600 2342 753 2409 Sedulius
777 2347 903 2427 rutilus,
926 2347 1095 2428 Paulinus,
1118 2349 1248 2427 Arator,
1270 2348 1400 2428 Avitus,

681 2447 725 2512 Et
746 2449 956 2531 Fortunatus,
979 2458 1095 2536 tuque,
1119 2451 1263 2517 Iuvense
1284 2461 1417 2528 tonans;

520 2571 542 2607 rs
601 2549 808 2638 Diversoque
823 2559 947 2638 potens
972 2554 1150 2640 prudenter
1173 2577 1323 2641 promere
1346 2557 1442 2643 plura

681 2654 800 2736 Metro,
823 2679 843 2722 o
865 2656 1051 2740 Prudenti²,
1075 2667 1188 2724 noster
1210 2667 1244 2724 et
1266 2660 1339 2746 ipse
1362 2661 1507 2747 parens³.

600 2755 643 2820 Et
663 2756 761 2822 'modo
784 2758 987 2845 Pompeium,
1011 2759 1107 2825 modo
1130 2767 1174 2840 te,
1197 2760 1339 2842 Donate,
1362 2762 1523 2847 legebam,

682 2861 726 2925 Et
749 2861 844 2927 modo
868 2862 1054 2947 Virgilium,
1077 2871 1110 2929 te
1134 2864 1241 2944 modo,
1265 2865 1355 2930 Naso
1378 2867 1509 2952 loquax.

599 2965 639 3029 In
661 2987 797 3051 quorum
820 2965 916 3031 dietis
940 2988 1134 3052 quamquam
1158 2968 1223 3032 sint
1244 2969 1363 3033 frivola
1384 2970 1496 3051 multa,

518 3093 544 3130 eo
686 3071 832 3136 Plurima
855 3073 916 3136 sub
939 3073 1024 3137 falso
1047 3074 1192 3159 tegmine
1216 3096 1294 3140 vera
1316 3075 1430 3141 latent.

600 3175 698 3240 Falsa
720 3183 890 3260 poetarum
915 3176 1009 3240 stilus
1032 3177 1137 3250 affert.
1162 3199 1240 3243 vera
1262 3178 1451 3264 sophorum,

686 3280 786 3344 Falsa
807 3279 923 3343 horum
946 3281 979 3344 in
1002 3301 1115 3345 verum
1138 3288 1266 3347 vertere
1290 3304 1390 3369 saepe
1414 3285 1531 3349 solent.

602 3384 657 3448 Sic
679 3383 819 3448 Proteus
842 3385 985 3463 verum⁴,
1007 3385 1054 3448 sio
1078 3386 1201 3451 iustum
1224 3387 1327 3472 Virgo
1350 3388 1519 3474 repingit⁵,

683 3486 847 3551 Virtutem
870 3487 1015 3568 Alcides,
1038 3487 1188 3574 furtaque
1213 3489 1319 3555 Cacus
1342 3490 1465 3577 inops⁶.

519 3611 543 3650 aa
602 3590 727 3656 Verum
748 3597 785 3654 ut
808 3590 949 3672 fallatur,
973 3591 1143 3656 mendacia
1166 3593 1256 3658 mille
1279 3601 1462 3680 patescunt,

684 3695 840 3760 Firmiter
861 3695 923 3759 hoe
946 3695 1060 3759 stricto
1082 3697 1221 3783 pristina
1243 3697 1348 3763 forma
1369 3698 1464 3778 redit,

599 3799 747 3884 Virginis
770 3799 803 3862 in
826 3820 950 3863 morem
973 3799 1023 3862 vis
1045 3800 1124 3864 iusti
1146 3801 1273 3865 inlaesa
1296 3801 1434 3883 renidet,

687 3903 792 3977 Quam
815 3904 929 3988 nequit
951 3904 1064 3968 iniusti
1087 3907 1313 3971 conmaculare
1337 3908 1419 3973 lues.

602 4005 779 4071 Gressibus
803 4006 829 4069 it
851 4005 959 4070 furum
982 4005 1153 4072 fallentum
1175 4007 1304 4072 insania
1326 4010 1443 4091 versis,

518 4132 544 4168 a»
688 4108 754 4172 Ore
778 4116 914 4173 vomunt
935 4108 1077 4172 fumum⁷
1099 4108 1220 4194 probra
1241 4111 1392 4196 negando
1416 4120 1547 4176 tetrum.

602 4213 662 4277 Vis
685 4212 745 4278 sed
768 4234 826 4277 eos
849 4212 970 4277 mentis
992 4213 1124 4297 retegit,
1147 4213 1354 4298 perimitque,
1379 4215 1559 4301 quatitque,

684 4316 840 4401 Nequitia
862 4316 992 4380 illorum
1016 4316 1062 4380 sio
1086 4315 1258 4381 manifesta
1280 4324 1382 4403 patet.

600 4421 752 4505 Pingitur
774 4421 890 4499 alatus,
914 4419 1030 4500 nudus,
1053 4441 1135 4506 puer
1158 4442 1232 4485 esse
1256 4419 1410 4507 Cupido⁸,

687 4525 789 4590 Ferre
813 4545 923 4588 arcum
947 4531 981 4588 et
1002 4523 1201 4610 pharetram,
1217 4524 1342 4612 toxica,
1366 4526 1442 4596 tela.
1465 4526 1581 4591 faoem.

305 4753 396 4821 [XLV]
415 4774 446 4808 ex
463 4757 503 4808 erl.
523 4753 656 4807 Sirruoudi
673 4773 698 4818 p.
718 4748 770 4802 20‘2
789 4753 805 4801 l.
825 4751 860 4800 IV
879 4769 899 4800 o.
918 4749 933 4800 1

342 4893 367 4959 l)
388 4891 436 4946 On.
455 4891 533 4945 dart.
547 4888 665 4956 ΙΙΙ,719
684 4887 795 4952 Vnaao.
867 4886 893 4952 ⁶2)
915 4885 980 4938 Ven.
999 4884 1076 4938 Fert.
1091 4885 1122 4940 V.
1136 4887 1166 4938 S.
1185 4885 1307 4938 Martini
1325 4887 1392 4950 alu
1410 4885 1534 4940 Prudens
1553 4887 1704 4957 prudenter
1721 4882 1889 4940 Prudentius

235 4973 472 5050 immorat'aetus.
520 4994 563 5061 es.
592 4991 736 5054 rumano.
758 4989 791 5042 <a
811 4988 907 5043 aeae
932 4987 1063 5059 saprum
1084 5003 1105 5042 ο.
1130 4989 1163 5041 12
1189 4993 1230 5058 (ρ.
1254 4989 1289 5042 aa
1316 4987 1358 5043 aa.
1380 4988 1534 5054 semmua
1562 4987 1888 5055 eramusmaerore,

235 5097 432 5154 disertissimus
455 5103 540 5168 atque
565 5095 810 5152 christianissimus
836 5097 932 5162 poetam
962 5093 1007 5147 De
1036 5093 1139 5161 spiritu
1164 5097 1260 5146 sancto
1281 5109 1312 5162 p.
1332 5092 1390 5146 129.
1473 5093 1500 5161 3)
1526 5092 1709 5161 Theodalsam
1733 5093 1768 5146 ub
1795 5091 1887 5146 eadem

231 5201 330 5270 patria
352 5203 534 5272 (Hispanico)
552 5200 700 5255 mandam
719 5214 787 5264 esse,
809 5213 866 5266 qua
884 5203 909 5251 et
928 5187 1109 5264 Prudentiae,
1132 5195 1167 5250 B.
1187 5195 1324 5250 Haurloa
1346 5196 1498 5267 (Stnpular.
1516 5197 1613 5253 histor.
1630 5213 1658 5266 p.
1675 5197 1721 5264 40)
1739 5197 1789 5250 boc
1807 5213 1890 5250 versu

234 5309 579 5374 reetrarpamentatasest.
630 5305 659 5373 4)
671 5304 714 5372 Os.
730 5303 807 5373 Verp.
820 5301 918 5371 Geory.
930 5305 981 5368 IV,
990 5302 1041 5356 387
1052 5319 1111 5370 sqq.
1163 5302 1191 5370 b)
1205 5301 1284 5371 Vero.
1295 5302 1356 5356 Ecl.
1367 5303 1449 5368 1156.
1509 5303 1536 5369 6)
1551 5302 1593 5370 Cf.
1604 5305 1671 5355 Aea.
1683 5302 1822 5369 V111,193
1832 5317 1889 5372 sqq.

236 5407 262 5474 7)
286 5409 334 5463 Oo.
355 5409 433 5464 Post.
453 5409 478 5475 1,
489 5409 541 5463 572
558 5425 605 5462 ore
624 5448 646 5462 ..
665 5407 761 5470 vomit,
779 5406 829 5460 577
848 5406 1017 5461 vomituum
1036 5405 1174 5475 sanguine
1193 5405 1290 5459 biuros.
1364 5405 1391 5473 8)
1414 5405 1457 5472 Cf.
1477 5403 1584 5458 Isidori
1602 5405 1695 5474 Oripp.
1715 5407 1891 5470 V111‚11,80

235 5509 401 5580 Cupidinem
414 5512 588 5582 appellatum
600 5513 695 5566 ferunt
706 5515 821 5582 propter
833 5527 962 5564 amorem.
994 5511 1043 5564 Est
1059 5510 1133 5563 enim
1145 5509 1264 5562 daemon
1276 5507 1474 5563 fornicationis.
1507 5507 1560 5573 Qui
1573 5507 1636 5562 ideo
1649 5508 1741 5562 alatus
1754 5507 1889 5579 pingitur,

235 5614 302 5683 quia
318 5615 391 5668 nihil
402 5616 562 5670 amantibus
574 5615 670 5678 levius,
688 5615 760 5669 nihil
772 5615 937 5671 mutabilius
949 5615 1099 5670 invenitur.
1118 5615 1191 5668 Puer
1202 5613 1339 5684 pingitur,
1358 5613 1425 5682 quia
1436 5613 1539 5667 stultus
1552 5615 1581 5666 et
1592 5611 1793 5666 irrationabilis
1804 5630 1889 5668 amor.

234 5717 373 5788 Sagittam
393 5721 422 5773 et
439 5719 526 5773 facem
546 5723 641 5774 tenere
660 5719 783 5788 lingitur.
818 5718 967 5789 Sagittam,
986 5719 1054 5788 quia
1070 5735 1148 5772 amor
1166 5735 1213 5772 eor
1230 5717 1367 5783 uulnerat,
1386 5719 1482 5786 lacem,
1500 5715 1568 5785 quia
1585 5715 1749 5771 inflammat.
