4612 6414
1058 423 1264 489 THEODULFI
1283 435 1459 492 CARMINA.

777 595 1017 670 ¹Commissum
1039 607 1147 672 scelus
1170 627 1265 672 omne
1289 606 1349 672 tibi
1372 607 1537 674 dimittere
1560 611 1694 692 mavult,

714 727 741 765 so
885 707 920 772 Si
942 729 1099 795 peccasse
1123 714 1233 776 tamen
1256 716 1288 774 te
1311 731 1493 778 memorare
1516 713 1610 778 velis.

796 807 881 874 Nam
903 810 1061 896 prodesse
1083 811 1144 876 tibi
1167 811 1330 878 confessio
1354 834 1438 899 pure
1459 813 1594 896 valebit,

869 913 916 978 ‘Si
938 920 972 980 te
994 935 1074 980 voce
1097 914 1216 1002 probes
1239 917 1385 982 criminis
1408 938 1483 983 esse
1506 939 1611 984 reum.

796 1015 833 1080 Si
855 1023 888 1082 te
910 1015 1109 1100 dissimulas,
1132 1017 1173 1083 de
1196 1039 1260 1103 quo
1283 1017 1344 1084 tibi
1367 1019 1500 1086 crimine
1524 1019 1639 1100 dicam,

881 1117 974 1185 Scire
998 1126 1076 1185 note
1097 1141 1156 1206 pro
1180 1141 1243 1205 quo
1266 1121 1330 1186 huc
1354 1122 1436 1186 situs
1459 1122 1531 1208 ipse
1552 1123 1650 1188 fores.

713 1241 739 1280 ss
797 1220 895 1308 Elige
918 1222 977 1288 sed
999 1223 1077 1308 quid
1100 1244 1179 1309 agas
1202 1231 1236 1289 et
1258 1223 1345 1308 quod
1367 1224 1427 1289 tibi
1450 1246 1588 1311 cumque
1611 1225 1749 1309 videtur,

881 1324 1061 1390 Consilium
1085 1326 1203 1392 melius
1225 1332 1337 1392 mente
1360 1332 1483 1410 teneto,
1506 1349 1631 1414 precor.

796 1426 864 1492 Sed
885 1427 1037 1493 mihimet
1057 1428 1176 1494 melius
1200 1429 1306 1494 visum
1330 1435 1391 1512 est,
1415 1436 1451 1494 ut
1473 1439 1591 1517 sponte
1612 1431 1743 1516 letetur,

880 1530 1040 1617 Quodque
1063 1531 1180 1616 negari
1201 1532 1269 1596 ullo
1293 1552 1359 1597 non
1382 1534 1471 1598 valet
1493 1534 1636 1620 ingenio.

794 1631 894 1704 Nullo
917 1635 981 1700 olio
1005 1655 1160 1721 superare
1183 1633 1279 1700 modo
1302 1640 1381 1721 puto
1404 1635 1562 1722 principis
1584 1638 1666 1702 irem

702 1757 740 1796 roo
882 1737 998 1820 Posse,
1020 1738 1140 1825 probes
1163 1738 1281 1803 uisite
1305 1738 1450 1803 criminis
1474 1759 1548 1805 csse
1569 1761 1672 1806 reum.

794 1842 971 1922 Promittit,
995 1841 1023 1906 si
1046 1846 1079 1906 te
1102 1861 1258 1927 peccasse
1279 1839 1449 1924 fateberis,
1472 1843 1543 1928 ipse

876 1943 1058 2010 Consilium
1082 1943 1206 2009 Caesar
1227 1942 1349 2009 dedere
1372 1944 1458 2010 velle
1481 1944 1551 2010 tibi.

794 2051 879 2117 Nem
901 2050 962 2116 tibi
984 2049 1156 2136 promittit,
1177 2048 1291 2114 redeat
1314 2049 1401 2135 quod
1422 2051 1561 2136 pristina
1582 2051 1696 2133 virtus,

878 2157 1047 2222 Amissum
1068 2162 1106 2220 ut
1127 2155 1236 2242 possis
1259 2176 1371 2220 rursus
1393 2155 1484 2220 adire
1506 2155 1653 2241 gradum.

702 2279 740 2318 ns
796 2259 927 2338 Nescio,
950 2259 1053 2325 freter
1075 2279 1198 2340 amens,
1221 2278 1317 2343 mage
1344 2257 1423 2344 quid
1438 2257 1499 2323 tibi
1522 2259 1666 2326 scribere
1688 2262 1822 2347 possim,

880 2360 963 2426 (lum
987 2361 1053 2426 sint
1075 2361 1157 2426 hacc
1180 2367 1250 2426 tota
1272 2381 1339 2424 non
1361 2360 1422 2426 tibi
1444 2367 1522 2426 nota
1544 2363 1661 2426 minus.

794 2465 884 2532 Luce
908 2465 989 2530 mihi
1011 2485 1130 2550 magna
1152 2473 1189 2529 tu
1211 2465 1290 2529 solis
1314 2465 1420 2530 carior
1443 2471 1537 2530 extas
1548 2465 1570 2544 ¹,

878 2569 945 2650 Nil,
966 2568 1084 2650 fateor,
1107 2568 1195 2654 quod
1216 2589 1323 2634 amem
1346 2573 1379 2632 te
1402 2588 1498 2654 muge
1521 2568 1660 2634 mundus
1683 2568 1792 2636 hebet.

795 2673 1033 2740 Mehtfridum²
1056 2673 1180 2740 crebris
1203 2673 1349 2759 appellat
1371 2672 1510 2758 epistole
1532 2670 1639 2754 dictis,

702 2799 739 2838 no
882 2777 1050 2862 Lectaque
1074 2778 1139 2842 sint
1161 2783 1273 2842 vestra
1293 2775 1395 2840 verba
1415 2775 1604 2861 frequenter
1625 2776 1666 2841 ei.

794 2879 856 2947 Ille
879 2882 967 2948 valet
989 2880 1090 2967 lepsis
1114 2886 1259 2967 optatam
1281 2878 1439 2944 edbibere
1461 2877 1647 2960 medellam,

876 2983 1123 3071 Naufragioquc
1146 2985 1237 3071 pium
1258 2983 1344 3050 ferre
1368 2984 1594 3071 patrocinium.

796 3087 934 3154 Flebilis
958 3089 1117 3154 exhausto
1141 3095 1274 3154 resonet
1295 3089 1352 3152 vix
1374 3089 1518 3154 carmine
1540 3088 1646 3168 Musa,

877 3190 999 3258 Dicere
1023 3191 1100 3278 quid
1123 3193 1229 3279 possit
1251 3213 1317 3257 non
1340 3190 1440 3257 babet
1463 3191 1520 3255 illa
1542 3189 1656 3275 magis.

702 3316 738 3354 ns
798 3292 866 3360 Sed
886 3293 1042 3361 mandare
1064 3294 1187 3381 aliquid
1212 3293 1376 3359 dubitaret
1398 3292 1540 3379 epistola
1561 3298 1681 3371 vestra,

876 3401 1031 3483 Mirabar,
1053 3402 1155 3468 vestri
1177 3423 1235 3466 cur
1256 3400 1337 3465 mihi
1363 3399 1497 3464 servitii.

793 3503 928 3571 Nullum
950 3526 1105 3591 umquam
1128 3505 1324 3590 obsequium
1346 3503 1406 3567 tibi
1429 3523 1514 3583 nam,
1537 3501 1618 3566 mibi
1641 3499 1749 3580 crede,
1772 3495 1912 3582 negabo,

841 3623 842 3626 ’
879 3607 946 3674 Sed
970 3609 1196 3695 quodcumque
1219 3608 1325 3690 iubes,
1348 3608 1421 3695 ipse
1443 3607 1586 3672 libenter
1608 3626 1681 3691 ago.

794 3710 922 3779 Idcirco
946 3713 1033 3778 hunc
1055 3719 1202 3778 nostrum
1224 3712 1360 3776 missum
1384 3709 1563 3775 direximus
1586 3707 1629 3773 ad
1650 3715 1694 3788 te,

702 3837 739 3876 uo
886 3816 1131 3902 Quaecumque,
1155 3821 1192 3880 ut
1213 3815 1360 3896 mandes,
1383 3814 1438 3878 ille
1461 3813 1541 3878 mihi
1563 3812 1693 3879 referet.

795 3918 924 4005 Quique
947 3920 1061 4006 procul
1083 3917 1183 3983 dubio
1207 3917 1286 3992 sotis
1310 3923 1370 3996 est,
1394 3923 1431 3981 ut
1453 3915 1561 3996 credo,
1584 3915 1700 3998 fidelis,

878 4020 980 4086 Cuius
1004 4020 1045 4086 sb
1069 4043 1125 4086 ore
1148 4041 1224 4086 mea
1246 4041 1376 4086 currere
1399 4021 1501 4085 verbe
1522 4019 1624 4084 vides.

793 4123 870 4210 Ipse
895 4124 965 4206 tibi,
989 4145 1212 4209 quaecumque
1231 4144 1338 4208 roges,
1363 4123 1433 4187 sine
1455 4119 1569 4187 frande
1592 4125 1754 4201 recenset,

881 4226 1018 4312 Absque
1041 4224 1116 4292 dolo
1140 4231 1252 4291 nostra
1274 4231 1393 4290 cuncta
1414 4225 1486 4289 vice
1506 4222 1672 4310 expediet.

698 4350 736 4390 irs
794 4330 906 4396 Imber
928 4329 1030 4396 habet
1053 4329 1195 4416 liquidas
1219 4335 1298 4415 quot
1319 4335 1440 4415 guttas,
1462 4329 1595 4394 flumina
1617 4327 1735 4414 pisces,

878 4432 1009 4499 Emittit
1031 4432 1164 4498 frondes
1188 4440 1267 4519 quot
1288 4453 1403 4498 nemus
1426 4430 1543 4496 omne³
1565 4431 1686 4512 virens,

531 4685 566 4740 90
589 4691 656 4743 nolis
675 4692 700 4742 Τ
815 4693 849 4746 94
871 4695 933 4747 huic
960 4695 989 4759 S,
1012 4696 1063 4747 buc
1086 4683 1178 4747 iturG
1304 4691 1338 4744 95
1361 4694 1436 4761 Elige
1453 4695 1475 4745 si
1493 4693 1518 4742 Τ
1603 4690 1706 4759 agesad
1790 4691 1970 4758 quodcumque
1993 4689 2039 4741 tibi
2054 4689 2079 4741 0

428 4770 481 4824 100
489 4776 580 4841 probes
596 4777 619 4828 0
721 4778 772 4832 103
790 4783 847 4833 Non
866 4781 912 4833 tibi
925 4781 978 4832 οΤ
1042 4782 1128 4832 veniat
1145 4779 1246 4846 quous
1348 4777 1398 4831 107
1408 4787 1494 4831 exstas
1510 4779 1535 4828 Τ
1617 4775 1667 4829 109
1685 4776 1876 4842 Metiridan,
1893 4773 2080 4828 MatfredumS

430 4860 524 4926 apellat
537 4862 562 4912 Τ
645 4863 695 4916 110
712 4868 765 4918 sint
781 4867 806 4917 Τ
881 4863 932 4917 112
950 4868 1130 4933 Naufrugoque
1143 4865 1205 4918 GT
1314 4864 1364 4918 113
1382 4865 1558 4918 exhaustroG
1663 4862 1713 4916 115
1730 4864 1833 4931 aliquod
1851 4863 1879 4928 Τ,
1896 4863 1992 4930 aliquid
2009 4879 2077 4914 corr.

369 4997 371 5000 .
427 4946 533 5010 quodid
620 4947 670 5000 117
689 4952 788 5018 negabo
806 4951 891 5004 01110
978 4950 1028 5003 119
1046 4953 1098 5004 buc
1113 4952 1139 5002 Τ
1203 4953 1308 5004 mosum
1326 4953 1477 5004 nostmme
1564 4947 1614 5001 120
1631 4949 1735 5002 mandes
1752 4949 1777 5000 Τ
1859 4947 1909 5000 124
1926 4947 2079 5017 expoliate

430 5029 481 5084 125
499 5034 598 5101 liqudcs
615 5035 640 5085 Τ

530 5205 557 5270 l)
582 5202 663 5277 Vcrp.
682 5207 749 5260 Aea.
769 5207 860 5272 11⁷,31
880 5222 896 5261 o
918 5206 980 5261 luce
996 5205 1086 5279 magis
1103 5205 1207 5261 dilecta
1223 5205 1316 5261 sorori.
1386 5206 1414 5273 2)
1431 5205 1652 5260 Aurelioomscm
1664 5203 1791 5267 conum,
1808 5219 1923 5273 mopnoc
1938 5205 2002 5258 tunc
2013 5219 2080 5257 uac-

426 5303 547 5360 torr'tctic
566 5306 664 5376 cirum,
681 5309 718 5376 cf.
737 5325 807 5378 quoe
824 5309 991 5379 Apobordus
1001 5309 1199 5380 Laedunmsia
1211 5309 1436 5379 archiepiscopus
1453 5309 1479 5363 ci
1495 5307 1608 5377 scripsit
1620 5305 1736 5377 (oppJ,
1748 5307 1823 5376 loll:
1841 5305 1914 5360 Deus
1992 5305 2078 5375 elegit

425 5422 473 5461 vos
491 5410 558 5463 ente
576 5409 673 5464 mundi
691 5411 922 5467 constitutionem
939 5413 1064 5467 futurum
1081 5413 1183 5467 nostris
1202 5411 1364 5482 periculosis
1382 5410 1555 5481 temporibus
1567 5408 1725 5464 ministrum
1738 5407 1913 5479 imperatoris
1926 5409 1954 5461 et
1966 5407 2078 5476 imperii

425 5516 454 5566 et
471 5531 538 5583 prae
556 5514 654 5568 ceteris
673 5515 869 5571 honorificavit
887 5518 916 5570 et
934 5515 1046 5581 ditavit,
1064 5533 1120 5571 nou
1138 5516 1228 5571 solum
1246 5513 1379 5580 exterius,
1397 5530 1494 5568 verum
1512 5511 1598 5567 etiam
1621 5512 1738 5567 interius
1810 5510 2011 5579 constituitque
2027 5526 2078 5566 vos

425 5616 558 5671 inlabere
575 5633 664 5672 rerum
683 5635 818 5672 summam
842 5618 976 5688 regentis,
999 5621 1136 5688 quatenus
1155 5617 1231 5672 etin
1250 5617 1432 5688 dispositione
1453 5615 1605 5684 aequitatis
1623 5615 1666 5670 illi
1689 5615 1785 5670 essetis
1807 5613 1974 5682 suffragator
1995 5614 2024 5665 et
2047 5613 2077 5666 in

424 5721 647 5774 remuneratione
666 5721 850 5775 beatitudinis
870 5721 1019 5791 particeps.
1097 5721 1125 5787 3)
1147 5721 1195 5775 Oc.
1215 5720 1295 5774 Fosi.
1313 5718 1367 5785 IV,
1387 5719 1437 5773 104
1454 5735 1552 5772 neruus
1571 5737 1659 5774 omne.
