4694 6428
758 403 847 462 VITA
865 401 996 463 SANCTI
1016 402 1264 463 WILLIBRORDI
1283 406 1312 461 L.
1326 403 1360 463 Π.

651 581 721 646 Iam
744 582 855 647 miseri
878 583 995 668 pannis
1018 582 1130 647 vestiti
1154 588 1188 647 et
1208 582 1303 669 panis
1327 582 1440 667 egeni:

650 683 738 756 Quos
761 685 835 770 pius
858 691 896 749 ut
917 685 999 749 vidit
1020 692 1128 749 motus
1151 686 1274 771 pietate
1298 684 1466 751 sacerdos:

652 786 761 850 ‘Ferte
784 787 912 866 meam’,
936 786 1029 863 dixit,
1053 787 1251 868 ‘flasconem
1274 787 1357 852 ferte
1380 789 1533 868 ministri,

585 913 595 948 1
653 888 697 953 Et
718 889 855 953 miscete
878 889 957 953 viris
979 890 1082 953 illam:
1104 889 1291 954 benedictio
1315 889 1437 954 Christi

651 991 810 1056 Sufficere
833 993 867 1056 in
890 999 976 1057 totos
999 993 1097 1057 faciat
1119 994 1314 1079 largissima,
1341 994 1459 1060 credo'.

650 1095 761 1160 Turba
782 1095 919 1160 bibebat
942 1116 1043 1160 ovans
1066 1102 1221 1180 quantum
1245 1097 1308 1162 sibi
1330 1099 1468 1183 quisque
1496 1097 1637 1179 volebat,

649 1198 767 1263 Flasco
790 1204 901 1263 tamen
922 1197 1029 1262 fuerat
1050 1199 1180 1262 meliori
1201 1200 1300 1284 plena
1322 1200 1458 1268 falerno.

565 1322 650 1365 1111111.
716 1301 862 1366 Venerat
884 1299 926 1365 ad
950 1299 1111 1385 quandam
1135 1303 1272 1365 cellam¹
1295 1304 1493 1368 venerabilis
1516 1303 1648 1388 hospes.

652 1404 812 1470 Omnibus
836 1404 996 1469 eeclesiae
1020 1403 1118 1469 rebus
1140 1405 1205 1468 iam
1227 1406 1289 1470 rite
1312 1408 1465 1492 peractis,

651 1508 822 1573 Fratribus
846 1514 880 1572 et
903 1508 999 1572 solito
1023 1507 1177 1572 mandata
1198 1529 1288 1574 more
1313 1511 1428 1586 salute,

652 1611 770 1677 Omnia
792 1611 995 1698 perspiciens
1020 1631 1131 1676 sacrae
1155 1611 1271 1676 sedilia
1294 1613 1415 1687 cellae3

582 1739 594 1776 s
651 1714 845 1800 Ingrediens
868 1715 967 1779 etiam
991 1716 1089 1780 sociis
1112 1717 1246 1781 cellaria
1267 1719 1393 1803 paucis,

651 1818 691 1882 In
714 1840 779 1904 qua
801 1820 872 1882 sola
892 1839 1007 1904 parum
1030 1819 1098 1882 vini
1119 1819 1177 1881 vix
1198 1826 1301 1883 tunna
1322 1819 1467 1900 tenebat,

650 1921 755 1995 Quam
779 1922 900 1988 Christi
923 1920 1063 1986 famulus
1085 1922 1202 1986 baculo
1227 1922 1398 1988 benedixit
1425 1923 1575 1995 honeste,

651 2025 757 2099 Quem
780 2026 929 2091 manibus
954 2046 1083 2110 semper
1106 2033 1237 2090 sanctus
1260 2033 1391 2112 portare
1416 2024 1554 2090 uolebat.

650 2129 755 2194 Nocte
778 2135 937 2214 sequente
960 2149 1087 2193 mamm
1111 2128 1169 2193 sed
1192 2150 1279 2210 mox,
1302 2128 1451 2192 mirabile
1475 2126 1574 2205 dictu,

570 2256 595 2292 ro
652 2232 749 2296 Solus
772 2233 805 2295 in
828 2231 909 2296 aede
933 2252 1069 2296 manens
1094 2233 1262 2297 servator²
1285 2253 1432 2297 crescere
1456 2229 1546 2310 uidit,

650 2335 765 2400 Donec
787 2335 942 2399 mellifluo
966 2336 1130 2420 completa
1153 2342 1203 2400 est
1225 2342 1357 2400 nectare
1380 2341 1491 2400 tunna.

649 2437 724 2502 Hoc
747 2438 854 2502 laetus
877 2437 989 2502 retulit
1011 2437 1197 2502 venerando
1221 2439 1306 2523 patri
1330 2438 1475 2513 silenter,

652 2540 714 2606 Cui
736 2542 810 2627 pius
832 2542 970 2605 antistes
992 2540 1128 2606 dederat
1150 2547 1325 2627 praecepta
1347 2539 1476 2605 tacendi

650 2644 764 2730 Usque
787 2644 874 2709 diem
897 2645 1021 2720 mortis,
1045 2645 1159 2708 nolens
1177 2643 1238 2708 sibi
1259 2665 1417 2730 quaerere
1433 2642 1574 2708 laudem.

585 2769 650 2814 xix.
715 2748 776 2812 Vir
797 2747 858 2812 fuit
882 2748 914 2811 in
937 2749 1057 2834 populo
1081 2749 1191 2834 largus
1214 2749 1426 2834 pergentibus
1442 2748 1574 2833 hospes,

651 2852 792 2937 Saepius
815 2851 994 2936 hospitium
1018 2853 1110 2916 cuius
1134 2853 1256 2917 intrare
1280 2851 1408 2917 solebat

649 2954 812 3040 Egregius
835 2955 978 3040 praesul,
1002 2963 1112 3040 partes
1136 2955 1212 3020 dum
1235 2955 1381 3020 venitin
1404 2955 1487 3019 illas.

651 3057 738 3122 Ecce
762 3057 815 3122 die
838 3057 978 3142 quadam
1003 3058 1150 3128 veniens,
1174 3059 1219 3121 nil
1242 3058 1410 3142 praescius
1433 3061 1509 3121 ante

581 3183 593 3220 1
650 3160 712 3224 Vir
734 3161 795 3225 fuit
818 3161 996 3234 adrentus3
1021 3168 1219 3248 quapropter
1240 3162 1361 3246 pocula
1383 3161 1449 3225 vini

649 3263 724 3327 Non
746 3263 862 3328 habuit
880 3263 959 3327 'caro
983 3265 1137 3328 veniente
1161 3269 1298 3350 repente
1322 3265 1487 3349 magistro.
1565 3323 1567 3325 ,

650 3367 724 3431 Hoc
747 3373 841 3453 pater
862 3387 1057 3452 agnoscens,
1081 3368 1177 3432 iussit
1200 3368 1264 3432 sibi
1286 3368 1373 3433 ferre
1389 3373 1574 3452 quaternas,

651 3470 716 3534 Per
738 3470 810 3534 loca
833 3491 914 3554 quas
936 3469 1030 3554 pueri
1054 3489 1166 3534 secum
1188 3476 1319 3554 portare
1343 3469 1504 3545 solebant,

651 3571 831 3637 Flascones
852 3573 975 3658 pariter
997 3571 1174 3650 modicas³,
1205 3571 1377 3637 benedixit
1398 3579 1432 3636 et
1454 3571 1573 3655 inquit:

573 3699 597 3736 ιο
656 3675 762 3740 ‘Nune
785 3677 923 3741 miscete
947 3676 1003 3739 citi
1026 3674 1131 3755 nobie,
1155 3674 1339 3740 benedictio
1363 3674 1486 3740 Christi

650 3779 798 3865 Augebit
820 3781 942 3859 vinum,
966 3778 1075 3859 oredo,
1098 3779 1223 3864 pietate
1246 3778 1408 3863 benigna’.

651 3880 705 3945 Sic
728 3881 790 3946 fuit
812 3888 846 3947 et
867 3880 998 3956 sactum,
1022 3880 1086 3944 iarn
1109 3880 1161 3944 bis
1185 3880 1281 3945 simul
1304 3901 1381 3945 eece
1404 3878 1510 3944 viceni

649 3984 798 4070 Namque
822 3983 914 4049 fuere
937 3983 999 4047 uiri
1022 3984 1189 4064 convivae,
1213 3984 1288 4048 rina
1309 3982 1471 4048 bibentes.

651 4086 779 4152 Sufficit
801 4087 852 4151 his
876 4087 999 4153 Christi
1021 4109 1080 4173 per
1102 4086 1223 4152 donum
1244 4087 1334 4174 potio
1358 4086 1496 4151 cunctis.

594 4211 647 4256 xx.
713 4190 837 4255 Lassus
862 4191 925 4255 iter
947 4189 1069 4254 domini
1092 4191 1233 4256 famulus
1256 4190 1399 4256 faciebat
1421 4199 1576 4272 amatum,

648 4293 812 4358 Imbribus
835 4294 991 4358 aetheriis
1014 4295 1149 4380 cupiens
1172 4302 1243 4359 sata
1264 4297 1332 4361 lata
1352 4297 1470 4382 rigare.

650 4398 751 4463 Prata
771 4399 846 4483 pius
869 4399 1001 4482 praesul
1024 4397 1194 4463 cuiusdam
1218 4398 1327 4463 divitis
1350 4399 1459 4482 intrat,

651 4501 733 4566 Cum
757 4501 855 4566 sociis
878 4499 1041 4565 modicum
1063 4501 1160 4566 lassis
1184 4502 1390 4587 requiescere
1414 4511 1553 4591 tempus.

343 4664 549 4670 --.-—-——--
561 4664 565 4668 ,
575 4663 637 4667 .-,.-
657 4660 946 4666 --—--—-—.--—-—
956 4659 1170 4666 -—--.-—.-—
1178 4661 1523 4669 -——..------..........
1531 4663 1647 4668 ——---
1677 4663 1782 4670 ---.-.-«

334 4763 352 4815 2
378 4766 486 4816 NamC
588 4760 606 4813 4
632 4765 770 4814 flasconem
797 4763 862 4813 dixit
882 4761 915 4810 W
1013 4760 1031 4812 5
1053 4762 1199 4814 misceteC
1267 4763 1341 4815 illum
1358 4763 1389 4813 W
1488 4762 1598 4816 sociat
1620 4782 1687 4816 corr.
1710 4767 1738 4817 in
1756 4767 1831 4818 t'aciet
1856 4767 1888 4817 W

231 4851 372 4918 largissime
393 4851 416 4901 θ
486 4847 679 4900 ‘duolebantG
783 4847 794 4911 Η
816 4844 895 4912 [111111]
913 4844 1249 4900 3mandatam-sslutem
1265 4849 1298 4898 W
1395 4849 1412 4901 4
1431 4853 1560 4917 perspexit
1582 4851 1608 4901 U
1707 4850 1887 4919 ὅραι-11111110

231 4946 310 4989 tonna
333 4937 359 4988 U
457 4934 474 4987 9
497 4938 603 4987 Noctem
626 4943 775 5001 sequentem
796 4934 828 4982 W
937 4931 968 4982 11
986 4941 1065 4985 tonna
1082 4933 1107 4983 U
1205 4933 1238 4985 12
1256 4937 1344 4987 retulit
1361 4937 1409 4988 hoe
1427 4938 1515 4988 furtim
1534 4938 1601 4989 letus
1617 4939 1683 5006 patri
1701 4940 1847 4991 uenerando
1864 4938 1890 4989 U

231 5023 340 5091 patreG
428 5019 604 5073 13tacenti0
690 5019 724 5072 14
741 5021 882 5086 querersG
997 5019 1008 5084 ii
1028 5017 1095 5087 [xlx]
1116 5020 1129 5071 l
1148 5039 1193 5089 pro
1210 5023 1332 5088 gentihus
1355 5022 1380 5071 U
1479 5021 1639 5090 asapius&
1741 5023 1888 5078 duenitU

232 5107 250 5160 5
275 5109 388 5176 prescius
409 5107 433 5160 θ
564 5105 581 5157 9
599 5107 736 5158 Flosconss
756 5108 787 5168 G,
809 5108 933 5158 flascorns
956 5107 982 5156 U
1107 5106 1311 5160 remisceatur
1328 5110 1402 5160 nobis
1422 5110 1445 5160 C
1571 5106 1604 5160 12
1621 5112 1718 5162 tactum
1734 5113 1819 5162 forsan
1836 5112 1886 5162 iam

211 5196 271 5268 ¹hio
289 5211 348 5246 ecce
363 5194 400 5259 W,
419 5197 488 5245 factu
506 5195 591 5245 forsan
609 5193 699 5244 iambis
717 5209 776 5244 eece
788 5193 818 5252 d,
837 5194 932 5243 facturn
951 5193 1044 5259 uiginti
1063 5193 1103 5243 bis
1120 5194 1205 5244 satiati
1228 5193 1253 5242 {J
1353 5191 1386 5244 13
1404 5195 1475 5245 hidre
1495 5194 1518 5244 (ι’
1629 5205 1691 5247 sunt
1707 5197 1743 5248 ibi
1760 5197 1886 5248 conuiuae

231 5283 262 5333 de
284 5283 346 5332 uino
369 5281 479 5346 presulis
501 5281 561 5331 abui
592 5279 618 5328 U
737 5279 748 5344 ΙΙ
774 5277 832 5346 [xx]
853 5278 866 5329 l
887 5296 977 5346 passus
1000 5279 1026 5329 U
1134 5276 1272 5332 2athsriis
1294 5280 1317 5329 G
1419 5279 1565 5346 3nequam
1583 5289 1655 5348 prata
1680 5280 1705 5331 U
1771 5283 1843 5348 prius
1857 5281 1891 5330 W

231 5369 332 5434 praesul
350 5383 399 5416 om.
417 5365 442 5414 U
539 5364 558 5416 4
575 5366 667 5416 hamur
684 5367 716 5416 W

338 5502 365 5568 1)
393 5500 414 5554 Ι
437 5515 460 5554 c.
485 5501 519 5554 18
540 5499 576 5554 ad
601 5517 680 5554 auum
710 5500 844 5555 visitandi
875 5499 968 5569 gratia
994 5499 1191 5554 monasterium
1224 5501 1292 5566 (scit.
1325 5499 1554 5569 Epternacense).
1656 5503 1684 5570 2)
1716 5502 1886 5558 saumarius.

233 5605 260 5671 3)
278 5604 336 5658 Ic.
350 5603 383 5658 19
410 5603 550 5668 Quattuor
571 5601 694 5656 modicas
717 5603 862 5668 flascones,
891 5620 960 5671 quas
988 5606 1100 5656 tantum
1128 5603 1158 5657 in
1184 5602 1293 5658 itineris
1321 5602 1453 5657 solacium
1480 5618 1571 5657 secum
1595 5603 1638 5656 sni
1661 5605 1729 5660 socii
1752 5605 1888 5672 ferebant,

231 5709 314 5763 iussit
332 5707 432 5764 afferri.
