4628 6428
745 397 915 452 KAROLUS
933 398 1085 453 MAGNUS
1104 398 1150 452 ET
1172 399 1239 453 LEO
1260 399 1363 453 ΡΑΡΑ.

600 572 821 659 Optatumque
845 571 955 636 vident
978 573 1080 658 legati
1104 595 1123 637 a
1149 580 1259 638 monte
1284 575 1462 647 theatrum;

596 678 737 742 Tristior
759 679 899 743 occurrit
922 678 1118 763 vulgataque
1144 679 1231 743 lama
1252 685 1400 766 repente,

500 802 539 840 sa
596 782 725 847 Lumen
748 783 966 869 apostolicum
991 782 1115 846 crudeli
1139 783 1255 848 sunere
1278 784 1385 869 plagia

596 888 800 952 Occubuisse
823 889 917 964 feris3
941 908 1016 952 nam
1040 909 1176 973 serpens
1200 909 1321 952 saevus
1345 895 1378 954 et
1403 894 1508 968 atrox,

498 1029 500 1032 ·
597 991 661 1064 Qui
685 994 769 1057 solet
791 993 961 1056 unanimes
984 993 1073 1057 bello
1098 993 1302 1056 committere
1325 994 1443 1058 fratres
1458 995 1479 1075 ²,

598 1095 731 1161 Semina
752 1097 900 1184 pestiferi
923 1098 1046 1160 iactare
1069 1095 1218 1159 nocenda
1242 1098 1371 1178 veneni,

600 1200 710 1266 Suasit
734 1203 767 1266 in
789 1203 965 1266 innocuum
989 1201 1131 1265 caecatis
1155 1201 1321 1265 mentibus
1345 1223 1457 1266 omnes

597 1304 742 1382 Saevire,
766 1313 799 1369 et
821 1305 961 1368 famulos
984 1303 1151 1368 dominum
1174 1304 1337 1369 trucidare
1361 1311 1539 1391 potentem.

530 1407 1442 1493 ‚ffiwmmmwmmfflfflmm;

596 1513 695 1577 Virus
718 1513 912 1598 pestiferum
935 1512 1086 1597 concepit
1108 1517 1225 1596 pectus
1250 1511 1405 1576 anhelum
1416 1511 1438 1574 ².

596 1617 737 1681 Insidias
761 1637 902 1703 posuere
928 1616 996 1678 viro
1021 1623 1224 1699 mortemque
1248 1615 1407 1702 parabant
1483 1609 1486 1616 ’

597 1720 725 1784 Insonti
748 1721 940 1804 tristemque
965 1740 1095 1794 necom;
1118 1719 1213 1804 plebs
1237 1720 1338 1804 impia
1361 1720 1436 1783 telis

502 1849 505 1858 ⁴
529 1849 539 1884 s
597 1824 768 1887 Pastorem
791 1825 823 1886 in
847 1823 1014 1909 proprium
1039 1844 1179 1906 seseque
1204 1824 1342 1886 armavit
1364 1823 1494 1908 iniquis.

595 1927 682 1991 Dum
707 1928 838 1991 solitum
862 1928 1035 1990 transisset
1060 1928 1122 1991 iter
1143 1928 1212 1991 Leo
1237 1949 1323 2013 papa
1346 1928 1518 2012 benignus,

596 2032 640 2095 Et
663 2053 756 2095 sacra
777 2032 934 2096 Laurenti
958 2038 1086 2117 peteret
1109 2031 1192 2118 pade
1217 2033 1331 2096 limina
1353 2033 1466 2112 sancti,

596 2136 696 2199 Plebs
716 2134 850 2200 demens
866 2137 1073 2221 populusque
1090 2157 1216 2216 vecors,
1239 2137 1325 2200 male
1347 2158 1427 2200 sana
1441 2135 1626 2216 iuventus³,

594 2237 752 2303 Fnstibus
776 2246 809 2304 et
832 2238 961 2324 gladiis,
986 2238 1117 2302 nudatis
1141 2239 1286 2318 ensibus,
1311 2240 1416 2302 omnis

596 2342 702 2405 Inruit
724 2343 757 2406 in
781 2363 943 2406 summum
965 2349 1131 2428 pastorem
1154 2342 1251 2406 turba
1273 2343 1423 2422 tumultu,

598 2445 706 2509 Caeca
727 2445 850 2524 furens,
874 2444 983 2509 subito
1006 2444 1086 2509 diris
1110 2445 1270 2510 commota
1294 2446 1459 2531 procellis.

598 2550 697 2613 Sacra
721 2548 901 2613 sacerdotis
925 2548 1099 2633 torquebat
1121 2549 1270 2613 membro
1292 2549 1443 2632 flagellis,

596 2654 703 2718 Unius
727 2654 759 2717 in
783 2674 895 2717 casum
916 2654 1091 2717 multorum
1115 2654 1221 2717 saevit
1242 2655 1368 2728 biatus;

596 2757 774 2822 Camifices
797 2757 946 2841 geminae
970 2762 1141 2822 traxerunt
1164 2758 1271 2821 fronte
1295 2757 1471 2836 fenestrae,

528 2883 539 2918 s
595 2859 639 2923 Et
662 2860 803 2923 celerem
826 2857 1000 2922 abscidunt
1022 2859 1165 2922 lacerato
1190 2879 1326 2944 corpore
1350 2860 1530 2943 linguam4.

595 2963 788 3027 Pontificem
812 2970 939 3026 tantum
963 2984 1036 3027 sese
1062 2963 1245 3027 extinxisse
1269 2963 1405 3049 putabat

594 3066 694 3130 Plebs
719 3068 842 3152 pietate
866 3087 981 3130 carens
1004 3067 1148 3152 atrisque
1172 3067 1295 3132 infecta
1318 3068 1471 3144 venenia;

597 3169 663 3234 Sed
687 3191 801 3234 manus
826 3171 912 3234 alma
934 3172 1036 3256 patris
1061 3172 1164 3235 oculis
1188 3171 1405 3236 medicamina
1428 3171 1589 3258 ademptis

598 3273 726 3337 Obtulit
749 3281 847 3358 atque
870 3294 955 3337 novo
978 3275 1143 3359 reparavit
1165 3276 1287 3339 lumine
1311 3276 1448 3340 vultum.

515 3402 525 3439 r
597 3378 664 3444 Ora
686 3379 880 3465 peregrinos
905 3385 1101 3464 stupuerunt
1122 3381 1246 3465 pallida
1268 3382 1369 3456 visus,

597 3481 752 3567 Explicat
775 3488 808 3545 et
832 3483 971 3545 celerem
995 3488 1208 3566 truncataque
1232 3484 1344 3568 lingna
1367 3482 1553 3567 loquellam.

598 3585 680 3649 (lum
704 3586 802 3649 sociis
826 3606 964 3668 magnus
987 3587 1100 3671 paucis
1123 3585 1208 3670 fugit
1230 3586 1305 3650 inde
1331 3585 1501 3658 sacerdos;

600 3689 691 3752 Olam
714 3695 828 3774 petere
853 3688 1011 3751 auxilium
1036 3687 1233 3772 Spulitinam
1256 3689 1361 3753 tendit
1384 3688 1426 3752 ad
1447 3688 1595 3755 urbem³.

597 3792 628 3856 A
651 3792 733 3857 duce
758 3814 830 3855 eum
852 3813 971 3875 magno
994 3792 1029 3855 fit
1052 3791 1105 3855 hio
1129 3799 1303 3879 susceptus
1327 3792 1450 3856 honore

517 3918 527 3954 r
594 3897 760 3981 Winigiso
784 3903 817 3961 et
840 3896 951 3960 multis
977 3897 1161 3960 cumulatus
1184 3898 1218 3960 in
1242 3896 1356 3962 ordine
1381 3895 1486 3961 donis.

598 3999 702 4065 Audit
723 4000 854 4065 Italiam
877 4000 997 4064 missos
1019 4001 1152 4064 venisse
1175 3998 1291 4064 fideles

598 4104 808 4184 Francorum,
833 4111 866 4168 et
890 4104 1021 4168 solitam
1043 4104 1200 4168 Romanis
1224 4104 1309 4168 ferre
1335 4105 1474 4168 salutem

599 4209 673 4273 Non
696 4210 850 4287 voluisse,
876 4231 969 4288 suum
993 4209 1147 4294 quoniam
1171 4209 1241 4273 sine
1266 4210 1362 4296 culpa
1384 4213 1553 4295 potentem

600 4312 776 4400 Suppliciis
800 4312 967 4376 dominnm
989 4313 1190 4377 cruciassent
1201 4313 1224 4376 ⁶.
1269 4313 1349 4377 Mox
1372 4310 1563 4376 manifestos

504 4416 1428 4501 mlfflmmmmmoeffimfflmmffi

600 4519 720 4606 Incipit
742 4559 784 4567 —
808 4526 841 4584 ct
864 4525 1014 4583 truncata
1035 4519 1127 4583 brevi
1151 4519 1235 4583 inira
1258 4519 1369 4604 lingna
1392 4518 1536 4603 palatum

338 4791 389 4845 358
407 4796 556 4860 uechrosT,
574 4815 662 4848 vecors
688 4798 772 4848 (bais.
877 4795 930 4847 365
946 4798 1103 4864 abscindunt
1118 4799 1142 4847 T
1206 4794 1258 4848 372
1276 4797 1347 4848 sotiis
1367 4795 1392 4845 T
1490 4791 1541 4844 381
1559 4793 1645 4860 pulatu
1662 4792 1687 4842 T

339 4982 365 5048 1)
391 4985 458 5035 Aen.
490 4985 551 5048 VII,
563 4983 614 5034 335
644 4982 687 5034 Tu
711 4985 790 5050 potes
818 4982 964 5035 unanimos
986 5001 1094 5038 amrare
1116 4984 1146 5038 in
1170 4983 1276 5052 proelia
1297 4985 1402 5036 fratres.
1489 4983 1516 5048 2)
1534 4981 1571 5035 ib.
1596 4983 1640 5048 VI,
1662 4981 1697 5034 48
1719 4981 1766 5034 scd
1791 4985 1888 5051 pectus

235 5083 373 5136 anhelum.
470 5086 497 5152 3)
523 5086 559 5138 ic.
579 5085 665 5150 1128
687 5085 759 5137 orale
783 5101 850 5137 sarna
868 5101 995 5138 sororem.
1076 5087 1104 5152 4)
1128 5091 1200 5139 Arra.
1219 5087 1399 5140 Luareslrom.
1418 5059 1468 5139 799
1485 5083 1605 5138 Romani
1628 5084 1889 5154 conprehenderunt

235 5185 369 5239 domnum
394 5189 577 5256 apostolicum
605 5187 724 5242 Leonem
747 5187 776 5239 in
800 5187 874 5256 ipsas
898 5187 1048 5251 laetanias,
1073 5189 1147 5256 quod
1166 5190 1208 5242 est
1227 5188 1287 5243 Vll.
1306 5189 1367 5241 Kal.
1386 5188 1488 5250 Maias,
1514 5190 1543 5241 et
1565 5186 1744 5240 absciderunt
1760 5186 1888 5256 linguam

235 5293 302 5358 eius,
322 5296 350 5346 ct
368 5294 517 5348 voluerunt
535 5311 630 5349 eruere
648 5293 741 5347 oculos
760 5293 818 5346 eius
838 5295 866 5346 et
880 5311 944 5346 eum
959 5293 1041 5346 nromi
1060 5293 1177 5347 tmdere.
1236 5294 1263 5360 5)
1275 5294 1348 5347 Ana.
1362 5291 1489 5345 Marias.
1507 5292 1571 5345 arai.
1585 5290 1634 5344 799
1647 5289 1700 5355 Qui
1718 5289 1749 5343 in
1761 5289 1889 5346 custodia

234 5396 333 5449 missus
356 5399 437 5451 nocte
459 5415 508 5466 per
531 5415 639 5450 murum
664 5396 753 5450 evasit
777 5398 806 5449 et
833 5395 870 5448 ad
896 5395 1004 5464 legatos
1028 5395 1123 5449 domni
1145 5396 1231 5466 regis,
1258 5397 1307 5466 qui
1331 5399 1399 5450 tunc
1422 5394 1499 5464 apud
1521 5394 1666 5448 basilicam
1696 5393 1786 5449 sancti
1812 5393 1889 5448 Petri

235 5504 329 5570 curat,
355 5501 523 5555 Wirundum
550 5501 608 5555 scil.
626 5499 769 5564 abbatem,
791 5503 820 5553 et
841 5498 1013 5568 Winigisum
1041 5499 1211 5569 Spolitinum
1238 5501 1336 5554 ducem
1363 5498 1477 5553 veniens
1499 5499 1654 5568 Spoletium
1678 5500 1720 5552 est
1741 5497 1888 5561 deductum

235 5605 362 5658 Lauriss.
387 5605 452 5658 aria.
477 5605 512 5658 ad
532 5604 702 5674 Winigisnm
727 5603 824 5658 ducem
843 5603 1033 5674 Spolitanum,
1055 5603 1105 5671 qui
1128 5603 1201 5658 eirea
1226 5603 1322 5658 urbem
1346 5621 1408 5657 cum
1431 5603 1554 5658 exercitu
1573 5602 1735 5656 consederat
1752 5601 1889 5672 pervenit.

235 5707 453 5778 fflfflaffl
