4612 6414
831 403 879 455 AD
899 401 1063 457 AIULFUM
1084 403 1296 459 EPlSCOPUM.

610 574 664 639 Sic
689 583 760 639 sata
782 576 977 661 promittunt
998 576 1158 641 fecundae
1182 579 1330 663 praemia
1352 580 1479 658 messis,

528 699 552 736 m
699 678 753 743 Sic
776 681 860 744 tauri
883 681 916 744 in
939 681 1042 744 ritulo
1067 681 1171 746 forma
1195 688 1287 767 patet
1309 689 1433 750 tenero.

609 782 774 868 Ingenuus
798 789 886 848 artes
909 783 1053 847 studium
1075 784 1137 847 tibi
1160 783 1290 849 discere
1314 785 1446 850 tandem

692 885 823 962 Extitit,
848 893 881 950 et
904 887 1027 950 cultum
1050 887 1101 951 his
1125 895 1241 972 pectus
1265 888 1388 953 habere
1413 890 1502 954 satis.

608 990 653 1052 At
675 1011 761 1053 nunc
784 988 886 1053 divini
909 989 969 1054 tibi
993 989 1123 1055 tradere
1149 989 1304 1075 dogmata
1326 990 1418 1055 verbi

690 1090 752 1155 Est
775 1091 877 1172 labor,
901 1100 934 1157 et
955 1093 1086 1179 populis
1110 1095 1180 1158 iura
1203 1094 1328 1159 referre
1351 1094 1429 1180 poli.

528 1215 551 1252 rs
610 1192 675 1286 Qui
697 1200 774 1258 tunc
797 1197 1010 1280 grammatico
1035 1197 1188 1262 sumebas
1213 1197 1333 1282 poeula
1355 1197 1456 1278 fonte,
1550 1221 1553 1226 ’

692 1297 868 1366 Ambrosio
891 1307 1019 1364 mentes
1044 1321 1129 1364 nnnc
1153 1301 1239 1366 bene
1265 1323 1336 1367 rore
1361 1303 1459 1388 rigas.

608 1398 730 1466 Vivere
755 1407 787 1466 te
813 1408 935 1482 sancte,
960 1424 1071 1468 rumor
1093 1402 1254 1490 dispergit
1276 1406 1408 1490 ubique,

690 1503 812 1589 Magna
835 1526 894 1591 per
919 1527 975 1569 orn
997 1507 1102 1570 virum
1128 1513 1181 1570 sat
1204 1515 1261 1571 tua
1283 1503 1370 1572 lama
1393 1509 1490 1572 volat.

609 1606 734 1672 Cuncta
756 1608 828 1694 quis
852 1609 1008 1694 expediet
1030 1608 1134 1674 laudis
1158 1612 1332 1697 praeconia
1353 1618 1493 1690 vestrae,

526 1729 552 1768 eo
697 1709 789 1783 Quae
813 1711 1034 1796 Sintegaudus
1058 1714 1120 1777 iste
1149 1713 1272 1778 referre
1297 1715 1402 1778 solet?

610 1811 842 1898 Sintegaudus,
866 1815 922 1878 ubi
945 1815 1092 1900 probitas
1117 1837 1305 1902 verumque,
1330 1816 1477 1901 fidesque

641 1963 642 1966 κ
688 1915 732 1980 Et
754 1917 842 1982 bona
865 1925 983 1982 cuncta
1005 1918 1102 1982 simul
1126 1920 1309 1984 consotiata-
1331 1927 1474 1984 manent.
1565 1985 1567 1988 ,

608 2018 705 2084 Hune
728 2019 809 2085 dens
835 2028 868 2086 et
891 2022 1039 2109 probitas
1063 2023 1150 2086 vitae
1175 2031 1272 2108 atque
1298 2023 1417 2088 electio
1440 2024 1576 2087 fratrum

690 2123 896 2190 Praetulerat
920 2133 1044 2206 sancto,
1068 2147 1120 2190 me
1144 2127 1321 2208 mediante,
1345 2127 1448 2213 gregi.

525 2246 551 2285 rr
610 2225 675 2291 Sed
699 2227 785 2292 male
808 2228 892 2292 livor
914 2228 1027 2308 edaxl,
1052 2228 1157 2310 dolus,
1181 2237 1214 2294 et
1236 2230 1380 2316 pellacia
1401 2230 1502 2294 fallax

692 2331 862 2396 Praesulis
887 2354 906 2396 a
929 2333 1060 2417 propria
1083 2333 1162 2398 sede
1186 2334 1326 2398 removit
1349 2354 1434 2398 eum.

607 2433 669 2498 Est
690 2433 771 2498 deus
795 2435 828 2498 in
852 2436 954 2511 eaelo,
978 2437 1110 2521 proprio
1135 2436 1220 2501 hnno
1246 2437 1300 2521 qui
1326 2435 1441 2500 reddat
1465 2437 1553 2517 ovili,

690 2539 776 2605 (lura
797 2541 841 2605 sit
862 2547 899 2604 nt
920 2541 1053 2626 proprii,
1077 2563 1159 2626 quae
1182 2541 1244 2605 fuit
1266 2548 1352 2622 ante,
1375 2541 1494 2626 gregis.

608 2629 672 2708 Hic
695 2643 736 2709 de
759 2650 852 2730 parte
876 2645 951 2708 tulit
973 2651 1084 2708 restra
1107 2645 1186 2709 mihi
1209 2645 1312 2709 verba
1333 2645 1486 2730 benigna,

525 2768 551 2806 ao
696 2747 740 2811 Et
762 2747 842 2811 mihi
863 2755 1077 2834 praesentem
1102 2755 1135 2813 te
1159 2749 1248 2813 dedit
1271 2770 1326 2812 ore
1351 2769 1420 2813 sno.

611 2851 699 2914 Dum
722 2850 808 2915 bona
831 2858 941 2915 vestra
965 2852 1044 2916 mihi
1067 2860 1187 2932 narrat,
1210 2873 1262 2916 me
1286 2853 1435 2938 perfovet
1458 2873 1603 2937 aegrum,

692 2954 831 3018 Actibus
855 2975 959 3038 aeque
984 2956 1049 3019 tuis
1074 2977 1167 3020 mens
1190 2977 1264 3020 mea
1286 2957 1374 3020 laeta
1396 2954 1532 3020 manet².

606 3057 671 3122 Hic
694 3058 766 3122 vice
790 3079 843 3122 res
868 3056 979 3122 studet
1002 3080 1021 3120 s
1044 3058 1138 3123 nobis
1161 3059 1223 3123 hac
1246 3079 1403 3142 quaerere
1427 3058 1593 3144 quasdam,

648 3231 649 3240 ,
689 3160 820 3239 Vestra,
845 3166 879 3224 et
900 3182 1095 3246 responsum
1120 3163 1206 3248 quod
1228 3163 1289 3227 tibi
1311 3171 1421 3249 portet
1442 3163 1552 3228 habet.

523 3285 548 3322 aa
609 3263 735 3328 Retulit
758 3264 814 3328 ille
838 3263 918 3328 mihi
943 3264 1163 3350 studiumque,
1186 3266 1364 3352 decusque,
1387 3267 1594 3354 modumque,

685 3370 758 3443 Quo
781 3369 873 3434 vehis
898 3371 997 3435 officii
1020 3370 1167 3457 pondera
1189 3371 1289 3457 digna
1310 3373 1370 3436 tui.

607 3471 757 3544 Qualiter
780 3473 942 3559 exemplis
966 3480 1000 3538 et
1023 3473 1133 3539 verbis
1156 3473 1242 3537 ferre
1267 3473 1418 3538 ducatum

688 3575 763 3639 Non
787 3598 898 3641 cessas
921 3578 1052 3664 populis
1076 3577 1117 3642 ad
1139 3578 1194 3664 pia
1216 3597 1319 3662 regna
1341 3577 1419 3662 poli.

608 3681 654 3745 Es
678 3682 763 3745 bona
785 3703 905 3766 magna
927 3704 1059 3767 gerens,
1082 3691 1119 3746 ut
1142 3704 1221 3767 agas
1245 3682 1379 3762 maiora,
1402 3701 1584 3767 precamur,

525 3806 550 3844 ro
692 3785 874 3864 Poscimus,
897 3792 1040 3870 optatam
1064 3793 1101 3851 nt
1123 3785 1179 3851 det
1202 3786 1263 3851 tibi
1286 3784 1436 3849 Christus
1461 3783 1583 3870 opom³.

608 3888 690 3953 Sunt
713 3890 866 3976 exempla
887 3890 946 3953 tibi
971 3896 1100 3974 patrum
1125 3888 1282 3954 sectanda
1304 3890 1459 3975 priorum,

662 4055 668 4078 Ἴ,
690 3992 853 4080 Exemplo
877 4001 910 4059 et
933 3995 1043 4060 verbis
1066 4001 1103 4059 nt
1125 3995 1263 4060 doceare
1288 3994 1366 4070 suis,

610 4098 654 4162 Et
676 4105 733 4161 tna
756 4099 917 4162 continuis
942 4106 1068 4163 crescat
1091 4098 1240 4163 doctrina
1262 4097 1388 4176 diebus,

689 4203 720 4265 A
743 4209 775 4267 te
799 4203 913 4288 utqui
937 4211 1036 4291 caput
1059 4226 1105 4285 es,
1129 4226 1188 4289 per
1210 4204 1265 4289 pia
1287 4202 1434 4267 membra
1459 4211 1557 4282 meet,

420 4308 422 4312 ’
449 4311 450 4314 ’
525 4325 550 4363 4⁵
609 4304 656 4369 Es
679 4305 889 4391 patriarchali
911 4308 1036 4393 primae
1060 4309 1226 4393 praelatus
1250 4307 1373 4370 honore

692 4409 798 4492 Sedis,
822 4418 856 4476 et
877 4412 964 4476 alma
987 4417 1116 4498 patrum
1140 4418 1192 4476 est
1215 4410 1346 4475 subdita
1369 4411 1466 4474 turba
1487 4409 1557 4474 tibi.

608 4511 689 4577 Indo
713 4535 845 4578 manere
869 4514 929 4578 tibi
952 4514 1095 4601 prudens
1120 4515 1267 4579 sollertia
1289 4514 1400 4590 debet,
1454 4522 1457 4530 “

694 4615 854 4681 Omnibus
877 4624 914 4682 ut
937 4602 1104 4704 specimen
1129 4620 1184 4699 sis,
1207 4618 1318 4698 decus,
1342 4616 1432 4696 ordo,
1456 4615 1581 4679 modus.

610 4719 683 4792 Quo
706 4721 811 4805 magis
836 4742 872 4786 es
896 4722 1015 4802 celsus,
1038 4722 1170 4786 humilis
1193 4721 1298 4806 magis
1322 4741 1396 4784 esse
1419 4725 1594 4799 memento,

526 4847 552 4884 ao
590 4889 591 4892 ,
696 4822 812 4888 Gratia
834 4831 866 4888 te
891 4825 1061 4890 altithroni
1084 4825 1166 4890 ditet
1188 4831 1225 4889 ut
1247 4824 1333 4888 alma
1353 4821 1416 4888 dci.

348 5017 379 5070 ll
398 5027 465 5070 artes
483 5034 532 5068 om.
558 5015 624 5077 ΤΘ,
642 5015 703 5065 add.
723 5014 802 5067 Siron
887 5013 919 5067 13
938 5017 977 5067 Ad
995 5017 1050 5066 ΤΘ
1128 5013 1161 5066 16
1179 5017 1320 5066 Ambroseo
1346 5013 1402 5064 ΤΘ
1470 5010 1505 5063 20
1521 5017 1593 5077 Quae
1616 5016 1784 5081 sintegnndns
1804 5032 1851 5064 οηι.
1865 5015 1896 5074 Θ,

242 5093 451 5172 suitegaudusS
501 5103 554 5154 solo
572 5101 596 5150 Τ
660 5100 693 5152 21
706 5103 933 5179 sintogandusoot.
949 5103 980 5167 Θ,
997 5101 1198 5170 suitegaudner'
1265 5099 1374 5152 utino
1391 5101 1475 5151 cerani
1488 5097 1519 5150 21
1532 5100 1662 5151 antecede.
1743 5097 1778 5150 ‘lo
1794 5098 1899 5152 ..sdT

241 5191 415 5258 appellatiaG
457 5190 535 5239 fallax
545 5205 611 5240 corr.
625 5189 680 5239 salsi
696 5189 727 5250 Θ,
744 5189 802 5239 falsi
819 5189 844 5238 Τ
908 5186 958 5240 21.
974 5200 1013 5242 .st
1027 5189 1052 5239 Τ
1093 5189 1253 5240 clauserint}
1331 5186 1493 5252 28eteodd„
1511 5187 1618 5240 ntWatt.
1689 5184 1725 5238 30
1741 5187 1895 5254 presenth

241 5275 276 5328 33
295 5314 321 5326 ..
340 5278 364 5328 ic
388 5277 412 5326 Τ
461 5293 487 5326 re
512 5274 561 5324 ΤΘ
614 5276 661 5326 hnc
681 5293 729 5325 ont.
753 5275 803 5327 ΤΘ
895 5274 929 5327 36
947 5278 1060 5328 offitii&
1136 5274 1170 5325 41
1189 5275 1335 5326 secondaG
1412 5270 1516 5324 42-43
1534 5291 1582 5324 orn.
1606 5274 1657 5324 ΤΘ
1742 5270 1777 5323 42
1795 5275 1846 5325 tuis
1865 5273 1895 5338 S,

242 5364 296 5414 suia
320 5363 394 5415 Wan.
462 5357 497 5411 44
516 5362 601 5426 Atque
619 5360 682 5412 ntS
738 5369 816 5414 metet
836 5363 859 5412 Θ
928 5359 961 5412 47
985 5381 1051 5430 pura
1073 5363 1185 5413 sollertia
1212 5361 1277 5422 ΤΘ,
1348 5361 1459 5427 prudens
1478 5359 1556 5412 Sir-m.
1645 5357 1680 5410 49
1699 5361 1810 5424 celusdl

222 5575 224 5580 Ι
347 5498 374 5567 1)
401 5499 448 5550 (lv.
475 5497 551 5551 Reor.
570 5495 630 5559 389,
648 5498 739 5550 Actor.
763 5497 876 5564 1,15,1.
961 5497 989 5565 2)
1016 5499 1059 5567 Cf.
1086 5495 1243 5550 Ermenrici
1265 5496 1368 5565 epistol.
1395 5495 1432 5548 od
1456 5493 1626 5548 Grinroldum
1647 5493 1706 5548 a3
1731 5493 1803 5547 Dum
1822 5493 1896 5549 bona

243 5605 344 5674 cuncta
367 5602 480 5671 placent
555 5603 558 5667 t
575 5601 691 5654 Actibus
718 5618 807 5670 aeque
829 5601 885 5654 tuis
909 5619 986 5654 mens
1011 5619 1074 5656 mea
1097 5601 1173 5654 laeta
1193 5603 1295 5653 nranet.
1377 5599 1404 5666 3)
1429 5599 1587 5652 emanata
1608 5597 1685 5668 epist.
1707 5599 1725 5651 2
1746 5597 1895 5662 Poscimus,

243 5707 370 5774 optatam
388 5706 436 5759 det
453 5703 507 5758 tibi
524 5703 649 5758 Christus
667 5719 756 5770 opem.

312 5805 415 5853 Possm
427 5815 510 5852 namur
523 5813 583 5851 sevi
595 5797 721 5852 Canonrm
737 5801 756 5850 1.
1500 5827 1503 5834 ,
1656 5795 1688 5846 τι
