4666 6406
1069 413 1277 472 THEODULFI
1295 413 1471 470 caunum.

806 589 915 677 Saepe
936 590 1043 656 bonus
1065 589 1235 676 premitur,
1256 590 1362 656 malus
1384 589 1419 655 in
1441 590 1581 656 sublime
1604 592 1742 672 levatur,

885 692 1019 760 Decidit
1040 699 1139 778 atque
1162 694 1277 772 malus,
1300 693 1405 778 surgit
1427 692 1469 758 ad
1490 694 1558 759 alta
1579 694 1696 762 bonus.

804 795 924 862 Omnia
944 795 1075 862 iudiciis
1098 801 1174 861 sunt
1195 796 1278 862 haec
1300 795 1471 862 moderata
1494 798 1654 884 supemis‚

723 921 748 958 ιο
891 898 975 965 Sunt
998 919 1098 985 saepe
1120 899 1250 964 occulta
1272 899 1365 978 luceo,
1387 919 1553 984 nunquam
1576 899 1752 966 inhonesta
1773 906 1901 966 tamen:

804 1001 899 1080 Quae
921 1003 1014 1068 suavi
1038 1023 1076 1068 ac
1099 1001 1176 1067 forti
1198 1001 1343 1089 disponit
1365 1002 1495 1088 singula
1515 1009 1598 1068 nutu

883 1107 915 1172 A
936 1106 1001 1172 fine
1023 1106 1058 1171 iu
1081 1104 1191 1188 finem,
1214 1113 1248 1172 et
1270 1112 1389 1172 cuncta
1410 1105 1574 1192 gubernat
1595 1106 1705 1173 herus.

802 1209 931 1277 Iudicat
953 1231 1032 1296 ergo
1055 1208 1137 1276 deus
1160 1229 1222 1275 nco
1244 1209 1344 1292 nulla,
1367 1230 1429 1275 neo
1452 1210 1560 1275 omniu
1582 1231 1723 1296 semper,

882 1313 1040 1401 Improba
1061 1334 1145 1399 quac
1168 1312 1250 1378 fiunt
1271 1334 1358 1378 nuno
1381 1312 1453 1378 sine
1474 1312 1551 1399 lege
1574 1333 1643 1378 sua

721 1441 745 1477 n
804 1415 968 1504 Tempore
990 1416 1148 1482 iudicium
1170 1417 1199 1482 si
1221 1417 1347 1482 nullum
1369 1416 1511 1501 agitaret
1532 1416 1567 1480 in
1589 1415 1664 1497 istu,

881 1520 999 1586 Nonne
1022 1521 1156 1607 impune
1178 1519 1264 1585 foret
1287 1517 1375 1604 quod
1397 1517 1488 1583 furor
1508 1523 1581 1584 ater
1602 1519 1694 1604 agit?

800 1623 881 1689 Mox
903 1643 1018 1689 curare
1040 1622 1138 1688 deum
1161 1623 1311 1688 mortalia
1331 1621 1422 1692 nulla
1443 1627 1607 1708 putantes,

880 1725 1032 1793 Effrcnes
1055 1727 1142 1792 irent
1163 1726 1197 1790 in
1219 1725 1307 1790 mala
1329 1730 1447 1790 cuncte
1469 1725 1557 1791 mali.

801 1831 847 1896 At
870 1831 899 1895 si
920 1835 1098 1917 peccantes
1121 1850 1199 1894 mox
1221 1828 1303 1894 ultio
1326 1826 1426 1914 digna
1448 1827 1571 1909 feriret,

717 1955 744 1994 ao
888 1932 1025 2020 Ictaque
1048 1931 1160 1998 iudicii
1184 1937 1302 1997 cuncta
1324 1951 1440 1997 secura
1462 1931 1587 1998 forent:

800 2037 897 2102 Irrita
920 2036 1063 2123 supremi
1086 2040 1294 2101 remanerent
1316 2035 1387 2100 iura
1408 2033 1486 2116 dici,

880 2138 1001 2205 IudIcii
1023 2145 1057 2204 et
1078 2137 1204 2203 nullum
1225 2141 1357 2223 tempus
1379 2137 1518 2202 baberet
1540 2158 1633 2224 opus.

798 2241 926 2308 Iudicat
946 2241 1024 2306 bino
1047 2239 1218 2327 quaedam,
1241 2247 1277 2306 ut
1299 2248 1412 2306 nostre
1433 2240 1520 2307 bunc
1540 2262 1656 2308 curare
1679 2243 1830 2326 sciamus,

881 2345 1132 2431 utquisque
1155 2345 1299 2430 gerimus
1323 2349 1451 2430 spectat
1472 2344 1514 2409 ab
1538 2365 1614 2410 arce
1637 2344 1733 2411 deus:

716 2471 742 2510 rs
801 2449 929 2516 Iudicat
950 2449 1072 2515 idcirco
1094 2469 1160 2514 non
1182 2448 1302 2529 omnis,
1324 2448 1419 2534 plura
1440 2454 1597 2530 reservat,

866 2553 913 2620 Ut
935 2553 1014 2641 quid
1036 2559 1114 2639 agat
1136 2550 1257 2618 babeat
1278 2551 1393 2617 ultima
1415 2571 1535 2637 magna
1556 2549 1638 2617 dies.

798 2657 906 2731 Quam
926 2658 993 2740 lex,
1017 2677 1114 2743 quam
1135 2661 1239 2738 vates,
1261 2653 1411 2720 dominus
1434 2674 1533 2740 quam
1553 2654 1682 2720 nuntiat
1704 2655 1786 2741 ipse,

876 2761 970 2838 Quae
992 2768 1071 2827 uota
1093 2768 1146 2827 est
1168 2761 1303 2842 cunctis,
1327 2759 1382 2844 qui
1405 2759 1531 2824 ratione
1554 2760 1677 2846 vigent.

799 2864 873 2941 Qua
894 2866 982 2932 iusto
1005 2866 1125 2931 iustam
1146 2863 1313 2950 positurus
1335 2861 1482 2949 pondere
1505 2862 1632 2943 libram,

716 2991 743 3029 ao
884 2967 1053 3034 Subnixue
1076 2968 1188 3033 veniat
1209 2965 1297 3031 nube
1321 2965 1460 3032 rubente
1483 2965 1565 3032 deus
1576 2968 1597 3030 ¹.

797 3071 862 3148 Qui
884 3074 958 3160 pius
982 3079 1015 3139 et
1036 3073 1155 3154 iustus,
1177 3071 1268 3136 fovet
1289 3068 1377 3152 hinc,
1400 3070 1547 3137 deterret
1570 3076 1605 3136 et
1625 3070 1713 3152 inde,

875 3174 982 3251 Quem
1004 3181 1115 3242 metuo
1139 3175 1272 3254 iustum,
1299 3194 1399 3259 cogor
1421 3193 1531 3239 amare
1554 3174 1654 3260 pium.

794 3276 891 3353 Quod
912 3279 986 3366 pius
1009 3277 1168 3363 indulget,
1191 3282 1321 3342 resecat
1342 3282 1481 3363 peccata
1503 3276 1591 3362 quod
1612 3298 1748 3364 aequus,

877 3381 1003 3449 Muloet
1025 3388 1060 3447 et
1081 3381 1158 3447 hinc
1180 3381 1267 3462 oleo,
1289 3381 1398 3467 arguit
1419 3380 1496 3447 inde
1519 3401 1620 3448 mero.

1156 3721 1300 3826 sxrv.

512 3888 645 3979 QUOD
672 3888 850 3964 MULTIS
876 3887 1065 3963 INDICIIS
1090 3887 1214 3962 FINIS
1241 3885 1491 3961 PROXIMUS
1518 3886 1632 3961 ESSE
1657 3887 1998 3964 MONSTRETUR.

792 4020 936 4087 Oemerc
959 4021 1057 4103 inest,
1078 4027 1115 4087 ut
1138 4028 1193 4086 eat
1214 4018 1356 4086 mundus
1380 4019 1554 4105 signetque
1576 4020 1713 4101 ruinam,

873 4123 1114 4211 Defectumque
1139 4125 1192 4189 sui
1213 4143 1294 4189 voce
1316 4127 1447 4188 tecente
1470 4120 1600 4190 canat².

531 4349 564 4404 18
581 4349 750 4405 EffraenesS
852 4346 888 4402 20
904 4350 1031 4406 mcured

528 4485 557 4554 1)
575 4486 710 4544 Praedam
729 4485 884 4558 Perisupu.
902 4489 922 4540 1
926 4485 1049 4553 une-12
1066 4485 1136 4542 Cum
1154 4484 1222 4542 deus
1300 4484 1374 4540 nube
1392 4481 1526 4538 subnixus
1544 4481 1639 4538 veniet
1656 4484 1786 4552 rubente,
1807 4486 1958 4556 {gentibus
1976 4485 2081 4541 iustam

424 4585 566 4657 positums
584 4605 674 4658 aequo
689 4591 694 4659 1
709 4589 833 4660 pondere
851 4588 960 4644 libram.
1029 4589 1057 4658 2)
1079 4589 1213 4661 Cyprios.
1230 4588 1269 4645 ad
1287 4587 1498 4643 Ducariuuum
1516 4585 1569 4655 (ed.
1589 4585 1690 4643 Hortel
1702 4605 1734 4658 p.
1752 4588 1815 4658 352)
1833 4604 1855 4644 c.
1874 4589 1891 4644 3
1917 4589 1975 4645 Hoc
1993 4589 2080 4644 etiam

423 4689 504 4746 uobis
516 4691 675 4748 tacentibus
688 4695 717 4748 et
729 4692 809 4748 nulla
820 4692 855 4748 de
867 4690 1012 4763 scripturis
1024 4692 1128 4748 sanctu
1140 4691 1452 4763 praedicationibusque
1464 4689 1567 4745 divinis
1581 4690 1748 4746 documenta
1759 4693 1951 4762 promentibus
1962 4692 2082 4748 mundus

423 4794 484 4865 ipse
501 4793 559 4850 iam
579 4794 705 4865 loquitur
722 4797 752 4851 ct
769 4812 897 4851 occasum
915 4795 958 4858 sui
973 4813 1065 4852 rerum
1077 4795 1234 4851 labentium
1246 4794 1412 4866 probatione
1424 4797 1552 4849 testatur.
1579 4794 1644 4849 Non
1655 4793 1747 4850 bieme
1758 4795 1916 4852 nutriendis
1928 4795 2081 4852 seminibus

423 4899 506 4952 tanta
524 4897 656 4953 imbrium
675 4899 757 4970 copia
774 4903 825 4965 est,
843 4917 900 4955 non
917 4900 1045 4972 frugibus
1063 4903 1170 4956 aestate
1188 4898 1326 4956 torrendIs
1344 4898 1428 4954 solitu
1446 4897 1596 4968 flagrantia
1614 4901 1657 4953 est
1674 4915 1725 4954 nec
1742 4898 1782 4955 alc
1799 4915 1885 4955 rema
1897 4899 1931 4955 de
1944 4901 2079 4972 temperie

422 5018 473 5056 aua
496 5001 575 5057 laeta
597 5005 664 5058 sunt
685 5019 736 5058 nec
762 5003 833 5059 adeo
856 5004 979 5060 arboreis
1001 5003 1106 5060 fetibus
1128 5007 1264 5058 autumna
1285 5001 1405 5057 fecunda
1428 5004 1495 5056 suut
1584 5001 1620 5057 Et
1641 5001 1775 5058 decrescit
1795 5019 1829 5057 ao
1846 5003 1940 5058 deficit
1957 5003 1986 5058 in
2004 5003 2079 5058 arvis

421 5105 558 5178 agricola,
576 5106 607 5161 in
625 5107 695 5162 mari
713 5111 814 5174 nanta,
832 5109 912 5164 miles
930 5109 960 5164 in
978 5110 1084 5174 castris,
1103 5107 1265 5164 innocentia
1283 5108 1312 5162 in
1330 5108 1398 5172 foro,
1416 5104 1527 5160 iustitia
1544 5105 1575 5160 in
1593 5104 1706 5176 iudicio,
1724 5105 1755 5160 in
1772 5105 1905 5161 amicitiis
1923 5105 2079 5172 concordia,

421 5209 449 5264 iu
468 5209 577 5266 artibus
595 5209 706 5281 peritia,
724 5210 754 5266 in
772 5212 895 5268 moribus
914 5211 1071 5282 disciplina.
1108 5213 1230 5267 Putasne
1249 5214 1280 5266 tu
1299 5212 1408 5264 tantam
1426 5226 1506 5281 posse
1519 5209 1705 5265 substantiam
1717 5209 1758 5264 rei
1771 5209 1938 5266 senescentis
1951 5208 2079 5276 existere,

421 5314 558 5382 quantum
581 5313 660 5384 prius
682 5313 778 5384 potuit
805 5316 916 5372 novella
938 5316 1030 5372 adbuc
1053 5320 1082 5371 et
1105 5317 1208 5388 vegeta
1229 5314 1345 5369 iuventa
1368 5311 1494 5382 pollere?
1522 5311 1667 5368 Minuatur
1684 5329 1794 5368 necesse
1812 5315 1855 5368 est
1871 5312 2005 5383 qququid
2022 5313 2079 5368 fine

420 5415 478 5471 iam
505 5415 632 5486 proximo
655 5416 685 5472 in
709 5417 826 5474 oecidua
849 5420 879 5472 et
900 5420 1025 5473 extreme
1049 5416 1185 5488 devergdt.
1231 5415 1277 5471 Sic
1298 5415 1339 5470 sol
1362 5415 1392 5470 in
1416 5431 1515 5470 occasu
1539 5432 1589 5472 suo
1612 5415 1705 5470 radios
1728 5416 1821 5471 minus
1845 5415 1918 5471 claro
1941 5417 1971 5470 et
1992 5415 2078 5486 igneo

419 5519 567 5591 splendore
590 5520 743 5587 isaculatur,
766 5521 806 5577 sic
830 5521 990 5578 declinante
1011 5522 1068 5577 iam
1091 5539 1172 5577 cursu
1196 5518 1313 5575 exoletis
1338 5518 1467 5575 cornibus
1490 5519 1558 5574 luna
1582 5522 1726 5584 munstur,
1750 5522 1780 5574 et
1796 5519 1879 5573 arbor
1896 5535 1968 5588 quae
1985 5518 2079 5574 fuerat
2147 5531 2160 5548 ⁸

418 5626 486 5679 ante
508 5623 607 5679 viridis
630 5627 660 5678 st
676 5624 778 5680 fertilis
796 5623 986 5680 arescentibus
1004 5624 1087 5679 ramis
1104 5624 1137 5678 fit
1155 5622 1332 5694 postmodum
1350 5622 1461 5688 sterilis,
1480 5626 1623 5679 senectute
1640 5621 1780 5687 deformis,
1798 5624 1827 5676 st
1844 5622 1905 5676 fons
1923 5622 1971 5690 qui
1990 5639 2077 5676 cruu-

418 5726 552 5781 dautibua
570 5726 647 5797 prius
665 5727 744 5782 venis
761 5727 879 5797 largiter
896 5727 1053 5797 profluebat
1071 5730 1214 5782 senectute
1232 5726 1361 5782 deficiens
1379 5726 1427 5780 vix
1444 5727 1553 5783 modico
1573 5727 1672 5783 sudore
1690 5725 1825 5782 destillet.
