4936 6406
656 412 703 466 DE
722 416 854 472 AVARO.
892 417 938 470 DE
957 419 1233 476 PROSPERI'I'A'I'E
1253 424 1513 481 REPROBORUM.

537 607 559 643 a
617 585 711 652 Haec
735 597 810 653 sunt
832 613 889 655 cur
911 593 1067 678 populum
1092 596 1185 659 multi
1208 596 1322 662 dixere
1346 598 1489 682 beatum,

698 690 760 756 nst
783 692 864 757 felix
886 696 979 760 cuius
1003 718 1063 761 rex
1086 697 1168 762 deus
1192 701 1262 765 eius
1285 701 1405 767 herus.'

1195 855 1230 862 ,-

718 989 737 1032 ιι
773 967 834 1031 DE
857 967 1017 1032 EADEM
1040 970 1099 1035 RE
1123 971 1172 1036 IN
1195 973 1433 1042 HIEREMIA.

616 1103 820 1169 Hieremias¹
844 1107 998 1191 precibus
1021 1108 1073 1171 his
1096 1112 1314 1196 compellasse
1337 1120 1506 1180 tonantem

700 1207 840 1287 Gaudet,
864 1218 899 1275 et
921 1210 982 1275 hac
1006 1211 1040 1275 in
1064 1233 1098 1277 re
1121 1214 1201 1278 talia
1225 1216 1328 1280 verba
1349 1217 1441 1283 dare:

594 1310 672 1374 ‘Cur
696 1313 747 1375 vie
770 1321 962 1397 peccantum
989 1322 1049 1394 est,
1074 1317 1265 1400 iustissime,
1289 1342 1458 1406 prospera,
1481 1329 1610 1388 rector?

697 1415 759 1480 Est
781 1417 866 1482 bene
890 1439 965 1482 nam
988 1420 1129 1500 cunctis,
1161 1423 1217 1505 qui
1240 1423 1326 1488 mala
1349 1445 1497 1509 quaeque
1519 1434 1648 1512 gerunt.

548 1545 559 1580 ι
617 1520 647 1582 Α
671 1526 703 1584 te
726 1521 865 1605 plantati
888 1520 1024 1606 pulchra
1046 1522 1156 1587 radice
1180 1524 1354 1608 virescunt,

696 1623 878 1687 Proficiunt
900 1623 1025 1688 fructus
1049 1631 1082 1688 et
1104 1626 1254 1692 faciendo
1278 1650 1365 1694 suos.

614 1726 708 1790 Picto
733 1747 885 1792 sermone
909 1727 1040 1792 illorum
1063 1749 1099 1792 es
1122 1736 1157 1793 tu
1181 1733 1351 1816 proximus
1374 1736 1432 1814 ori,

695 1829 857 1894 Interiorc
881 1837 990 1894 tamen
1013 1832 1132 1895 mentis
1155 1833 1197 1897 ab
1224 1855 1298 1898 arce
1322 1838 1445 1921 procul.

614 1932 659 1997 Et
681 1939 726 2012 tn,
750 1955 876 1998 summe
900 1933 991 2014 deus,
1016 1936 1068 1999 cui
1091 1936 1221 2022 singula
1244 1940 1357 2004 clausa
1377 1947 1561 2027 patescunt,

534 2058 559 2095 ιο
702 2035 746 2100 Et
769 2036 854 2102 bene
877 2039 1061 2122 cognoscis,
1085 2047 1119 2102 et
1142 2039 1227 2104 benc
1251 2043 1358 2106 cernis
1382 2063 1449 2108 eos.

615 2138 687 2203 Hos
711 2140 758 2204 ita
780 2141 1000 2225 conglomera,
1024 2143 1109 2210 sicut
1133 2143 1192 2206 tibi
1216 2145 1349 2210 victima
1372 2168 1454 2231 grex
1478 2154 1539 2228 est,

703 2241 917 2308 Sanctificans
940 2244 1026 2309 iuste
1049 2251 1195 2331 tempore
1218 2249 1332 2312 mortis
1355 2251 1434 2314 eos.²

787 2546 817 2588 ιιι
852 2523 913 2588 ΒΕ
937 2523 1098 2589 EADEM
1121 2526 1181 2591 RE
1205 2527 1254 2591 IN
1276 2526 1363 2593 1013.

613 2663 674 2728 Iob
697 2684 825 2749 quoque
850 2664 896 2728 sic
919 2664 1063 2746 recinit²,
1086 2672 1173 2746 tuus,
1196 2687 1215 2730 o
1238 2665 1413 2748 Patientia,
1436 2668 1541 2749 miles,

697 2768 848 2854 Remque
873 2769 957 2833 hanc
982 2769 1172 2854 inproprie
1196 2770 1340 2835 carmine
1364 2771 1485 2856 promit
1506 2773 1569 2837 ite:

615 2871 694 2936 ‘Cur
716 2893 793 2957 ergo
817 2873 904 2937 elata
925 2894 1098 2959 pravorum
1121 2873 1219 2939 factio
1241 2875 1357 2954 vivit,-

696 2976 780 3040 Sunt
802 2977 986 3058 confortati,
1010 2997 1101 3061 gaza,
1126 2977 1189 3042 tuis
1213 2977 1330 3064 opibus
1339 2985 1353 3041 t

545 3099 556 3135 ι
617 3077 794 3143 Permanet
816 3078 983 3143 infandum
1007 3099 1116 3144 coram
1139 3081 1203 3144 illis
1227 3101 1341 3146 semen
1364 3102 1487 3162 eorum,

693 3180 803 3246 Turba
825 3183 1082 3268 propinquorum
1105 3192 1139 3247 et
1161 3184 1304 3267 undique
1328 3184 1431 3269 cingit
1454 3206 1520 3250 eos.

613 3283 777 3349 Praesunt
800 3286 924 3349 securis
949 3285 1153 3371 sincerisque
1177 3285 1314 3352 aedibus
1338 3288 1403 3368 isti,

696 3386 834 3472 Nonque
857 3409 956 3473 super
978 3387 1039 3451 hos
1063 3395 1121 3469 est,
1147 3411 1217 3470 rex,
1240 3397 1298 3453 tua
1319 3390 1422 3476 virga,
1445 3390 1538 3458 deus.

612 3488 757 3552 Parturit
781 3489 896 3554 horum
918 3490 990 3570 bos,
1014 3512 1155 3556 nocuum
1177 3513 1238 3556 nec
1263 3493 1362 3557 sentit
1384 3492 1547 3574 aborsum,

532 3613 556 3650 ro
705 3591 833 3656 Bucula
855 3614 916 3658 nec
939 3593 1030 3658 foetu
1053 3595 1089 3657 lit
1111 3595 1245 3659 viduata
1266 3615 1337 3658 suo.

612 3696 717 3780 Inque
741 3717 878 3781 gregum
901 3697 1068 3762 modulum
1091 3699 1241 3785 procedit
1262 3701 1397 3784 parvula
1420 3699 1525 3780 turba,

694 3797 857 3864 Exultans
879 3801 978 3866 variis
1000 3801 1126 3866 lusibus
1149 3808 1246 3886 atque
1269 3801 1361 3866 iocis.

614 3902 784 3988 Tympana
806 3924 923 3990 nempe
947 3925 1043 3969 manu
1065 3905 1219 3985 retinent,
1242 3903 1449 3990 citharasque
1473 3926 1617 3988 sonoras,

679 4005 919 4093 Organeusque
945 4029 1044 4072 sonus
1068 4007 1188 4093 gaudia
1209 4014 1356 4095 praestat
1377 4009 1436 4074 eis.

529 4134 552 4170 ιι
615 4109 770 4175 Pluribus
794 4111 893 4195 inque
917 4111 1013 4175 bonis
1037 4110 1202 4176 deducunt
1224 4120 1374 4197 tempora
1394 4112 1492 4193 vitae,

695 4211 761 4278 Sed
784 4212 895 4300 Stygis
918 4215 951 4278 in
974 4221 1095 4301 puncto
1118 4221 1204 4279 tetra
1225 4215 1382 4280 barathra
1403 4217 1541 4303 petunt’

349 4543 619 4612 mumma

350 4734 376 4798 1)
397 4735 491 4786 Ieron.
511 4732 577 4796 121
597 4733 688 4797 Quare
707 4732 753 4784 via
771 4731 920 4800 impiorum
939 4733 1134 4800 prosperatur;
1153 4729 1225 4784 bene
1243 4733 1286 4784 est
1303 4731 1439 4796 omnibns,
1457 4731 1507 4801 qni
1525 4731 1753 4801 praevaricantur
1765 4734 1794 4786 et
1805 4731 1902 4802 inique

245 4837 355 4906 agam?
380 4836 398 4889 2
420 4836 560 4890 Plantasti
584 4853 644 4898 eos,
677 4839 706 4889 et
723 4835 844 4889 radicem
862 4833 999 4888 miserunt
1005 4855 1012 4898 ;
1040 4834 1191 4904 proliciunt
1208 4837 1237 4889 et
1254 4833 1363 4889 faciunt
1380 4835 1512 4898 fructum
1535 4851 1622 4905 prope
1640 4852 1669 4889 es
1687 4837 1719 4889 tu
1737 4835 1778 4890 ori
1797 4852 1901 4902 comm,

247 4943 276 4993 et
299 4939 383 5010 longe
405 4956 422 4993 a
440 4939 552 4994 renibus
571 4957 675 4994 eorum.
711 4941 728 4993 3
746 4939 782 4992 nt
799 4941 845 5002 tn,
870 4937 994 5002 domine,
1017 4938 1091 4993 nosti
1109 4956 1167 5007 me,
1192 4938 1288 4992 vidisti
1307 4955 1352 4992 me
1363 4979 1385 4992 ..
1396 4981 1401 4992 .
1413 4955 1553 5009 congrega
1571 4955 1617 4993 eos
1635 4940 1715 5008 qnasi
1732 4956 1848 5011 gregem
1864 4940 1901 4996 ad

245 5043 401 5108 victimam,
427 5047 456 5097 et
473 5043 616 5097 sanctifica
638 5059 684 5097 eos
702 5043 731 5096 in
750 5042 795 5096 die
813 5040 967 5096 occisionis.
1036 5045 1064 5112 2)
1084 5043 1223 5105 rotem
1242 5043 1333 5108 Quare
1352 5058 1418 5112 ergo
1435 5041 1516 5112 impii
1534 5041 1647 5112 vivunt,
1666 5041 1805 5096 sublevati
1823 5045 1897 5108 sunt,

247 5147 456 5217 confirmatique
484 5145 611 5201 divitiis?
646 5147 664 5199 8
691 5145 792 5199 Samen
820 5161 915 5200 eorum
942 5149 1087 5215 permanet
1111 5163 1203 5202 coram
1228 5145 1280 5208 eis,
1313 5145 1533 5216 propinquorum
1557 5145 1640 5200 turba
1663 5148 1693 5200 et
1715 5147 1849 5216 nepotum
1870 5146 1900 5200 in

246 5255 396 5323 conspectu
423 5269 526 5308 eornm.
570 5253 587 5304 9
614 5250 718 5305 Domus
745 5266 839 5303 eorum
869 5266 981 5304 securae
1011 5252 1077 5304 sunt
1108 5252 1138 5303 et
1166 5253 1297 5319 pacatae,
1328 5252 1357 5303 et
1385 5265 1442 5303 non
1469 5253 1511 5303 est
1540 5249 1621 5320 virga
1648 5249 1693 5304 dei
1722 5265 1806 5319 super
1828 5248 1900 5303 illos.

248 5357 281 5410 10
307 5357 360 5410 Bos
388 5374 482 5410 eorum
509 5354 649 5424 concepit,
683 5357 712 5407 et
742 5370 799 5406 non
832 5352 983 5417 abortivit;
1016 5370 1101 5408 vacca
1132 5353 1243 5423 peperit
1265 5355 1294 5407 et
1312 5370 1368 5406 non
1387 5355 1429 5406 est
1446 5352 1558 5422 privata
1575 5353 1652 5408 foetu
1670 5369 1728 5407 suc.
1764 5354 1796 5406 11
1815 5353 1901 5424 Egre-

246 5458 363 5512 dinntur
388 5457 468 5528 quasi
490 5475 589 5528 greges
613 5457 724 5526 parvuli
750 5473 856 5519 eorum,
884 5461 914 5511 et
937 5457 1058 5512 infantes
1082 5475 1177 5512 eorum
1198 5456 1328 5510 exultant
1350 5454 1463 5510 lusibus.
1501 5456 1534 5510 12
1556 5456 1666 5511 Tenent
1688 5459 1854 5527 tympanum
1871 5459 1902 5511 et

247 5561 397 5624 citharam,
424 5564 453 5614 et
478 5559 604 5630 gaudent
626 5559 661 5613 ad
686 5559 809 5615 sonitum
832 5560 938 5632 organi.
983 5563 1016 5616 13
1033 5561 1146 5616 Ducunt
1166 5561 1196 5615 in
1218 5560 1298 5616 bonis
1319 5559 1378 5615 dies
1400 5578 1477 5624 snos,
1500 5560 1583 5615 etin
1605 5563 1710 5630 puncto
1732 5559 1769 5614 ad
1791 5559 1901 5614 inferna

246 5663 425 5720 descendunt.
