4988 6434
873 385 1010 439 VERSUS
1032 386 1140 439 PAULI
1160 387 1208 439 AD
1227 387 1409 442 CARCLUM.

600 588 623 624 10
676 558 744 621 Nos
769 559 828 622 tibi
851 581 910 645 pro
934 561 992 624 tali
1015 561 1160 624 dieamus
1185 562 1327 625 carmine
1351 568 1472 647 grates,

676 662 747 735 Quo
771 685 829 748 pro
853 685 905 728 me
931 686 1091 728 summum
1116 651 1270 750 pre'cibus
1292 666 1424 751 pulsare
1447 672 1612 730 tonantem

676 767 733 829 Sat
756 767 814 830 tibi
839 789 915 830 cura
938 768 1008 846 fuit,
1033 775 1117 832 tetro
1143 790 1271 833 merore
1295 770 1420 836 relicto.

676 870 742 935 Sed
766 893 881 935 causas
904 873 1022 936 mentis
1047 873 1194 937 clausisti
1216 873 1322 936 fronte
1347 873 1520 959 sepulchro

673 974 828 1039 Demissa
851 983 933 1054 tres,
957 975 998 1040 de
1021 976 1139 1060 quibus
1164 977 1242 1040 haut
1264 999 1423 1062 responsa
1446 977 1581 1042 dedisti:

599 1107 622 1142 u
676 1077 712 1142 Si
735 1080 827 1164 cupis
851 1081 978 1163 ingenti
1000 1081 1078 1145 ferri
1100 1088 1136 1145 tu
1158 1082 1303 1168 pondere
1328 1084 1450 1169 frangi,
1484 1161 1487 1168 ἱ

675 1182 823 1246 Carceris
847 1191 903 1247 aut
926 1206 1025 1248 saevo
1049 1185 1156 1249 fessus
1179 1186 1338 1250 recubare
1363 1186 1422 1250 sub
1446 1193 1549 1266 antro,

674 1285 740 1350 Aut
763 1288 791 1350 si
814 1287 988 1372 pompiferi
1012 1287 1139 1371 Sigifrit
1161 1289 1366 1374 perpendere
1390 1290 1525 1363 vultum,
1563 1295 1566 1300 '

676 1390 781 1476 lmpia
803 1391 952 1476 pestiferi
975 1413 1060 1456 nunc
1082 1393 1176 1476 regui
1200 1401 1329 1479 sceptra
1352 1395 1506 1474 tenentis,

673 1494 718 1558 Ut
739 1496 850 1559 valeas
875 1496 966 1559 illum
990 1516 1082 1558 sacro
1106 1496 1303 1581 perfundere
1327 1498 1426 1574 fonte,

596 1624 614 1658 a
674 1599 745 1680 Vis,
769 1599 823 1683 qui
847 1606 879 1663 te
904 1620 1042 1664 cernens
1065 1602 1133 1664 vita
1156 1601 1311 1686 spoliabit
1334 1608 1367 1666 et
1390 1608 1472 1666 arte.

674 1702 800 1766 Dahis
823 1724 1017 1789 responsum
1041 1725 1082 1768 ne
1107 1727 1217 1769 cesses
1241 1706 1371 1770 mittere
1395 1705 1504 1770 uobis:

675 1805 798 1890 ‘Tange
821 1814 928 1892 caput,
953 1815 1105 1894 suspecta
1128 1831 1242 1874 manus
1266 1816 1435 1894 percurrat
1456 1808 1497 1872 ad
1520 1831 1648 1882 aurem:

673 1909 791 1973 Altera
818 1911 882 1972 iam
906 1917 1054 1974 tenerum
1079 1912 1213 1976 festinet
1236 1917 1371 1996 tangere
1395 1919 1553 1990 ventrem,

674 2013 810 2077 Necnon
835 2036 894 2098 per
917 2021 1028 2078 ternos
1053 2021 1229 2099 consurgat
1252 2017 1361 2079 littera
1384 2017 1512 2081 ramos'.

595 2143 599 2157 ¹
672 2116 746 2180 Hoc
768 2137 884 2202 precor
906 2123 942 2181 ut
965 2117 1083 2197 solvas,
1109 2117 1231 2181 Christi
1256 2117 1442 2183 venerande
1466 2120 1625 2183 minister.

1095 2581 1187 2644 XIV.

765 2723 994 2796 VERSUS
1034 2723 1217 2796 PAULI
1254 2719 1518 2795 DIACONI.

680 2873 734 2937 Sic
757 2895 819 2958 ego
841 2875 970 2959 suscepi
995 2879 1051 2936 tua
1073 2874 1226 2952 carmina,
1249 2874 1390 2938 maxime
1413 2874 1577 2961 princeps‚

761 2978 831 3042 Ceu
852 2976 1023 3063 paradiseo
1048 2977 1188 3040 culmine
1213 2977 1313 3040 missa
1335 2977 1452 3041 forent.

677 3079 870 3144 Luminibus
894 3082 1001 3145 tacitis
1025 3102 1107 3165 quae
1130 3087 1304 3165 postquam
1327 3087 1444 3144 cuncta
1466 3083 1586 3154 notavi,

760 3185 961 3250 Terruerunt
983 3185 1126 3250 animum
1149 3185 1246 3249 fortia
1268 3184 1368 3248 verba
1390 3207 1499 3250 meum
1513 3189 1533 3250 ¹.

675 3288 780 3367 Eheu,
805 3289 955 3374 supplicii
978 3289 1057 3352 mihi
1079 3289 1211 3375 ponitur
1232 3289 1322 3373 optio
1345 3289 1432 3370 trini,

760 3393 856 3457 Artat
879 3399 913 3457 et
935 3394 1096 3457 incertum
1119 3393 1268 3477 quaestio
1290 3391 1371 3457 dura
1394 3395 1483 3459 satis.

675 3497 791 3562 Dicam
808 3496 984 3583 equidem²
1007 3496 1093 3581 quod
1115 3503 1225 3561 mente
1249 3519 1338 3581 gero,
1362 3497 1421 3562 sed
1436 3505 1546 3563 vestra
1561 3507 1708 3586 potestas

759 3601 885 3664 Effitiat
907 3602 1030 3686 potius,
1053 3600 1161 3664 haurit
1184 3606 1220 3664 ut
1243 3621 1317 3664 arce
1341 3602 1417 3686 poli.

674 3704 748 3767 Non
771 3725 853 3790 opus
877 3711 928 3768 est
950 3703 1101 3767 claustris
1124 3724 1184 3767 nec
1207 3724 1259 3766 me
1283 3725 1491 3789 compescere
1515 3707 1647 3772 vinclis:

762 3808 902 3872 Vinctus
927 3828 998 3873 sum
1021 3807 1130 3871 domni
1153 3807 1241 3891 regis
1264 3828 1374 3872 amore
1398 3809 1474 3874 mei.

673 3913 758 3976 Nam
782 3914 810 3976 si
832 3934 933 3998 parva
955 3913 1032 3977 licet
1055 3911 1155 3976 rebus
1180 3932 1375 3996 componere
1399 3913 1560 3997 magnis³‚

757 4015 800 4078 Et
822 4016 909 4079 valet
931 4037 951 4079 a
974 4015 1109 4078 summis
1132 4014 1185 4078 hic
1207 4014 1400 4100 paradigma
1422 4016 1522 4079 trahi:

673 4119 718 4183 Ut
741 4141 835 4184 sacer
856 4119 1006 4183 inmenso
1030 4118 1153 4182 Christi
1175 4118 1294 4182 Petrus
1316 4119 1397 4182 arsit
1419 4141 1540 4200 amore,

755 4224 934 4308 Postquam
958 4221 1080 4286 dimisit
1103 4222 1239 4286 crimina
1263 4220 1412 4286 Christus
1436 4225 1517 4302 eius,

593 4350 616 4386 a
676 4326 730 4390 Sic
753 4326 809 4390 ubi
831 4325 960 4389 donasti
983 4325 1108 4388 facinus
1119 4326 1142 4404 ⁴,
1165 4325 1298 4409 pietatis
1321 4333 1447 4389 amator
1458 4329 1479 4406 ⁵,

758 4429 947 4492 Inflammat
969 4429 1096 4493 validus
1120 4449 1175 4491 cor
1197 4429 1276 4491 mihi
1300 4435 1411 4492 vester
1433 4451 1533 4496 amor.

675 4531 710 4595 Si
733 4539 880 4617 satagam
904 4532 1039 4617 Sigifrid
1060 4532 1281 4596 truculentum
1305 4554 1440 4597 cernere
1463 4517 1597 4614 vultum,

758 4636 824 4700 Vix
847 4635 1015 4722 perpendo
1038 4636 1168 4721 aliquod
1192 4637 1342 4700 utilitatis
1366 4658 1458 4721 opus.

417 4964 448 5016 10
466 4969 563 5019 miae
665 4968 695 5019 11
715 4971 772 5033 Quo
788 4969 873 5035 perc
978 4965 1010 5018 12
1028 4985 1126 5030 merore
1145 4967 1170 5016 P
1239 4969 1364 5019 relictat}
1468 4966 1501 5018 13
1520 4971 1584 5020 forte
1602 4969 1665 5018 coni.
1680 4968 1771 5033 Haupt
1875 4969 1908 5022 14
1921 4974 1964 5022 Di·

309 5055 385 5104 missa
399 5052 424 5102 P
436 5054 466 5116 G,
483 5056 606 5106 Dimissus
618 5057 682 5107 corti.
695 5055 794 5121 Haupt,
808 5057 925 5106 Demissa
937 5053 1000 5110 (scil.
1013 5054 1104 5110 frontel
1120 5054 1215 5104 aeram.
1286 5055 1354 5104 hund
1369 5054 1392 5102 (l
1496 5052 1529 5104 16
1541 5063 1587 5106 aut
1601 5054 1631 5116 C,
1645 5053 1697 5104 dP
1795 5053 1827 5106 18
1840 5059 1964 5122 pestriferi

308 5139 393 5191 necP
495 5139 528 5191 19
540 5143 675 5193 foruemG
778 5139 813 5192 20
830 5143 950 5208 spoliauit
964 5141 987 5190 (l
1090 5137 1124 5190 22
1142 5157 1266 5206 suspensa
1284 5141 1347 5189 coni.
1366 5141 1458 5205 Haupt
1561 5139 1595 5192 ‘24
1613 5141 1769 5208 paternosP

412 5225 496 5294 [ΧΠ]
532 5230 777 5280 l'ersua-diucuni
797 5229 820 5280 (l
832 5247 860 5294 p.
881 5226 913 5278 13
1017 5225 1068 5276 v.8
1085 5226 1191 5276 arcetG
1209 5226 1245 5274 od
1263 5243 1343 5290 uturp.
1359 5224 1488 5292 nequire)
1530 5243 1531 5246 ’
1585 5225 1617 5278 l'l
1635 5245 1709 5295 agam
1724 5229 1754 5292 G,
1773 5235 1887 5296 satagam
1899 5232 1963 5281 corti.

315 5313 478 5364 ll'uttendoclr
546 5317 645 5382 sigifrid
663 5317 690 5365 iu
708 5333 805 5365 raarrro
820 5317 844 5364 G

414 5483 439 5540 ll
461 5483 503 5550 Cf.
524 5483 601 5536 Ouid.
625 5484 716 5538 Amor.
736 5485 797 5546 ΙΙΙ,
816 5485 859 5546 aa
885 5483 1056 5537 Terruerunt
1080 5483 1204 5536 animum
1223 5482 1292 5536 talia
1312 5481 1370 5535 visa
1394 5499 1493 5545 meum.
1581 5484 1608 5542 ⁶2)
1634 5485 1701 5537 Aen.
1726 5483 1774 5546 VI,
1793 5485 1843 5538 72⁶2
1867 5485 1962 5540 Dicam

307 5585 445 5654 equidem.
541 5589 568 5652 3)
593 5588 669 5656 Verp.
697 5589 795 5657 Georp.
814 5589 834 5640 Ι
839 5588 866 5652 V,
888 5589 936 5641 176
963 5588 986 5641 si
1011 5605 1096 5656 prum
1118 5586 1184 5639 licet
1207 5604 1361 5656 conponere
1384 5586 1500 5656 magnis.
1594 5589 1621 5654 4)
1650 5588 1763 5656 fratria.
1792 5591 1823 5640 ut
1848 5589 1963 5643 radetur.

307 5692 335 5754 f»)
357 5690 400 5755 Cf.
419 5689 497 5757 iufra
513 5707 540 5762 ρ.
559 5691 593 5744 68
611 5708 634 5745 v.
648 5692 681 5745 10
700 5691 722 5745 O
741 5691 855 5762 pietatis
874 5695 989 5746 amator.

904 5803 905 5806 ,
1722 5795 1758 5849 7*
