4538 6428
462 403 520 462 138
908 395 1056 448 Pst'tht
1077 395 1325 459 ‚susllfflrzxsls
1343 395 1510 450 tJAlllllNA
1530 395 1648 448 Dt'ssts.

480 569 613 635 nituit
635 569 667 631 iu
691 589 748 631 ara
771 587 897 630 sacram
920 569 1025 630 crucis
1050 568 1201 630 hostiam.
1299 573 1346 633 tl.
1360 569 1493 632 Plentcs
1516 587 1548 632 at
1572 569 1647 632 illac
1671 569 1889 652 loquebantur
1910 581 2045 632 mutuo:

521 671 687 756 sanguinis
709 670 839 740 undam,
863 671 993 734 laticem
1016 669 1058 734 de
1081 671 1184 734 latere
1361 671 1453 744 ‘Quis
1475 693 1495 732 a
1518 671 1692 755 sepulchro
1716 670 1827 734 clauso
1848 671 1944 734 uobis
1967 675 2057 735 ostio

522 791 635 838 sancto
658 774 822 838 liuentem.
847 773 970 836 sacculi
994 773 1048 856 qui
1074 773 1206 836 crimina
1360 795 1479 858 magno
1502 775 1639 837 remouit
1661 773 1780 858 lapide.
1802 795 1866 858 quo
1890 775 2038 839 amimea

521 878 634 941 abluit.
657 877 725 940 alta
747 875 901 962 paradysi
924 875 1045 958 gaudia
1361 877 1527 960 tinguatur
1548 875 1635 939 unda
1657 896 1785 960 corpus.
1807 879 1993 941 aromaticis

521 981 598 1045 data
620 979 747 1046 latroni.
770 979 893 1041 fractus
916 978 1001 1040 colla
1025 977 1147 1040 sibilat.
1360 978 1454 1041 litum
1478 981 1617 1063 respiret
1639 980 1792 1064 pretiosis
1812 955 2041 1044 W

478 1119 509 1182 ti.
521 1116 617 1180 Felix
640 1118 767 1181 refulsit
790 1117 898 1180 tristia
920 1127 995 1200 post
1019 1114 1157 1178 sabbata
1301 1117 1348 1178 12.
1359 1115 1508 1199 Angelus
1532 1137 1609 1178 ecce
1632 1113 1754 1179 domini
1776 1116 1980 1201 perfulgidus

521 1218 593 1282 dies
617 1241 735 1285 serena
757 1220 954 1306 perlustrato
978 1219 1111 1294 lumine,
1362 1217 1480 1281 sedens
1503 1218 1535 1280 in
1559 1218 1642 1282 albis
1665 1219 1813 1282 revoluto
1836 1219 1943 1303 lapide

522 1343 606 1406 quae
630 1323 701 1386 sola
724 1324 852 1387 cunetis
874 1320 1057 1386 antefertur
1078 1319 1206 1383 diebus.
1361 1322 1434 1384 illas
1459 1321 1574 1385 relovit
1596 1320 1718 1384 talibus
1741 1322 1905 1404 alloquiis:

522 1426 555 1488 in
578 1446 643 1510 qna
665 1425 853 1512 redemptor
875 1425 1016 1488 surrexit
1039 1445 1058 1487 a
1081 1424 1226 1486 mortale.
1361 1421 1541 1496 ·Quemros
1555 1423 1871 1488 inantrisrireutem
1884 1447 1956 1487 cum
1970 1429 2111 1490 mortuis

521 1527 633 1592 mundi
657 1527 799 1614 superbo
824 1540 980 1612 superato
1002 1527 1160 1612 principe.
1360 1527 1517 1610 queritis?
1541 1529 1611 1611 ipse
1636 1528 1787 1592 surrexit.
1809 1541 1845 1590 ut
1867 1529 2008 1595 dixerat,

479 1667 509 1726 9.
524 1663 626 1728 l'enit
650 1663 755 1727 llaria
778 1663 974 1748 llagdalene
997 1663 1145 1728 sabbato.
1299 1664 1422 1740 litlln,
1446 1685 1523 1728 ecce
1546 1664 1647 1740 locus,
1670 1664 1725 1728 ubi
1748 1665 1809 1728 luit
1831 1667 1957 1752 positus

521 1767 626 1830 llaria
648 1767 738 1830 venit
759 1767 863 1830 altere
885 1765 1028 1830 diluculo
1361 1767 1520 1842 dominus,
1545 1767 1599 1830 ite.
1622 1765 1720 1830 dicite
1743 1766 1929 1854 discipulis:

521 1869 562 1932 ad
585 1879 841 1948 monumentum,
864 1879 1032 1955 portantes
1055 1875 1210 1932 aromata.
1361 1870 1503 1933 surrexit
1526 1879 1645 1934 autem.
1670 1869 1831 1934 Galileam
1854 1872 1958 1957 petiit,

523 1983 559 2036 ut
581 1971 676 2036 valde
700 1994 795 2036 mane
819 1994 937 2057 eorpus
961 1973 1215 2035 sacratissimum
1362 1971 1525 2036 destruxit
1548 1993 1634 2050 eum,
1657 1973 1711 2055 qui
1734 1975 1846 2037 mortis
1869 1975 2042 2060 imperium

523 2075 647 2140 Christi
669 2076 801 2140 linirent
823 2074 984 2140 redolenti
1007 2075 1172 2138 crismate.
1361 2075 1503 2139 habebat
1526 2084 1613 2138 ante.
1637 2075 1814 2161 sicutipse
1837 2076 1986 2142 dixerut’.

460 2213 689 2280 tlt.Ceneussa
712 2213 811 2276 tellus
833 2211 874 2275 ab
898 2212 962 2274 imo
986 2211 1112 2290 resiliit,
1300 2217 1347 2278 ll.
1361 2211 1449 2275 llors
1474 2212 1604 2276 inimica
1626 2234 1662 2276 se
1684 2212 1811 2298 perisse
1833 2211 1952 2292 doleat,

521 2327 646 2380 terrore
668 2316 765 2400 pulsa
788 2315 956 2398 riguemnt
977 2335 1148 2378 marmora.
1361 2325 1489 2377 mortua
1512 2316 1579 2378 rita
1603 2315 1716 2378 mortis
1739 2337 1875 2399 regnum
1897 2316 2019 2402 diripit,

411 2477 415 2488 ,
522 2419 642 2484 invasit
665 2417 780 2482 horror
802 2418 956 2481 mulieres
979 2416 1125 2502 pavidas,
1361 2438 1446 2481 mors
1470 2419 1554 2480 ultro
1577 2419 1641 2481 iam
1664 2439 1729 2480 non
1752 2419 1799 2482 illi
1822 2419 2052 2486 dominabitur.

521 2523 563 2587 ab
587 2543 643 2586 ore
666 2542 806 2605 namque
829 2521 1030 2584 monumenti
1054 2518 1195 2605 lapidem
1361 2541 1455 2582 orem
1479 2520 1610 2584 reduxit
1632 2519 1672 2584 ad
1696 2521 1781 2584 erile
1803 2520 1973 2606 perditem,

521 2625 597 2688 dum
623 2633 752 2688 sanetus
775 2644 877 2687 orans
900 2624 1038 2708 angelus
1068 2623 1261 2687 revolveret.
1360 2624 1392 2686 in
1416 2644 1511 2686 cruce
1534 2631 1638 2686 totum
1662 2625 1831 2687 renovarit
1853 2625 2031 2688 saeculum.

888 2763 935 2824 15.
950 2759 1000 2822 Sit
1023 2758 1083 2822 tibi
1106 2757 1169 2823 deo
1192 2760 1276 2845 patri
1300 2761 1371 2824 laus
1395 2773 1428 2823 et
1451 2760 1565 2844 glorio,

952 2862 994 2925 sit
1016 2863 1171 2927 emeifixo
1193 2863 1293 2927 deeus
1317 2873 1350 2927 et
1374 2865 1555 2950 imperium,

950 2973 1063 3029 saneto
1087 2966 1247 3050 simulque
1271 2975 1418 3051 potestas
1442 2966 1579 3052 spiritui.

949 3069 992 3131 eit
1015 3069 1155 3132 trinitati
1177 3070 1281 3132 virtus
1304 3069 1471 3134 individua

949 3193 1008 3256 per
1035 3181 1152 3236 cuneta
1182 3194 1314 3258 semper
1344 3174 1529 3236 seculorum
1553 3171 1674 3234 secula.
1718 3171 1835 3236 Amen.

1244 3565 1322 3631 vll.

907 3688 934 3749 1.
948 3685 1091 3750 Refulsit
1114 3687 1219 3751 ulmae
1243 3687 1313 3751 dies
1337 3687 1419 3751 lueis
1443 3687 1600 3751 condidus

946 3797 1073 3874 partum
1097 3791 1228 3875 puellae
1250 3791 1387 3875 virginis
1409 3797 1485 3876 post
1508 3811 1653 3858 aureum.

947 3893 1076 3976 quando
1100 3894 1250 3977 supernis
1274 3894 1359 3957 filius
1383 3893 1424 3956 de
1449 3893 1581 3957 sedibus

947 4003 1083 4082 epatre
1106 3997 1225 4059 missus
1248 3997 1345 4060 homo
1368 3997 1458 4060 nesci
1482 3997 1594 4072 voluit,

946 4097 1128 4183 permansit
1150 4098 1236 4162 idem
1260 4101 1369 4186 proles
1392 4101 1450 4164 alti
1473 4101 1624 4164 numinis.

904 4238 933 4298 2.
945 4234 1047 4320 Legis
1070 4242 1218 4299 secretae
1242 4236 1363 4299 sanetis
1387 4237 1592 4302 caerimoniis

946 4337 1113 4402 subiectus
1137 4339 1225 4401 omni
1249 4340 1374 4403 calamo
1397 4340 1552 4425 llosayeo

946 4439 1099 4525 dignatur
1122 4463 1206 4522 esse,
1230 4442 1285 4526 qui
1308 4443 1394 4527 regit
1416 4443 1618 4530 perfulgidos

946 4544 978 4606 in
1002 4565 1077 4609 aree
1101 4547 1203 4630 petris
1227 4544 1358 4609 ordines
1381 4548 1560 4631 angelicos,

947 4647 1150 4732 caelumque,
1174 4654 1295 4712 terrem
1317 4647 1467 4713 fundavit
1490 4673 1527 4716 ae
1550 4653 1662 4717 merie.

558 4901 598 4968 7‚l
623 4923 691 4955 arum
711 4905 736 4954 Β
754 4905 793 4955 erl.
864 4923 935 4958 suern
961 4907 984 4954 Γ
1049 4910 1138 4959 ostiam
1158 4909 1191 4958 tl!
1292 4907 1333 4972 w
1357 4911 1446 4962 laneca
1470 4913 1501 4963 de
1526 4914 1603 4963 lutere
1622 4913 1647 4977 Γ,
1671 4913 1759 4963 lntiees
1777 4913 1802 4962 Β
1905 4909 1946 4972 't'‚3
1964 4913 2061 4962 delente
2079 4913 2112 4962 J!

454 4991 559 5041 erimine
578 4991 602 5039 Β
713 4989 754 5056 7‚4
766 4993 842 5042 diluit
858 4992 881 5040 Γ
950 4996 1059 5060 paradisi
1078 4995 1110 5044 M
1220 4993 1261 5060 lsi
1280 4999 1373 5046 frustra
1391 4998 1456 5048 eollo
1474 4997 1496 5045 Γ
1595 4998 1635 5062 8,]
1655 5000 1757 5050 tristitia
1768 4999 1801 5062 Β,
1819 4998 1944 5048 tristitiam
1961 4997 1985 5046 Γ
2050 5001 2109 5050 sub-

455 5075 541 5126 butum
563 5076 595 5142 B,
614 5079 712 5128 sabbati
729 5077 753 5125 Γ
852 5077 895 5143 83
912 5080 953 5130 die
972 5080 1005 5129 d!
1071 5097 1177 5132 serenus
1194 5082 1363 5148 perlustratus
1381 5083 1406 5132 B
1509 5083 1552 5148 8‚3
1569 5086 1698 5135 ariteeellit
1715 5084 1738 5132 Γ
1844 5083 1885 5148 9,1
1898 5085 2063 5150 nmgdulenae
2078 5085 2110 5148 Β,

454 5163 604 5228 magdalena
619 5163 643 5211 Γ
742 5161 784 5228 93
802 5164 881 5215 altera
899 5167 975 5216 simul
994 5168 1072 5216 struma
1091 5167 1124 5216 l!
1224 5166 1266 5232 9,4
1285 5170 1318 5218 L't
1335 5171 1469 5220 tinnientes
1487 5171 1519 5220 J!
1627 5169 1670 5234 lli)
1687 5171 1795 5221 lenirent
1814 5170 1890 5219 ileu.
1943 5171 2074 5221 redolente
2092 5171 2114 5218 Γ

455 5245 555 5297 lli-ll
575 5265 622 5298 om.
634 5248 659 5298 Β
674 5249 698 5297 Γ
702 5250 740 5300 erl.
846 5249 905 5314 123
917 5253 1011 5303 talibus
1024 5254 1080 5303 illos
1093 5255 1184 5303 relimit
1197 5253 1234 5316 Ji,
1254 5257 1353 5305 resonet
1362 5255 1386 5304 Β
1491 5255 1548 5319 12,4
1565 5258 1626 5323 quid
1644 5258 1764 5308 mulieres
1782 5257 1911 5307 uiuentem
1925 5255 1962 5320 M,
1980 5259 2049 5321 quod
2062 5275 2111 5307 uos

453 5333 479 5381 in
497 5334 571 5382 astris
590 5333 615 5382 B
687 5333 787 5386 13—15
805 5355 852 5386 onu
863 5337 897 5386 sl!
910 5347 1010 5402 accepto
1027 5341 1101 5388 cerdo
1120 5341 1218 5405 positus
1290 5337 1348 5403 132
1365 5342 1441 5391 eitius
1460 5343 1493 5392 ite
1507 5343 1529 5390 Γ
1596 5340 1654 5406 13,3
1671 5345 1731 5407 qrriu
1749 5344 1860 5393 surrexit
1876 5343 1914 5392 ccl.
1934 5343 1991 5404 (inii.
2005 5353 2112 5402 sutem),

453 5427 537 5467 antem
551 5427 576 5467 et
592 5417 615 5466 Γ
688 5419 745 5484 l3‚t'›
757 5423 832 5473 sicuti
846 5425 1004 5489 praedixerat
1017 5424 1041 5472 Β
1050 5425 1088 5474 ecl.
1177 5423 1232 5487 14,t
1249 5427 1353 5491 periisse
1365 5427 1404 5477 ed.
1419 5429 1475 5490 (om.
1489 5435 1526 5492 se)
1613 5427 1807 5492 14,2mortuum
1826 5427 1939 5479 uitumli
1974 5429 2075 5495 dirripit
2092 5429 2112 5476 Γ

454 5503 514 5566 153
526 5504 610 5554 uirtus
622 5513 647 5554 et
663 5505 686 5552 Γ
785 5505 1094 5575 lir,3sunetoquooi1nul
1115 5511 1139 5559 Β
1260 5511 1318 5576 Ιῠ,4
1337 5514 1406 5564 sulus
1424 5515 1556 5564 indiuidua
1572 5513 1595 5562 Γ
1609 5515 1663 5564 l'er.
1769 5513 1827 5578 lup
1845 5514 1928 5564 uirtus
1945 5523 2039 5564 cuncta
2057 5515 2112 5564 l'cr.

522 5587 593 5654 [l'lll
629 5591 702 5640 Alius
723 5593 834 5658 hymnus
855 5594 879 5643 Γ
891 5597 917 5662 Ι.
934 5594 977 5647 41’
1099 5597 1138 5658 l,l
1159 5597 1279 5662 llet'ulget
1297 5599 1335 5648 cil.
1441 5599 1483 5660 lJi
1501 5602 1609 5651 riorrrinis
1627 5601 1666 5650 ed.
1771 5597 1815 5662 22
1832 5602 1866 5649 ϋῑι
1888 5599 1911 5646 Γ
2015 5601 2059 5664 *ΖΑ
2077 5606 2112 5654 ali

452 5689 510 5725 arce
528 5675 566 5724 ed.
662 5675 706 5740 ΖΒ
723 5679 894 5746 fundauitque
912 5682 950 5730 ed.
