4936 6406
627 393 824 465 ΕΡΙΤΑΡΗΙΑ
842 409 1034 472 MO'I'HARIL
1052 409 1224 470 DUNGALI,
1245 410 1445 474 AU'I'HELMI,
1464 409 1611 464 KAROLI.

658 585 759 649 Lacte
784 586 894 668 rigans
917 606 1036 670 pucros
1061 591 1094 648 ct
1118 583 1173 646 dat
1197 583 1404 669 capientibus
1429 585 1573 661 escam¹‚

739 690 826 754 Hinc
849 691 898 752 lac
921 697 957 752 ut
981 689 1121 774 capiant,
1146 686 1221 750 inde
1246 687 1356 750 cibum
1380 688 1512 773 paritor.

580 817 604 852 a>
664 793 734 858 Ceu
758 796 812 880 pia
836 801 941 858 mater
963 794 1020 856 alit
1043 800 1138 856 natos
1163 813 1235 855 curn
1258 798 1367 856 mento
1392 792 1543 876 benigna,

741 899 883 962 Aeacum
907 896 1097 981 grendona,
1120 896 1170 959 leo
1194 894 1329 959 rudibus
1353 897 1512 960 tribuens.

660 1001 759 1065 Plura
782 1000 860 1087 quid
883 1021 1073 1065 enumerem
1097 999 1219 1062 sanctis
1243 998 1417 1063 virtutibus
1441 1000 1524 1080 istis,

737 1103 859 1168 Dicere
884 1124 964 1187 quas
988 1123 1126 1186 nequeo,
1151 1101 1295 1166 scribere
1318 1123 1380 1166 nco
1403 1104 1508 1167 valeo.

659 1207 799 1271 Pectore
823 1208 852 1270 si
874 1207 1013 1269 fluerent
1035 1204 1136 1268 verba
1159 1226 1220 1268 ceu
1243 1205 1376 1268 flumine
1398 1213 1521 1286 nostro,

578 1333 604 1369 ³0
747 1310 816 1374 Nec
840 1312 886 1373 sic
910 1309 1097 1372 sulliccrcnr
1122 1306 1221 1391 digna
1243 1309 1365 1372 referre
1388 1309 1456 1373 tibi.

661 1415 713 1478 Sis
738 1435 845 1492 sanus,
870 1414 993 1497 vigeas,
1017 1418 1104 1496 opto,
1128 1433 1187 1496 per
1210 1417 1357 1496 tempora
1380 1413 1487 1496 longa,

745 1518 944 1602 Perpetuam
967 1515 1113 1598 requiem
1136 1513 1193 1577 det
1216 1513 1292 1594 tibi,
1315 1536 1432 1600 posco,
1455 1515 1547 1578 dous.

659 1621 812 1685 Volvitur
835 1619 968 1683 incertis
992 1618 1131 1681 mundus
1156 1639 1226 1681 cum
1252 1618 1382 1681 casibus
1406 1619 1479 1694 istc,

658 1731 666 1750 “
743 1724 786 1787 Et
809 1744 913 1807 genus
936 1723 1112 1785 humanum
1135 1723 1279 1807 pessima
1302 1743 1388 1786 mors
1411 1723 1553 1808 perimit,

577 1851 603 1888 aa
662 1827 744 1891 Cum
767 1828 857 1892 venit
879 1831 1073 1902 extremum,
1097 1825 1144 1887 nil
1166 1830 1303 1910 prosunt
1325 1833 1474 1912 tempora
1495 1828 1603 1912 longa,

743 1930 795 1995 De
819 1929 932 1994 mortis
956 1929 1064 1992 nullus
1089 1929 1163 2012 lego
1188 1930 1313 1992 solutus
1338 1929 1462 1994 adcstl.

910 2139 1319 2146 -——.—-··-—-—---—....-.-.

1053 2356 1182 2420 XVIII.

1014 2483 1028 2554 l
1056 2482 1087 2553 T
1114 2482 1143 2553 E
1170 2483 1218 2557 M.

658 2615 827 2679 Authclmi
851 2615 1001 2680 monaehi
1024 2615 1122 2679 busto
1146 2623 1222 2678 aunt
1245 2616 1392 2679 membra
1416 2616 1475 2680 sub
1499 2618 1573 2694 isto,

746 2722 835 2785 Mors
858 2723 1009 2786 inimioo³
1032 2723 1124 2785 annis
1149 2744 1244 2807 quem
1269 2723 1344 2786 tulit
1366 2725 1399 2786 in
1423 2725 1555 2787 teneris.

658 2825 823 2912 Principio
848 2827 934 2890 vitae
957 2825 1039 2890 felix
1061 2832 1193 2889 terrena
1215 2825 1355 2909 reliquit,

742 2928 907 3016 Despexit
930 2929 1096 3009 mundum,
1120 2950 1205 2993 nunc
1229 2951 1327 3014 super
1349 2937 1438 2993 astra
1460 2931 1568 2993 micat.

592 3056 603 3094 s
659 3033 789 3098 Nobilis
812 3037 846 3098 in
869 3056 1008 3120 genere,
1031 3033 1193 3120 placidus,
1215 3034 1339 3114 bonus,
1363 3035 1513 3099 omnibus
1536 3056 1669 3119 aequus,

746 3138 896 3203 Nobilior
917 3138 1059 3216 moritis,
1084 3158 1180 3220 quam
1204 3139 1292 3202 valet
1316 3159 1372 3202 ore
1396 3139 1485 3221 loqui
1496 3138 1519 3200 ⁴.

660 3242 769 3326 Atque
793 3243 854 3306 fuit
878 3244 1020 3328 sepiens,
1044 3240 1186 3320 humilis,
1209 3243 1334 3326 pietate
1358 3242 1514 3327 repletus,

744 3345 882 3430 ingenio
905 3345 998 3409 fortis
1022 3344 1113 3406 fulsit
1136 3345 1169 3407 iu
1193 3345 1271 3409 orbe
1294 3352 1422 3431 potens.

662 3448 817 3534 Quisquis
842 3472 888 3530 es,
912 3449 1066 3526 illector,
1091 3448 1222 3511 titulum
1246 3450 1301 3532 qui
1324 3448 1469 3535 perlegis
1493 3447 1601 3522 istum,

581 3575 605 3612 10
747 3554 945 3637 Perpetuam
968 3551 1114 3635 requiem
1138 3550 1194 3614 det
1217 3552 1294 3630 sibi,
1318 3572 1433 3637 posce,
1457 3549 1569 3614 deus⁵.

1076 3979 1170 4045 XIX.

675 4107 973 4181 EPITAPHIUM
1001 4105 1184 4179 KAROLI
1210 4103 1550 4179 IMPERATORIS.

661 4241 774 4306 Aurea
796 4243 961 4306 caelorum
984 4247 1158 4326 postquam
1181 4239 1221 4303 de
1245 4239 1370 4323 virgine
1394 4239 1494 4325 prolis

664 4344 857 4432 Sumpserat
880 4352 956 4430 epta
980 4344 1043 4408 sibi
1066 4343 1177 4407 mundi
1200 4364 1258 4428 pro
1283 4343 1416 4406 crimino
1440 4344 1595 4422 membra,

662 4449 732 4513 Iam
755 4448 900 4513 decimus
926 4455 1060 4533 quartus
1084 4455 1159 4533 post
1182 4447 1307 4510 centies
1331 4453 1406 4510 octo
1425 4447 1561 4536 *volabat

661 4552 786 4633 Annus,
810 4552 977 4636 fluctivagi
1000 4551 1119 4614 meruit
1142 4572 1205 4635 quo
1229 4550 1355 4613 fervida
1379 4550 1458 4614 secli

593 4678 605 4714 ὁ
662 4656 824 4720 Aetherei
846 4654 1007 4734 Kurolus,
1030 4653 1231 4717 Francorum
1255 4653 1360 4736 glorie
1382 4652 1502 4736 gentis,

660 4759 816 4845 Aequora
838 4759 977 4822 transire
1002 4765 1036 4822 et
1058 4757 1224 4844 placidum
1247 4755 1472 4842 conprendere
1496 4761 1636 4842 portum.

400 5018 435 5069 ‘25
452 5021 628 5073 commenteP
729 5018 764 5068 ‘28
781 5017 900 5085 nequeP
998 5017 1032 5068 29
1050 5020 1131 5069 llucnt
1141 5017 1172 5080 P,
1190 5019 1299 5069 lluercnt
1309 5017 1380 5067 Mal,
1455 5018 1545 5068 llumin
1559 5016 1584 5066 P
1675 5014 1904 5083 32p0seed001’

369 5103 476 5172 [xvnl]
512 5105 616 5158 2tullit
630 5107 655 5156 P
726 5103 870 5170 3reIIquid
885 5104 911 5153 P
976 5102 1121 5170 4dispexit
1137 5104 1162 5153 P
1228 5103 1370 5170 lpinetnle
1386 5104 1412 5153 P
1484 5103 1518 5154 10
1534 5113 1674 5170 sequoretur
1691 5105 1826 5170 Enigmstu
1843 5105 1953 5154 Aldelmi

368 5191 450 5258 [xlx]
478 5193 507 5242 In
531 5193 650 5244 cleronico
675 5191 847 5242 ll'orolicienei
874 5189 920 5252 (lll
940 5209 959 5240 c.
978 5187 1022 5252 27)
1042 5190 1104 5240 boec
1122 5191 1286 5240 aruccerlunl:
1313 5192 1354 5240 Sic
1376 5192 1444 5242 enim
1462 5192 1487 5240 in
1506 5209 1552 5242 suo
1571 5192 1700 5257 qpythnfio
1718 5191 1820 5256 legitur,
1837 5192 1865 5240 in
1883 5191 1951 5256 Apo-

298 5277 374 5327 cardi
392 5297 449 5344 opp.
468 5279 506 5328 erl.
526 5279 647 5329 Μωυσῆς
671 5279 823 5345 Agobardus
841 5278 868 5327 in
885 5277 1004 5326 Carolum
1023 5277 1147 5342 Magnum
1165 5276 1315 5325 defunctum
1333 5277 1490 5343 epigramma
1602 5275 1616 5327 l
1635 5277 1735 5342 virgine
1753 5277 1871 5327 Christus
1889 5276 1952 5328 Nor.

297 5360 591 5432 PSumpserePApob.
645 5365 725 5416 tibiA
813 5361 1019 5428 lmultiuagirl
1106 5361 1200 5412 bcuro
1218 5364 1317 5413 carolus
1328 5362 1358 5411 N
1437 5361 1651 5429 licomprcnderc
1662 5365 1695 5426 A,
1712 5363 1917 5429 conprehendere
1928 5361 1958 5410 N

403 5502 428 5566 1)
449 5497 492 5566 Cf.
512 5501 525 5552 1
547 5501 607 5554 Cor.
626 5501 680 5562 3,2
698 5499 741 5552 lac
759 5497 838 5552 vobis
857 5500 955 5568 potum
974 5497 1038 5551 dedi
1056 5514 1112 5551 non
1131 5514 1228 5551 escam.
1304 5498 1333 5565 2)
1358 5497 1460 5552 Versus
1479 5497 1630 5552 Fortunati
1647 5498 1684 5553 od
1703 5497 1847 5567 Clrilpcric.
1864 5513 1954 5568 repom

298 5605 380 5672 (Opp.
404 5605 445 5659 ccl.
465 5605 554 5658 Lucili
575 5623 602 5674 p.
621 5605 683 5668 ulti,
714 5603 782 5656 Cum
810 5601 844 5654 de
869 5601 930 5668 lege
958 5599 1033 5652 necis
1056 5617 1137 5653 nemo
1160 5599 1267 5654 solutus
1290 5601 1377 5654 adest.
1459 5602 1486 5668 3)
1512 5599 1553 5654 Ib.
1575 5601 1590 5655 l.
1612 5601 1723 5668 1122ss
1740 5617 1813 5654 mors
1831 5600 1953 5654 inimica.

298 5710 325 5766 tl
347 5708 390 5778 (Ὺ,
408 5725 493 5776 supro
509 5725 539 5780 p.
558 5709 610 5762 lon
632 5725 653 5761 u.
674 5710 704 5761 ll
730 5704 858 5760 Nobilior
878 5703 985 5757 meritis
1004 5721 1087 5776 quam
1106 5707 1168 5778 quis
1188 5706 1261 5759 volet
1281 5723 1326 5760 ore
1346 5709 1453 5760 referre.
1540 5709 1567 5774 5)
1588 5707 1630 5776 Cf.
1648 5723 1735 5778 supra
1750 5723 1779 5775 p.
1798 5705 1850 5759 406
1869 5705 1954 5759 1—2.
