4988 6434
889 416 1028 470 VERSUS
1046 414 1230 472 EPISTOLIS
1249 418 1382 472 ADDITI.

1116 693 1158 758 V.

672 815 719 879 Te
749 815 831 880 deus
861 815 1056 880 altithronus
1086 821 1200 879 sancta
1229 825 1402 883 conservet
1429 820 1463 883 in
1492 819 1585 900 aede,

673 917 768 983 Sedis
797 920 978 1004 apostolice
1009 924 1172 983 rectorem
1185 921 1204 997 ¹,
1238 927 1387 1007 tempora
1415 924 1526 1008 longa,

672 1021 830 1087 Melliflua
858 1027 988 1108 gratum
1015 1023 1146 1107 populis
1178 1023 1326 1088 doctriua
1342 1047 1417 1112 per
1439 1026 1561 1106 orbem,

671 1125 890 1210 Perficiatque
923 1124 985 1190 deo
1018 1124 1152 1210 dignum
1181 1127 1236 1212 pia
1264 1130 1369 1213 gratia
1397 1129 1529 1195 Christi.

675 1229 855 1315 Splendida
876 1229 1035 1315 percipiat
1057 1230 1178 1294 florens
1202 1254 1261 1296 sua
1283 1232 1406 1317 gaudia
1427 1240 1542 1315 mater,

673 1333 783 1418 Atque
814 1332 930 1397 domus
958 1331 1081 1397 domiui
1109 1334 1251 1398 laetetur
1280 1338 1372 1422 prole
1399 1336 1550 1402 fecunda.

1108 1729 1167 1794 VI.

599 1869 607 1882 ’
674 1846 831 1913 Crescere
859 1850 916 1914 te²
944 1850 1027 1915 deus
1056 1852 1262 1936 omnipotens
1291 1851 1324 1914 iu
1354 1871 1436 1937 opus
1464 1853 1596 1937 pietatis

670 1951 835 2036 Perpetuo
863 1951 962 2017 saciat
992 1955 1083 2018 lucro
1112 1956 1288 2019 multarum
1317 1955 1508 2036 animarum,

671 2056 775 2121 Dives
805 2077 904 2142 opum
935 2058 1014 2134 celi;
1043 2059 1228 2123 auscultare
1258 2056 1312 2122 dei
1340 2060 1497 2123 merearis
1568 2103 1570 2106 -

671 2159 717 2224 Ut
745 2158 876 2225 tandem
906 2182 1020 2226 vocem
1045 2163 1180 2226 laetam:
1210 2160 1313 2226 ‘Bone
1343 2181 1503 2246 serveque
1531 2161 1606 2243 fide,

552 2343 560 2348 ,
676 2262 811 2328 Summa
839 2265 886 2328 tui
919 2265 1108 2350 dominique
1136 2264 1189 2330 dei
1217 2286 1304 2328 nuuc
1334 2263 1455 2350 gaudia
1484 2265 1620 2341 scande;

672 2367 782 2434 Pauca
813 2390 913 2455 super
940 2368 1024 2434 fidus
1053 2369 1162 2434 fueras
1196 2370 1288 2454 quia,
1322 2369 1425 2433 multa
1454 2391 1552 2456 super
1580 2375 1612 2434 te

674 2471 925 2537 Constituam'³.
970 2472 1116 2558 Requies
1146 2472 1205 2537 tibi
1239 2474 1282 2536 sit
1307 2472 1389 2538 haec
1419 2479 1509 2538 certa
1538 2475 1691 2560 salusque

674 2576 839 2664 Spesque,
873 2576 1005 2642 lavante
1033 2576 1112 2659 deo,
1147 2578 1285 2662 pariter,
1320 2579 1375 2662 qui
1407 2584 1523 2642 cuncta
1554 2581 1676 2644 creavit

672 2681 722 2745 Ac
752 2701 893 2764 regnans
926 2681 1019 2762 vivit,
1055 2682 1173 2746 saeclis
1201 2683 1290 2767 prior
1318 2681 1468 2746 omuibus
1497 2681 1595 2764 idem,

613 2809 616 2812 ·
675 2783 773 2849 Caice
805 2807 919 2851 careus
950 2794 984 2852 et
1012 2787 1181 2873 principio.
1236 2786 1422 2851 Clementia
1450 2787 1542 2850 cuius

672 2889 726 2954 Mc
754 2891 911 2956 miserum
939 2898 972 2956 te
1001 2893 1094 2976 larga
1123 2890 1280 2956 monebat
1306 2889 1395 2954 adire
1425 2891 1628 2975 magistrum,

672 2993 759 3058 Molc
792 2995 884 3079 gravi
913 3015 1019 3060 noxae
1048 3016 1199 3081 pressus,
1237 2994 1308 3058 sine
1337 2994 1461 3058 lumine
1489 2993 1612 3070 cordis;

673 3097 750 3161 Otia
779 3097 856 3161 dum
884 3098 1097 3183 vagabundus
1125 3097 1291 3173 amabam;
1322 3096 1431 3162 dulcia
1459 3097 1607 3176 credens,

675 3200 767 3274 Quae
798 3207 949 3266 coustant
978 3203 1102 3267 cunctis
1130 3203 1301 3267 animabus
1330 3201 1430 3266 noxia
1459 3223 1599 3288 semper.

611 3324 622 3359 a
675 3303 822 3368 Pectoris
852 3304 962 3370 obtusi
990 3305 1143 3370 tenebras
1172 3306 1230 3370 sed
1260 3307 1366 3390 gratia
1394 3304 1536 3392 dempsit

676 3406 840 3474 Salvantis
869 3408 1008 3491 Christi,
1047 3411 1149 3494 gratis
1177 3411 1233 3496 pia
1264 3409 1415 3474 sensibus
1445 3429 1570 3493 augens

673 3510 771 3576 Dona
800 3512 882 3577 meis
911 3511 1049 3577 stolidis.
1096 3512 1169 3576 Cui·
1188 3513 1260 3576 laus
1289 3519 1322 3577 et
1347 3512 1453 3576 honor
1482 3514 1553 3577 siue
1583 3514 1658 3577 fine.

674 3615 785 3701 Atque
813 3616 861 3680 tui
892 3614 952 3679 tibi
982 3621 1108 3681 crescat
1136 3616 1170 3679 in
1198 3636 1272 3680 aroc
1304 3615 1427 3680 laboris
1456 3615 1578 3702 Olimpi
1602 3654 1643 3662 —

674 3719 802 3785 Directi
831 3720 924 3784 callis
954 3719 1085 3784 ductor!
1108 3758 1151 3768 —
1181 3741 1389 3804 mercesque,
1425 3742 1545 3785 corona

598 3843 603 3854 ·
676 3823 870 3908 Ingeniique
896 3824 964 3902 tui,
1003 3844 1065 3908 quo
1098 3844 1170 3886 sum
1200 3845 1275 3909 pars
1299 3824 1415 3887 ultima
1444 3825 1564 3909 magni.

983 4031 1319 4038 ...—.—.--..—..-...,..,.,
1336 4033 1351 4036 -

1101 4218 1177 4286 Vll.

806 4346 1124 4436 [EPITAPHIUM
1151 4345 1488 4436 DOMBERCHTH

675 4497 826 4562 Fuucrco
856 4505 949 4563 tcxtu
982 4499 1169 4564 scribuntur
1197 4499 1284 4562 facta
1311 4498 1467 4583 priorum,

761 4600 806 4665 Ut
835 4600 940 4666 discat
969 4624 1068 4667 ranas
1101 4604 1248 4689 linquere
1279 4604 1416 4689 quisque
1444 4602 1526 4666 vias.

676 4703 742 4769 Sed
770 4727 836 4769 non
864 4712 916 4770 est
943 4706 1086 4788 flendus,
1117 4706 1240 4772 studuit
1269 4707 1324 4793 qui
1353 4707 1463 4772 vivere
1495 4704 1636 4784 Christo,

759 4807 803 4872 Et
834 4809 946 4874 muudi
978 4817 1047 4874 toto
1078 4817 1225 4876 temnere
1257 4810 1355 4875 corde
1387 4811 1482 4876 mala.

611 4935 622 4971 s
673 4911 717 4976 Et
746 4913 774 4975 si
800 4913 885 4977 forte
917 4914 1009 5000 cupis
1038 4936 1158 4979 nomen
1187 4915 1406 5000 meritumque
1435 4913 1555 4999 sepulti

758 5017 913 5100 Discere,
948 5025 983 5082 tu
1012 5021 1136 5105 poteris
1165 5040 1285 5105 magna
1314 5019 1419 5083 viator
1449 5039 1573 5082 amans.

425 5192 665 5198 -——-.-—
672 5193 825 5200 ....--.-..-
835 5193 1002 5199 .—---..-—
1010 5195 1048 5199 ...-,
1268 5195 1317 5200 ...-
1328 5193 1421 5200 —--—--
1743 5191 1867 5198 ·-·—⁸——·

385 5306 430 5377 [V]
483 5329 514 5362 ear
531 5312 566 5362 M
573 5315 599 5380 s
617 5311 660 5364 21'
681 5314 737 5380 Cf.
757 5311 774 5364 8
791 5313 830 5364 erl.
849 5313 917 5379 Ioffd
934 5313 1006 5364 Mon.
1024 5313 1093 5379 Moy.
1111 5333 1136 5380 p.
1156 5313 1206 5366 116

385 5409 443 5480 [Vl]
487 5433 518 5466 ex
536 5415 559 5464 V
560 5419 586 5483 s.
599 5413 642 5468 62⁴
653 5419 692 5468 ed.
704 5417 771 5483 Icffd
783 5417 854 5467 Mon.
867 5417 935 5483 Mop.
945 5435 973 5483 p.
983 5415 1034 5468 249
1121 5415 1231 5470 4bouuc
1245 5417 1269 5467 Γ
1343 5415 1488 5468 lbobtunai
1506 5417 1529 5466 l*
1602 5413 1822 5483 20ingeniqucl⁷
1870 5416 1938 5482 quod
1953 5414 1977 5465 V

385 5513 456 5584 [Vll]
486 5535 517 5569 eae
535 5519 589 5569 cod.
608 5518 730 5570 Palatino
751 5521 793 5584 (C)
816 5518 882 5571 1753
893 5522 918 5587 s.
939 5518 996 5572 116⁴
1024 5522 1077 5570 sirac
1100 5521 1171 5571 tinulo
1274 5518 1423 5586 2qniuquo
1448 5538 1514 5571 corr.
1533 5522 1642 5588 quisquc
1661 5521 1684 5570 0
1793 5517 1921 5588 (inungue
1941 5519 1971 5584 0,

316 5617 409 5666 umgas
426 5619 493 5654 corr.
514 5603 656 5654 Wlmaaau

421 5755 446 5822 1)
465 5753 634 5810 Zachariam
649 5772 754 5826 papam
772 5757 941 5828 rull-tau).
1011 5759 1039 5828 ’2)
1058 5759 1244 5828 Bonifatium,
1263 5776 1341 5830 quem
1357 5762 1441 5828 poeta
1459 5761 1618 5832 alloquitur.
1688 5759 1714 5828 3)
1733 5757 1833 5816 Macro.
1852 5761 1894 5826 25,
1912 5761 1955 5816 21.

1733 5854 1766 5910 ab
