4554 6434
1085 415 1234 472 ALCUINI
1252 415 1428 472 CARMINA.

796 585 936 652 Sanctus
958 587 1170 670 Athanasius,
1194 590 1279 676 quod
1303 591 1440 656 Orosius
1463 592 1531 658 edit
1553 595 1674 658 avitus:

793 687 957 776 Quidquid
980 689 1160 776 Gregorius
1183 713 1328 758 summus
1351 693 1448 759 docet
1471 701 1504 760 et
1525 695 1594 760 Leo
1618 717 1717 782 papa;

793 791 937 857 Basilius
960 793 1127 879 quidquid,
1151 794 1344 881 Fulgentius
1367 804 1466 881 atque
1490 807 1669 863 coruscant.

687 915 736 952 isc
796 893 1011 960 Cassiodorus
1035 897 1125 976 item,
1147 896 1402 982 Chrysostomus
1425 905 1522 984 atque
1541 899 1716 966 Iohannes.

792 995 958 1084 Quidquid
974 1004 1008 1063 et
1019 999 1206 1064 Althelmus
1220 999 1341 1081 docuit,
1354 1001 1431 1086 quid
1442 1001 1535 1066 Beda
1551 1004 1719 1088 magister,

792 1099 885 1174 Quae
909 1101 1099 1167 Victorinus
1123 1104 1285 1189 scripsere
1307 1103 1445 1169 Boetius
1468 1112 1576 1192 atque,

793 1203 953 1269 Historioi
976 1212 1117 1286 veteres,
1140 1207 1327 1294 Pompeius,
1350 1207 1487 1288 Plinius,
1512 1209 1582 1294 ipse

791 1307 879 1372 Acer
900 1308 1108 1389 Aristoteles,
1130 1309 1243 1375 rhetor
1265 1330 1393 1395 quoque
1416 1309 1543 1375 Tullius
1566 1312 1693 1396 ingens.

686 1429 736 1466 1⁵⁵⁰
791 1409 879 1484 Quid
902 1432 1030 1496 qnoque
1054 1411 1218 1492 Sedulius,
1242 1412 1296 1476 vel
1318 1411 1396 1497 quid
1418 1413 1505 1478 canit
1527 1413 1598 1499 ipse
1621 1415 1793 1496 Iuvencus,
1885 1457 1891 1468 ·

791 1512 938 1578 Alcimus
962 1520 996 1579 et
1019 1513 1182 1594 Clemens,
1206 1515 1358 1601 Prosper,
1381 1515 1549 1596 Paulinus,
1572 1517 1700 1594 Arator,

786 1615 873 1690 Quid
896 1616 1104 1696 Fortunatus,
1128 1619 1181 1682 vel
1205 1616 1282 1704 quid
1304 1617 1495 1683 Lactantius
1519 1619 1628 1684 edunt.

790 1717 882 1792 Quae
905 1717 998 1784 Maro
1014 1720 1184 1806 Virgilius,
1208 1719 1344 1803 Statius,
1366 1722 1519 1788 Lucanus
1543 1730 1577 1788 et
1591 1729 1714 1802 auctor,

791 1823 882 1889 Artis
905 1826 1136 1910 grammaticae
1160 1826 1212 1891 vel
1236 1825 1313 1912 quid
1336 1826 1498 1911 scripsere
1521 1827 1684 1910 magistri:

791 1923 876 1997 Quid
898 1926 1026 1991 Probus
1050 1933 1147 2013 atque
1171 1928 1285 2009 Focas,
1308 1927 1458 1993 Donatus
1473 1929 1714 2006 Priscianusve,

791 2028 935 2111 Servius,
959 2029 1119 2112 Duticius,
1142 2031 1330 2118 Pompeius,
1354 2031 1609 2097 Commiuianus.

790 2130 945 2196 invenies
967 2133 1050 2196 alios
1074 2133 1256 2219 perplures,
1279 2134 1392 2214 lector,
1416 2132 1537 2198 ibidem

789 2234 954 2321 Egregios
978 2235 1107 2316 studiis,
1131 2244 1200 2302 arte
1225 2243 1258 2302 et
1280 2258 1430 2304 sermone
1452 2239 1636 2322 magistros,

790 2337 936 2402 Plurima
958 2339 1013 2425 qui
1036 2340 1123 2404 claro
1148 2339 1309 2426 scripsere
1332 2340 1498 2405 volumine
1519 2362 1636 2415 sensu;

791 2439 933 2506 Nomina
955 2441 1014 2507 sed
1037 2462 1174 2527 quorum
1195 2443 1364 2530 praesenti
1391 2443 1424 2506 in
1453 2444 1594 2507 carmine
1618 2443 1715 2507 scribi

789 2543 936 2630 Longius
959 2552 1011 2610 est
1032 2547 1148 2627 visum,
1172 2565 1268 2630 quam
1291 2547 1408 2632 plectri
1431 2546 1577 2631 postulet
1599 2567 1689 2611 usus.

837 2646 901 2712 His
926 2648 974 2713 ite
995 2647 1164 2734 dispositis
1189 2651 1357 2736 complens
1381 2670 1441 2713 sua
1463 2655 1611 2736 tempora
1634 2671 1778 2716 summus

788 2749 948 2833 Antiates,
972 2758 1061 2818 totus
1084 2752 1209 2818 meritis
1232 2759 1377 2817 motinus
1401 2759 1434 2818 et
1455 2752 1559 2832 annis,

790 2853 872 2919 Post
885 2875 988 2920 annos
1005 2855 1111 2936 binos,
1134 2877 1264 2922 menses
1281 2856 1377 2920 simul
1395 2861 1493 2941 atquc
1510 2862 1588 2941 quot
1601 2875 1715 2936 annos,

790 2956 930 3044 Exque
954 2964 1049 3044 septa
1072 2979 1165 3024 sacer
1187 2961 1319 3045 praesul
1343 2965 1470 3024 secreta
1492 2959 1618 3045 petivit,

788 3060 968 3146 Discipulis
993 3083 1102 3126 eoram
1126 3068 1247 3148 pastor,
1270 3062 1466 3147 patriarcha,
1489 3061 1656 3146 magister.

788 3163 919 3230 Transit
942 3163 983 3229 ad
1007 3165 1194 3230 aetheream
1217 3167 1324 3230 laetus
1347 3165 1487 3231 feliciter
1509 3167 1617 3230 aulam
1629 3167 1649 3227 ¹.

787 3267 882 3332 Hanc
905 3274 1024 3349 temen,
1047 3267 1130 3332 hanc
1153 3268 1249 3332 eitius
1272 3267 1431 3354 lugubris,
1454 3289 1529 3333 mea
1551 3267 1670 3348 fistula,
1693 3274 1829 3353 partem,

787 3368 925 3446 Desara,
949 3392 990 3436 ne
1014 3391 1131 3457 pereas
1148 3368 1362 3435 'lacrimarum
1386 3371 1514 3456 gurgite
1536 3391 1657 3444 mersa;

787 3474 875 3539 Dum
899 3497 1057 3562 properas
1081 3481 1210 3560 portum
1234 3475 1316 3539 velis
1339 3475 1508 3558 hucusque
1532 3473 1695 3554 secundis,

785 3576 872 3651 Quid
894 3600 1076 3646 memorare
1101 3578 1213 3644 studes
1237 3578 1331 3644 nobis
1356 3577 1575 3642 maestissima
1598 3577 1687 3642 fata?

786 3680 869 3747 Cum
892 3682 1000 3747 subito
1023 3690 1098 3748 ante
1122 3683 1234 3748 oculos
1257 3681 1382 3747 eunctis
1405 3701 1492 3746 mors
1515 3679 1625 3745 invida
1646 3686 1775 3745 nostros

784 3785 924 3850 Lumina
947 3806 1100 3871 supremo
1125 3784 1242 3849 clausit
1264 3782 1451 3848 veneranda
1473 3803 1590 3869 sopore

785 3886 955 3954 Pontificio
979 3888 1106 3966 summi,
1129 3887 1233 3952 nostri
1254 3885 1357 3972 patris
1380 3893 1477 3971 atque
1500 3885 1660 3970 magistri.

783 3992 941 4073 Onobis,
965 4013 984 4055 o
1008 3992 1102 4076 nigre
1123 3990 1209 4055 dies!
1234 4012 1253 4055 o
1277 3990 1366 4054 clera
1389 3988 1447 4054 sed
1469 3988 1531 4052 illi!

784 4095 854 4160 Nos
878 4095 949 4160 sine
971 4099 1064 4181 patre
1088 4092 1158 4158 dies
1182 4093 1345 4178 orphanos
1369 4092 1424 4157 ille
1449 4091 1590 4177 reliquit,

784 4198 944 4278 Fletibus,
968 4198 1067 4263 exilio
1090 4197 1237 4282 duroque
1261 4197 1374 4260 labore
1398 4201 1560 4280 gravatos.

782 4300 940 4367 Reddidit
962 4307 1013 4365 ast
1035 4301 1127 4364 illum
1151 4299 1276 4384 patriae
1300 4298 1449 4384 patrique
1474 4319 1624 4383 superno,

782 4403 941 4482 Fletibus,
965 4403 1066 4468 exilio
1090 4401 1235 4486 duroque
1258 4400 1369 4465 labore
1394 4401 1545 4480 solutum,

782 4505 854 4570 Iam
877 4507 930 4572 cui
956 4505 1105 4571 Christus
1128 4525 1229 4584 amor,
1252 4510 1358 4589 potus,
1382 4502 1484 4582 cibus,
1507 4503 1615 4567 omnia
1638 4500 1797 4584 Christus,

782 4608 870 4690 Vita,
895 4608 989 4690 fides,
1012 4629 1140 4688 sensus,
1164 4628 1250 4693 spes,
1274 4607 1343 4686 lux,
1365 4607 1428 4686 via,
1452 4605 1571 4690 gloria,
1594 4605 1708 4668 virtus.

784 4709 848 4788 Qui
871 4711 997 4777 decimo
1021 4716 1054 4776 et
1077 4716 1192 4796 quarto
1217 4709 1334 4774 summi
1358 4708 1511 4773 dormivit
1533 4708 1566 4771 in
1589 4728 1675 4772 anuo

783 4812 915 4878 Ordinis
938 4811 1074 4898 accepti,
1100 4817 1215 4876 octavo
1240 4810 1300 4875 sub
1324 4811 1393 4874 sole
1416 4809 1622 4889 Novembris,

780 4917 868 4982 Dum
891 4915 1000 5002 gravis
1024 4915 1081 4980 illa
1103 4914 1174 4979 dies
1198 4920 1293 4978 sexta
1317 4912 1464 4998 fulgebat
1486 4913 1520 4976 iu
1543 4912 1632 4977 hora.
1696 4967 1702 4974 .

673 5045 722 5084 uss
779 5019 860 5086 Dius
883 5018 924 5084 ad
947 5017 1122 5103 exsequias
1144 5037 1298 5102 magnum
1322 5021 1530 5081 concurrerat
1552 5035 1679 5100 agmeru

515 5281 583 5336 1542
605 5285 640 5335 al.
659 5292 751 5336 acutus
771 5283 837 5334 Gale
853 5281 881 5332 ia
896 5279 1019 5346 margine.
1143 5273 1211 5329 1544
1233 5293 1369 5331 comnenus
1387 5277 1457 5329 uae.
1581 5276 1647 5330 1551
1666 5278 1782 5330 Alcimus
1799 5277 1895 5329 entend.
1913 5276 2075 5344 Rubenius,

414 5368 540 5420 Alcuinus
552 5369 609 5422 edd.
621 5379 645 5422 et
656 5371 711 5423 eod.
726 5369 847 5421 Chatabr.

516 5505 542 5572 1)
561 5507 634 5558 Aac.
647 5504 826 5572 Isindisfcra.
844 5501 896 5555 780
908 5500 1037 5555 Albertns
1056 5499 1279 5569 archiepiscopus
1297 5498 1381 5564 obiit,
1401 5499 1445 5553 cui
1464 5499 1623 5553 Eanbeldus
1641 5499 1785 5564 successim
1806 5501 1924 5554 Simeon.
1938 5501 2074 5560 Danelm.

412 5606 499 5674 (Mon.
523 5607 653 5662 Britaaa.
679 5609 741 5677 665)
769 5608 819 5661 780
846 5606 949 5660 Eodem
966 5623 1039 5660 anno
1058 5605 1176 5658 Alberht
1198 5603 1421 5674 archiepiscopus
1446 5620 1479 5658 ex
1497 5605 1550 5657 hae
1567 5604 1629 5656 luce
1646 5603 1781 5673 migravit
1799 5645 1805 5657 .
1820 5645 1848 5658 ..
1875 5603 2022 5658 Ermbaldo
2042 5623 2075 5662 se

410 5708 501 5764 adhuc
519 5709 631 5764 vivente
649 5710 684 5764 sd
703 5710 819 5766 eandem
838 5709 930 5764 sedem
950 5709 1086 5764 orffinato.
