4756 6412
1116 398 1323 456 THEQDULFI
1342 403 1518 458 CARMINA.

856 570 1015 634 Protinus
1037 574 1158 655 agnovi
1182 576 1305 640 veteris
1328 578 1470 662 vestigia
1491 580 1608 658 luctus,

938 674 1095 760 Morsque
1119 684 1291 763 parentum
1315 681 1418 744 oculis
1442 689 1493 746 est
1516 690 1668 748 revocata
1691 686 1783 749 ineis.

778 799 801 833 u
858 776 983 842 Taedia
1007 778 1139 866 Pippini
1163 784 1252 846 sensi
1275 785 1442 849 venientia
1464 795 1580 866 morte,

940 880 1203 970 Bertradamqae
1226 886 1329 966 dolor,
1353 910 1412 974 pro
1436 889 1538 965 dolor,
1562 891 1625 956 iste
1647 892 1759 957 refert.
1851 923 1853 928 ¹

858 983 1007 1070 Cumque
1030 986 1076 1051 tui
1099 997 1264 1075 aspectus,
1288 992 1495 1058 sanctissime
1518 1015 1614 1080 papa,
1637 996 1800 1070 recordor,

941 1088 1072 1176 Oorque
1097 1093 1276 1178 oculosque
1299 1116 1391 1159 meos
1414 1096 1460 1159 nil
1484 1097 1548 1160 nisi
1570 1097 1677 1161 luctus
1701 1099 1810 1164 habet.

858 1192 996 1258 Munera
1017 1202 1112 1280 grata
1134 1195 1195 1259 tibi
1216 1197 1371 1261 incolumi
1394 1199 1556 1264 mittenda
1578 1202 1733 1287 parabam
1744 1205 1766 1274 ¹.

774 1316 802 1354 ao
944 1295 1068 1361 Tristia
1089 1319 1175 1363 nunc
1199 1307 1325 1364 maesto
1348 1309 1483 1387 pectore
1506 1302 1592 1367 dona
1614 1324 1703 1390 paro.

856 1399 1022 1465 Marmora
1043 1422 1102 1487 pro
1125 1403 1256 1482 tunicis,
1279 1425 1404 1489 proque
1427 1425 1508 1468 auro
1531 1406 1641 1471 flebile
1665 1411 1828 1488 carmen²,

942 1503 1034 1577 Quae
1058 1511 1153 1589 gerat
1175 1526 1258 1569 urna
1280 1527 1385 1594 capax
1408 1508 1472 1570 iam
1496 1515 1553 1572 tua
1575 1530 1676 1595 parva
1698 1510 1821 1576 domus

857 1606 963 1680 Quam
987 1607 1060 1692 quis
1083 1608 1125 1672 ab
1148 1630 1268 1673 occasu
1291 1631 1472 1696 properans
1496 1613 1549 1675 vel
1571 1613 1718 1698 quisquis
1741 1616 1784 1678 ab
1807 1622 1880 1680 ortu

941 1709 1124 1798 Oonspicia
1147 1713 1200 1777 hic
1223 1735 1339 1778 munus
1363 1715 1448 1799 quod
1471 1717 1638 1780 venereris
1661 1717 1797 1782 habes³.

775 1835 799 1870 aa
858 1812 966 1878 Sexus
988 1821 1138 1900 uterque,
1162 1837 1275 1895 senex,
1298 1818 1438 1896 iuvenis,
1461 1839 1554 1904 puer,
1577 1818 1712 1894 advena,
1735 1822 1826 1901 civis,

940 1917 1098 2004 Quisquis
1123 1941 1170 1996 es,
1195 1920 1402 2000 ‘Hadriano'‚
1426 1921 1488 2000 dio,
1512 1922 1573 1986 ‘sit
1594 1943 1733 1988 amoena
1755 1925 1870 2010 quies'.

855 2019 1023 2085 Praesulis
1046 2023 1141 2086 istius
1165 2045 1305 2109 semper,
1329 2031 1365 2088 tu
1386 2023 1502 2104 Roma,
1526 2033 1701 2105 memento,

943 2123 1008 2197 Qui
1031 2124 1090 2188 tibi
1114 2131 1203 2189 tutor
1225 2148 1324 2212 opum
1334 2129 1358 2206 ⁴,
1382 2149 1493 2191 murus
1517 2135 1551 2192 et
1573 2149 1664 2191 arma
1685 2129 1756 2194 luit.

856 2227 907 2292 Tu
930 2249 1060 2313 quoque
1084 2250 1256 2294 successor
1277 2229 1426 2294 residens
1450 2232 1483 2293 in
1507 2230 1585 2296 sede
1610 2238 1747 2308 sacrata,

773 2352 799 2388 ao
945 2329 999 2394 Sis
1022 2351 1157 2410 memor,
1181 2352 1249 2410 oro,
1273 2332 1380 2410 huius,
1404 2333 1431 2396 si
1454 2332 1535 2397 deus
1558 2334 1629 2419 ipse
1652 2335 1709 2398 tui.

855 2433 943 2498 Huic
966 2456 1064 2520 prece
1087 2443 1181 2520 grata
1204 2437 1298 2521 quies
1322 2437 1419 2501 detur
1439 2436 1598 2522 Paulique
1621 2437 1785 2523 Petrique,

941 2537 1040 2602 Hunc
1064 2560 1193 2624 quoque
1214 2540 1408 2604 caelicolum
1432 2547 1550 2603 cuncta
1572 2546 1704 2605 caterva
1725 2542 1822 2606 iuvct.

854 2642 942 2707 Huic
965 2643 1073 2706 lucem
1097 2643 1242 2708 concede
1266 2644 1364 2729 piam,
1388 2643 1532 2708 concede
1555 2644 1709 2729 quietem,

937 2746 1013 2810 Rex
1035 2746 1127 2825 deus,
1152 2759 1251 2832 atque
1275 2747 1385 2833 operis
1409 2753 1445 2810 tu
1467 2747 1624 2812 miserere
1646 2749 1704 2812 tui.

773 2871 798 2909 as
855 2850 907 2914 En
931 2857 983 2915 est
1005 2850 1093 2935 quod
1115 2850 1223 2915 fuerat
1246 2874 1253 2914 :
1276 2851 1385 2937 pulvis
1410 2850 1451 2914 de
1474 2852 1609 2936 pulvere
1633 2859 1791 2938 sumptus,

938 2953 1005 3018 Sed
1028 2959 1142 3039 putres
1166 2954 1293 3019 cineres
1316 2961 1353 3018 tu
1377 2974 1528 3040 reparare
1551 2955 1652 3020 v'ales.

853 3056 971 3136 Credo,
995 3056 1082 3142 quod
1105 3057 1158 3122 hio
1180 3059 1289 3143 pulvis
1313 3063 1480 3121 transacta
1502 3065 1606 3121 morte
1630 3066 1789 3142 resurget.

937 3159 1008 3224 Nec
1031 3160 1096 3224 iam
1118 3168 1193 3246 post
1215 3161 1377 3225 tumulum
1401 3160 1448 3223 sic
1471 3161 1644 3224 moriturus
1668 3161 1739 3225 erit.

852 3263 924 3327 Hos
948 3263 1061 3349 apices
1085 3263 1281 3348 quicumque
1304 3263 1400 3347 legis,
1423 3268 1456 3326 te
1479 3282 1578 3326 nosce
1597 3263 1739 3327 futurum

771 3387 796 3426 ro
877 3391 880 3396 ·
939 3366 1014 3431 Hoc
1037 3367 1123 3450 quod
1146 3366 1199 3431 hic
1223 3375 1283 3446 est,
1308 3367 1414 3430 omnis
1436 3365 1498 3429 hoc
1522 3385 1597 3429 caro
1619 3366 1728 3451 pergit
1749 3368 1821 3431 iter.

852 3469 935 3534 Inde
958 3474 1049 3532 tuam
1071 3475 1215 3533 mentem
1238 3468 1386 3532 venturis
1410 3467 1540 3531 casibus
1563 3473 1679 3552 aptans

937 3571 1041 3636 Oratu
1065 3579 1099 3636 et
1121 3571 1274 3658 precibus
1298 3570 1343 3634 sis
1367 3589 1493 3633 memor
1514 3569 1621 3646 huius,
1644 3575 1720 3635 ave!

1240 3943 1384 4008 XXVII.

855 4066 943 4140 Quid
966 4069 1060 4151 cycni
1082 4068 1216 4144 faciunt,
1241 4071 1399 4129 resonant
1421 4062 1497 4126 dum
1520 4064 1598 4126 talia
1621 4067 1708 4129 corvi
1719 4068 1742 4146 ⁵,

940 4169 985 4232 Et
1007 4171 1103 4234 tectis
1127 4170 1301 4254 strepitant
1324 4168 1470 4231 carmina
1492 4167 1595 4230 multa
1617 4169 1720 4232 meis?

852 4271 949 4335 Nunc
972 4271 1076 4335 fallax
1099 4273 1231 4336 simulat
1253 4271 1393 4335 hominis
1417 4291 1474 4334 rea
1495 4269 1571 4354 pica
1592 4270 1766 4354 loquelam,

933 4373 1129 4460 Despioiens
1152 4376 1312 4452 volucres,
1335 4374 1461 4438 fercula
1484 4372 1701 4436 sacrarsedet.

553 4598 672 4666 [xxvn]
691 4618 722 4653 aa
738 4601 797 4652 edit
817 4600 951 4651 Sirmoadi
964 4618 993 4666 p.
1013 4597 1064 4648 190
1082 4600 1098 4648 l.
1119 4601 1157 4648 llI
1176 4616 1196 4649 c.
1215 4601 1253 4648 lll

585 4737 611 4800 1)
643 4734 686 4803 Os.
713 4735 808 4790 Caroli
831 4735 975 4804 epistolam
1003 4733 1041 4786 ud
1063 4734 1179 4786 Leonem
1199 4750 1305 4803 papam
1330 4733 1424 4786 dolam
1451 4733 1538 4798 (Mon.
1565 4732 1653 4785 l'arol.
1673 4748 1703 4800 p.
1721 4731 1795 4798 355):
1826 4731 1878 4785 Sed
1903 4732 2004 4786 ethos
2030 4739 2149 4794 vestrae

484 4835 677 4890 sanctissimae
700 4835 909 4889 benivolentiae
933 4835 1145 4898 innotescimus
1168 4836 1257 4903 quod,
1282 4853 1344 4889 cum
1363 4834 1521 4888 dilectionis
1539 4850 1655 4886 nrunera
1672 4833 1746 4902 patri
1764 4850 1825 4887 meo
1843 4833 2000 4889 dulcissimo
2020 4841 2148 4905 pmeoe-

480 4937 582 4992 ecssori
600 4941 692 4992 vestro
711 4938 832 5008 dirigere
850 4955 1026 5008 paraveram,
1045 4941 1078 4991 ut
1096 4938 1235 5000 caritatis,
1254 4955 1339 5006 quam
1358 4938 1387 4990 in
1406 4955 1438 4991 eo
1456 4936 1555 4998 habui.
1578 4935 1785 4989 munificentiae
1803 4935 1934 5005 largitate
1951 4942 2147 5000 monstrarem

480 5041 705 5112 magnitudinem
736 5045 765 5096 et
792 5041 973 5096 suavissimae
1002 5041 1076 5094 inter
1104 5058 1153 5095 nos
1182 5041 1385 5095 familiaritatis
1411 5040 1531 5094 fidelitas
1555 5039 1706 5092 multorum
1729 5038 1920 5093 ostenderetur
1943 5039 2045 5104 oculis,
2076 5062 2147 5103 occe

479 5143 573 5198 subito
592 5175 623 5182 -
643 5144 717 5212 quod
737 5145 797 5198 aine
815 5143 910 5198 dolore
928 5160 984 5197 non
1003 5143 1103 5206 dicam,
1122 5144 1181 5197 sine
1200 5144 1321 5198 lacrimis
1341 5141 1510 5211 noncogito
1528 5157 1595 5210 prae
1613 5139 1730 5193 tristitia
1747 5173 1781 5179 —
1799 5143 1891 5196 obitus
1904 5142 1979 5196 illius
1991 5143 2146 5214 legatione

479 5249 672 5303 consternatus
706 5265 775 5302 sum.
826 5248 863 5302 Et
893 5245 942 5300 ubi
972 5246 1099 5300 laetitiae
1128 5264 1291 5316 paraveram
1318 5246 1454 5316 insignia,
1486 5245 1526 5298 ibi
1554 5261 1598 5297 me
1624 5243 1758 5297 tristitiae
1785 5245 1968 5300 turbaverunt
1993 5246 2146 5318 lugubria,

477 5352 506 5420 2)
530 5351 578 5405 Oc.
604 5351 685 5405 Trial.
706 5351 799 5414 V‚1,5
821 5351 913 5405 flebile
937 5367 1057 5404 caurien.
1136 5353 1163 5418 3)
1186 5351 1249 5407 Vera.
1269 5353 1387 5407 Fortun.
1406 5351 1485 5419 Epit.
1512 5348 1662 5403 Victoriam
1678 5347 1740 5402 abb.
1761 5350 1827 5401 1-2
1845 5354 1883 5419 (p.
1904 5348 1953 5402 133
1971 5347 2012 5402 ecl.
2032 5351 2145 5424 Lucae)

479 5453 610 5522 Quisquis
633 5454 669 5508 ab
691 5472 790 5509 occasu
813 5470 946 5526 properas
969 5454 1037 5517 hue,
1065 5455 1191 5523 quisquis
1209 5456 1244 5509 ab
1267 5458 1338 5517 ortu,
1360 5454 1480 5522 {Munus
1503 5453 1533 5506 in
1548 5453 1608 5520 uhoc
1634 5450 1756 5512 tumulo,
1781 5451 1856 5519 quod
1875 5450 2020 5512 veneraris,
2040 5453 2145 5515 habes,

477 5558 505 5624 4)
523 5557 659 5612 Prudens.
671 5561 768 5613 contra
779 5560 878 5629 Syram.
889 5561 931 5624 11,
939 5559 999 5612 435.
1069 5560 1095 5626 5)
1111 5559 1189 5630 Verp.
1215 5561 1276 5614 Ecl.
1290 5563 1348 5624 III,
1360 5560 1392 5613 16
1410 5559 1483 5624 Quid
1501 5555 1607 5612 domini
1625 5555 1738 5618 faciant,
1757 5556 1861 5612 audent
1878 5570 1940 5612 cnm
1957 5552 2029 5609 talia
2041 5556 2146 5618 fures?

476 5662 590 5716 Alcaiai
608 5679 649 5731 ep.
663 5661 713 5714 121
729 5678 759 5730 p.
771 5663 820 5716 491
841 5661 923 5718 Corvi
942 5662 1093 5717 volitantes
1111 5681 1161 5734 per
1179 5665 1325 5718 cacumina
1342 5666 1478 5720 tectorum
1497 5662 1626 5715 clamant.
