4666 6406
1001 430 1132 484 TITULl.

604 600 727 666 Fessus
751 622 856 687 opem,
880 603 1040 688 languens
1063 601 1278 684 medicamen,
1302 605 1422 690 gaudia
1444 613 1589 673 maestus

524 723 549 762 10
691 702 779 768 Hinc
802 702 896 782 ferat,
918 712 951 769 at
974 705 1100 770 cunctis
1123 706 1274 770 consulat
1296 707 1360 772 ista
1382 707 1508 774 domus.

605 807 673 872 Det
696 814 790 894 pater
812 808 1007 872 altithronus
1030 808 1151 872 donum
1174 810 1236 874 boc
1258 810 1485 877 habitantibus
1504 813 1593 894 istic,

690 909 825 975 Civibus
848 917 884 974 ut
906 917 1027 997 pateat,
1051 919 1094 992 ct,
1117 913 1303 998 peregrina,
1328 915 1405 991 tibi;

604 1011 650 1076 Ut
672 1011 807 1076 fratrum
830 1019 928 1097 atque
952 1013 1005 1079 dei
1028 1023 1146 1099 regnet
1169 1015 1301 1098 dilectio
1326 1040 1465 1106 semper,

689 1114 903 1201 virtutesque
927 1137 1040 1182 omnes
1063 1117 1125 1181 hac
1149 1117 1233 1183 duce
1256 1121 1460 1186 conveniant.

526 1239 549 1276 n
609 1217 708 1298 Quas,
732 1218 908 1282 miserante
930 1218 1004 1300 deo,
1027 1241 1105 1284 mox
1128 1221 1298 1287 commoda
1314 1231 1431 1290 cunata
1448 1230 1637 1309 sequantur,

688 1321 800 1386 Livori
824 1329 857 1387 et
880 1325 990 1387 saevis
1015 1324 1057 1388 sit
1078 1326 1131 1388 via
1153 1327 1243 1391 nulla
1265 1328 1361 1392 dolis.

606 1424 663 1488 Ius
685 1432 779 1510 regat
800 1425 853 1491 hic
877 1433 1015 1508 montes,
1039 1435 1235 1514 maneatque
1258 1432 1425 1517 opulentia
1448 1453 1565 1514 rerum,

661 1539 666 1542 “
690 1529 734 1595 Et
756 1531 871 1617 procul
893 1531 1000 1617 adque
1022 1534 1138 1618 procul
1161 1536 1204 1599 sit
1227 1537 1298 1600 sitis
1322 1544 1418 1621 atque
1442 1538 1556 1602 fames.

608 1633 672 1707 Qui
696 1635 782 1720 petis
804 1635 865 1699 has
889 1635 997 1717 sedes,
1021 1635 1173 1716 Toudulfi
1196 1659 1317 1722 quaeso
1340 1647 1514 1722 memento,

526 1758 551 1797 so
696 1737 790 1803 Haec
815 1739 868 1822 qui
893 1740 1077 1804 construxit
1099 1745 1187 1805 tacta
1210 1741 1341 1807 lavante
1365 1742 1437 1808 deo.

861 1965 1272 1974 Μ

984 2127 1106 2249 Ἤ.

832 2326 881 2400 ΙΝ
908 2327 1100 2401 FRONTE
1127 2326 1305 2402 DOMUS.

608 2473 671 2550 Qui
695 2483 764 2540 stas
788 2475 884 2560 quive
909 2475 1016 2558 sedes,
1041 2477 1097 2560 qui
1120 2497 1197 2540 rura
1218 2482 1252 2541 et
1274 2482 1361 2541 tecta
1384 2499 1551 2564 peragras,

689 2579 854 2665 Tempora
876 2580 1041 2644 consumis
1065 2578 1193 2644 cotibus
1217 2585 1251 2644 et
1272 2579 1383 2661 variis,

608 2682 663 2746 Nil
687 2704 766 2768 gare
791 2690 903 2770 turpe,
927 2684 1012 2768 quod
1036 2685 1097 2748 bac
1121 2684 1211 2748 celsa
1233 2684 1305 2767 quis
1330 2690 1458 2770 spectet
1480 2684 1522 2748 ab
1546 2685 1637 2750 aede.

691 2784 752 2850 Est
774 2785 847 2868 boc,
872 2793 923 2851 est
945 2785 1034 2850 aliud
1058 2785 1143 2870 quod
1167 2806 1262 2869 mage
1285 2791 1321 2849 tu
1344 2787 1474 2850 timeas:

540 2911 551 2946 a
611 2888 673 2954 Est
695 2911 795 2975 super
817 2896 906 2953 astra
930 2888 1021 2971 deus,
1045 2887 1122 2974 quid
1145 2895 1221 2972 agat
1244 2887 1385 2952 humana
1408 2910 1553 2975 propago

692 2993 834 3057 Laturus
858 2993 962 3058 librae
985 2992 1131 3078 pondera
1153 2993 1239 3057 iusta
1260 2991 1358 3058 videt.

865 3200 1145 3207 ——-...-—-—..—.
1187 3203 1250 3206 -

976 3367 1118 3480 *funs

835 3557 884 3630 IN
911 3556 1104 3630 FRONTE
1131 3556 1310 3632 DOMUS.

609 3707 672 3781 oui
695 3706 836 3771 Romam
857 3705 988 3788 Roma¹,
1012 3707 1180 3772 Turonum
1203 3707 1378 3774 Turonove
1402 3715 1553 3774 catervas

691 3809 755 3890 Ire,
779 3809 885 3876 redire
909 3809 1001 3895 cupis
1025 3831 1160 3875 cernere
1185 3809 1316 3892 scande,
1340 3809 1425 3876 vide.

608 3911 696 3977 Hinc
720 3919 791 3978 sata
814 3913 990 3999 spectabis,
1015 3913 1099 3977 vites
1123 3919 1157 3977 et
1180 3913 1325 3978 claustra
1347 3913 1500 3994 ferarum,

691 4015 852 4098 Flumina,
877 4023 981 4101 prata,
1005 4016 1085 4096 vias,
1109 4015 1368 4101 pomiferumque
1392 4037 1516 4081 nemus.

540 4143 551 4180 a
615 4119 709 4185 Haec
732 4121 809 4185 dum
832 4121 1028 4206 conspicias,
1052 4118 1128 4183 dum
1150 4120 1292 4205 plurima
1314 4127 1407 4205 grata
1429 4119 1567 4196 videbis,

692 4223 845 4291 Auctoris
867 4226 983 4290 horum
1007 4224 1052 4290 sis
1075 4244 1199 4289 memor
1221 4225 1292 4310 ipse
1316 4223 1380 4288 dci.

1014 4650 1121 4716 LXII.

767 4793 817 4868 IN
842 4793 1099 4868 FALDAONE
1125 4785 1377 4866 EPISCOP12.

613 4944 724 5011 Sessio
747 4943 897 5009 Taudulfi
919 4945 1060 5030 placcat,
1083 4965 1209 5031 precor,
1233 4941 1340 5007 omnis
1363 4949 1396 5007 ct
1419 4929 1523 5020 actus,

695 5046 769 5112 Rex
792 5047 872 5113 daus
895 5047 990 5130 alme,
1013 5048 1084 5126 tibi,
1107 5048 1161 5113 cui
1181 5047 1268 5112 bona
1290 5053 1408 5111 cuncta
1431 5044 1589 5132 placant³.

352 5223 359 5227 -
1288 5223 1372 5229 ———=
1377 5219 1607 5228 ———‘———-
1612 5220 1614 5222 -
1620 5217 1790 5224 u—noen-——n-—a

317 5339 385 5407 [Lx]
403 5358 434 5393 aar
451 5341 508 5392 edit.
528 5341 662 5394 Sirmmsdi
675 5361 704 5409 p.
725 5340 777 5393 179
796 5344 813 5395 l.
831 5344 857 5393 11
874 5361 895 5395 c.
913 5343 964 5394 XII
1617 5400 1619 5405 .

316 5425 397 5493 [LXI]
415 5444 446 5477 aa
463 5428 520 5479 edic.
541 5428 675 5481 osmundi
688 5447 717 5496 p.
737 5427 789 5482 200
808 5432 825 5483 l.
844 5431 882 5480 111
900 5448 920 5480 c.
940 5431 978 5480 XI
1089 5426 1245 5480 iocundam
1263 5443 1339 5480 corno
1358 5415 1387 5494 S,
1406 5444 1473 5478 corr.
1498 5425 1571 5476 Wotl.

317 5511 408 5579 [LXII]
426 5529 457 5564 ea
474 5514 533 5564 edit.
553 5513 688 5567 ,sirmondi
701 5533 731 5580 p.
751 5512 837 5567 1801.
856 5517 881 5565 Π
899 5532 919 5565 e.
939 5515 987 5564 XV

353 5699 379 5765 l)
401 5695 443 5764 Cf.
461 5695 539 5762 infra
554 5698 647 5765 poss
664 5714 689 5752 o.
709 5698 766 5752 193.
836 5698 864 5766 2)
884 5701 919 5751 In
938 5696 1001 5751 sada
1019 5713 1069 5751 seu
1087 5695 1218 5752 cathedra
1228 5695 1387 5766 episcopali.
1400 5697 1427 5750 S.
1497 5693 1525 5762 3)
1546 5692 1588 5761 (Υ.
1608 5693 1689 5760 infra
1706 5713 1733 5764 p.
1745 5697 1797 5750 558
1814 5711 1838 5750 o.
1858 5695 1898 5749 12.

1640 5785 1692 5840 70*
