4628 6428
427 411 487 474 356
1047 357 1270 458 assensuum
1288 400 1464 458 asumma,

425 580 644 660 suppellectili,
674 599 786 661 maqno
814 578 963 659 inprimis
996 577 1205 658 reliquiarum
1228 577 1385 655 tbesuuro,
1413 574 1663 657 splendidissime
1685 574 1898 641 commanda&
1952 574 2087 640 Praeter

424 682 492 746 alia
514 683 612 745 multa
641 686 826 746 ornamenta
852 681 893 744 ab
921 701 954 744 eo
982 685 1176 760 eernpmrata,
1209 680 1246 742 in
1274 679 1387 761 qnilms
1416 680 1477 742 diro
1505 679 1720 760 caarrqetiaria
1748 679 1899 758 pretiosa,
1932 681 2085 744 librmum

424 785 584 848 coliem-ina
605 785 746 862 ducenta,
769 783 882 864 quibus
904 783 1117 847 bibliothecam
1140 783 1248 860 aucit,
1277 787 1397 863 quanio
1418 801 1522 844 encore
1544 781 1650 844 studia
1672 783 1835 861 anmtcaas
1856 784 1912 860 sit,
1935 785 2084 863 probant.

426 887 574 952 Rielrarii
595 887 764 952 conditoris
786 887 888 966 ipsius
908 886 1005 949 uitam
1019 886 1178 949 Alcuinus
1203 905 1271 948 ciera
1293 905 1379 948 arene
1392 887 1453 948 800
1471 885 1635 951 Genialem
1650 906 1716 948 arm
1731 907 1799 948 curu
1813 908 1881 966 reqe
1892 887 2087 968 petie·isset²,

423 991 462 1054 ab
485 991 671 1073 Auqilberto
692 993 820 1072 roqatus
842 1010 881 1052 ca
903 989 1022 1053 rustica
1034 993 1127 1068 atquc
1144 989 1264 1052 irs-calta
1279 989 1312 1051 in
1328 989 1464 1069 formam
1475 989 1691 1069 elcqantiorem
1703 988 1828 1070 redeqit.
1861 991 2085 1073 Anqitbcrtam

423 1114 502 1172 uero,
524 1094 580 1174 qui
602 1094 825 1157 moraisterimn
847 1094 911 1154 tam
933 1091 1096 1171 maqrrisiec
1118 1091 1362 1168 instauraverat,
1385 1091 1537 1168 rnonacbi,
1561 1111 1692 1172 qaorum
1715 1094 1862 1155 trecmrtos
1876 1093 1912 1155 in
1926 1114 1961 1156 eo
1982 1095 2085 1155 uiuere

426 1196 594 1274 constituit,
617 1201 653 1260 ut
673 1197 808 1259 alterum
829 1195 897 1257 eius
918 1193 1106 1256 conditorem
1127 1194 1266 1257 cenerati
1287 1214 1359 1256 neoc
1381 1195 1499 1256 sarretis
1520 1193 1730 1258 adnumerare
1752 1201 1923 1274 coeperant.
1994 1237 1996 1240 -

533 1299 659 1381 Maqna
680 1299 739 1362 illa
759 1297 984 1377 familiaritas,
1014 1316 1095 1375 quac
1121 1297 1150 1358 ei
1172 1316 1239 1359 arm
1262 1300 1434 1376 reponat,
1462 1317 1501 1359 cn
1523 1317 1557 1360 eo
1578 1298 1713 1360 maainrc
1735 1298 1842 1375 clucet,
1872 1299 1964 1378 quod,
1991 1303 2084 1378 patre

423 1402 655 1480 dissimulante,
678 1403 810 1477 Bartae,
837 1399 945 1464 Caroli
966 1403 996 1462 et
1016 1398 1234 1481 Hildcqardac
1254 1401 1343 1480 filiae
1358 1399 1602 1480 pulcherrimae,
1625 1399 1844 1463 emiseretadine
1865 1401 1913 1463 uti
1934 1402 1963 1464 ei
1985 1401 2084 1478 licuit,

424 1506 483 1568 etsi
504 1506 586 1569 iusto
607 1504 807 1568 matrimonio
829 1522 1001 1583 numquam
1024 1504 1171 1585 conirmqi
1191 1504 1236 1566 eis
1247 1504 1438 1583 permissum
1453 1504 1528 1566 esti.
1574 1503 1719 1568 Socerum
1735 1505 1956 1567 arnicissimum
1968 1505 2085 1588 Anqil-

424 1608 528 1672 bertus
561 1609 674 1692 oiqinti
708 1608 827 1671 duobus
860 1607 968 1670 diebecs
1003 1611 1126 1670 tantrrm
1159 1609 1349 1690 superuixit,
1383 1629 1452 1672 eam
1484 1628 1569 1671 ann-o
1597 1611 1659 1671 814
1687 1607 1767 1671 XII
1788 1607 1864 1670 Kal.
1892 1607 1994 1674 Muri.
2017 1609 2083 1671 iam

423 1711 587 1792 defunctus
617 1712 692 1789 sm,
718 1712 799 1791 filiis
820 1711 953 1788 driobaS,
982 1729 1058 1790 quos
1079 1711 1181 1774 Beria
1203 1711 1232 1774 ei
1248 1716 1430 1791 pepererat,
1462 1711 1624 1775 heredibus
1645 1711 1771 1776 relictis
1823 1709 1954 1775 Praeter
1982 1733 2084 1792 reqcm

423 1817 517 1880 etiam
545 1814 769 1892 Adalbardus,
803 1815 900 1877 abbas
925 1813 1133 1892 Corbcicnsis,
1164 1812 1324 1877 Paulinus
1352 1815 1581 1895 Aquileiensis
1615 1837 1637 1878 a
1664 1835 1724 1895 quo
1752 1815 1904 1895 reliquias
1925 1817 2085 1894 pretiosas

422 1919 610 1982 monasterio
632 1936 688 1981 suo
710 1919 839 1998 recepit,
862 1922 955 1998 atque
977 1918 1070 1981 Arno
1093 1918 1345 2000 Salisburqensis
1367 1920 1540 1999 episcopus,
1564 1920 1665 1984 tribus
1686 1919 1825 1998 epistolis
1845 1918 1888 1981 ad
1909 1939 1976 1981 eum
1998 1919 2085 1982 datis

424 2021 560 2098 testibus
583 2022 619 2084 in
641 2022 814 2086 amicitiam
835 2023 903 2086 cius
924 2022 1070 2085 intimam
1086 2024 1327 2102 peruenerant⁵.

530 2124 752 2206 Anqilbcrtus,
786 2125 942 2205 Hariulfo
974 2126 1125 2205 referente
1159 2124 1322 2210 (Uirronis.
1358 2126 1480 2192 Ccntut.
1508 2126 1555 2189 ΙΙ
1576 2145 1601 2190 c.
1627 2129 1645 2188 7
1669 2147 1703 2206 p.
1728 2125 1822 2208 308),
1855 2129 1927 2188 autc
1954 2129 2084 2204 portam

424 2227 554 2292 maioris
575 2227 717 2292 ccclesiae
738 2229 918 2307 sepulturae
940 2227 1078 2292 traditus
1100 2232 1153 2305 est,
1175 2227 1279 2292 adit-ni
1301 2230 1367 2292 cius
1390 2235 1454 2292 tam
1471 2231 1686 2311 propinquae,
1708 2232 1743 2290 ut
1764 2250 1785 2291 a
1806 2229 1928 2291 uenrine
1950 2229 2083 2290 basilica

423 2330 504 2393 iniri
521 2330 674 2410 potuerit,
702 2332 758 2410 qui
783 2349 848 2393 non
876 2331 1012 2394 tunibam
1039 2334 1177 2411 corporis
1199 2333 1266 2396 eius
1296 2333 1438 2397 calcaret.
1491 2334 1529 2397 In
1559 2354 1639 2418 gyro
1668 2339 1778 2396 autem
1808 2333 1996 2417 sepulturae
2028 2334 2083 2396 isti

424 2433 579 2498 versiculi
600 2434 634 2496 iu
656 2433 795 2520 lapideis
815 2434 980 2514 tabulatis,
1003 2435 1126 2520 primus
1150 2435 1190 2500 ad
1214 2442 1322 2522 eaput,
1347 2437 1509 2501 secundus
1533 2437 1575 2500 ad
1599 2438 1741 2513 laevam,
1765 2437 1881 2499 tertius
1904 2435 1944 2498 ad
1968 2435 2083 2520 pedes,

425 2542 559 2621 quartus
583 2536 624 2601 ad
646 2537 979 2624 dexteramexpoliti
1003 2545 1095 2603 sunt:

735 2639 821 2714 Rex,
843 2631 991 2725 requiem
1014 2641 1212 2727 Angilberto
1235 2642 1287 2722 da,
1310 2649 1404 2728 pater
1427 2627 1524 2728 atque
1547 2643 1621 2728 pius
1643 2663 1714 2706 rex.

735 2742 818 2824 Lex,
841 2745 952 2829 legum
975 2746 1076 2809 vitam
1099 2753 1268 2812 aeternam
1291 2747 1340 2810 illi
1363 2747 1414 2827 da,
1438 2747 1514 2831 quia
1536 2752 1572 2809 tu
1594 2746 1659 2809 lex.

735 2845 820 2928 Lux,
844 2848 952 2912 lucem
976 2869 1107 2935 semper
1129 2849 1271 2914 concede
1295 2851 1354 2927 illi,
1381 2850 1469 2914 bona
1492 2849 1547 2933 qui
1569 2869 1605 2913 es
1627 2848 1695 2914 lux.

734 2949 816 3028 Pax,
839 2971 955 3035 pacem
978 2951 1025 3014 illi
1049 2957 1243 3036 perpetuam
1266 2952 1361 3032 dona,
1385 2974 1421 3016 es
1445 2952 1598 3036 quoniam
1621 2971 1696 3036 pax.

534 3070 730 3151 Qrmniqimn
751 3071 965 3152 Anqilbertus,
987 3075 1141 3152 quantum
1163 3073 1285 3149 scincus,
1310 3073 1345 3134 in
1367 3091 1417 3135 res
1435 3072 1580 3152 publicas
1593 3072 1735 3154 aqcndas
1748 3073 1882 3135 manime
1896 3072 2085 3136 inacbrrerat

424 3175 517 3252 atquc
538 3174 575 3234 in
597 3175 679 3255 rcqis
701 3173 830 3236 consitio
851 3192 1005 3236 sirrnmum
1028 3174 1127 3238 lomim
1150 3175 1280 3252 tenebat,
1304 3176 1381 3256 quin
1405 3176 1506 3238 literis
1522 3177 1614 3238 etium
1630 3195 1668 3238 ac
1682 3175 1797 3237 stadiis
1812 3175 1934 3238 nacitor
1955 3195 2085 3254 macram

423 3275 551 3353 arunt,
573 3276 717 3339 dubitare
739 3296 801 3340 non
826 3277 904 3340 licet.
948 3277 1080 3341 Homeri
1101 3281 1205 3341 autem
1227 3298 1400 3361 coqnmnen,
1422 3277 1504 3358 quod
1524 3299 1546 3340 a
1561 3277 1673 3343 Carolo
1695 3279 1792 3358 ipso⁶‚
1814 3278 1958 3354 Atacino,
1987 3279 2085 3341 Theo

526 3672 552 3739 1)
572 3671 615 3739 Cf.
638 3688 708 3740 quac
731 3672 792 3741 ipse
815 3671 848 3726 dc
874 3673 1077 3726 constructione
1102 3674 1232 3728 eeclesiae
1254 3675 1344 3728 sancti
1361 3675 1491 3728 Riebarii
1509 3676 1654 3728 memoriae
1678 3675 1803 3742 prodidit
1833 3674 1980 3744 (Mobilton
2007 3677 2081 3728 Acta

424 3776 476 3828 SS.
494 3776 515 3828 I
519 3774 548 3838 V,
568 3776 591 3838 1,
610 3776 663 3842 98),
682 3792 805 3844 quaeque
824 3777 978 3844 Hariutsus
1001 3777 1031 3830 in
1048 3777 1177 3832 ebronico
1197 3779 1353 3832 Cartnlensi
1371 3780 1516 3849 sirpplevit.
1586 3779 1614 3846 2)
1633 3781 1706 3832 Arm.
1725 3777 1947 3838 Ecetranorum
1966 3779 2085 3831 Aletrini

422 3895 464 3946 ep.
482 3879 534 3931 238
550 3896 580 3947 p.
600 3879 657 3932 755.
706 3879 798 3949 Capiti
821 3881 912 3949 primo
940 3882 1075 3935 antecedit
1101 3884 1655 3950 scearamton(mooerriusll.1m):

835 3983 920 4038 Gesta
938 3985 1088 4040 sacerdotis
1106 3987 1202 4056 magni
1221 3990 1300 4041 benet
1318 3987 1371 4041 istc
1390 3987 1501 4041 libellus

903 4072 1037 4136 Richarii,
1055 4074 1133 4127 euius
1152 4075 1270 4129 Centuls
1288 4092 1387 4144 corpus
1406 4074 1505 4136 habet;

418 4179 485 4243 post
502 4174 586 4227 eitam
602 4173 728 4242 sequitur
746 4175 851 4242 (Neues
869 4177 972 4229 Arenio
990 4176 1033 4242 II,
1052 4178 1113 4240 296)

921 4280 1145 4351 Supplicatio
1166 4281 1259 4336 dieti
1282 4283 1426 4337 Alcuini
1450 4281 1580 4335 Albini.

836 4382 895 4446 Die,
913 4383 1082 4452 quicumque
1102 4385 1172 4455 legis
1191 4387 1309 4455 preclari
1328 4389 1408 4456 gesta
1426 4385 1547 4456 patroni,

905 4471 1037 4540 Pauperis
1056 4471 1161 4537 Albini,
1180 4473 1296 4538 Christe,
1315 4479 1455 4528 memento
1473 4474 1550 4527 mihi.

420 4571 446 4639 3)
465 4572 597 4626 Nitbard.
615 4571 710 4627 histor.
734 4573 751 4626 l.
771 4572 791 4626 Ι
797 4573 820 4626 V
838 4591 859 4628 c.
880 4574 912 4643 5,
939 4575 975 4642 cf.
994 4575 1138 4629 Einbardi
1161 4577 1249 4632 Vitam
1267 4579 1338 4633 Kar.
1359 4579 1399 4632 M.
1418 4597 1439 4633 e.
1459 4579 1499 4632 19.
1603 4577 1630 4643 4)
1655 4577 1780 4645 Hariulfi
1804 4576 1901 4631 Cbrou.
1922 4576 2024 4630 Crateri.
2044 4578 2086 4632 ΙΙ

421 4690 442 4727 c.
462 4676 477 4728 i
496 4676 639 4746 (Dacberq
656 4677 750 4746 Spicit.
770 4676 811 4730 ed.
829 4677 877 4732 ait.
896 4679 940 4742 ΙΙ,
958 4680 1028 4746 308).
1099 4681 1127 4747 5)
1148 4681 1191 4749 Ct'.
1210 4698 1298 4750 supra
1312 4699 1342 4752 p.
1355 4684 1407 4736 355
1425 4682 1519 4735 adnot.
1532 4682 1556 4734 2.
1593 4681 1637 4734 De
1656 4687 1806 4735 construet.
1825 4681 1887 4735 ecel.
1907 4681 1936 4734 S.
1949 4680 2082 4734 Riebarii

419 4780 436 4833 l.
455 4779 472 4832 l.
491 4779 638 4848 Reliquiae
656 4796 689 4833 cx
709 4780 868 4848 corporibus
892 4785 1065 4844 sanctorum,
1091 4802 1163 4852 quae
1190 4784 1313 4841 condidit
1333 4786 1467 4840 Paulinus
1491 4803 1574 4854 papa.
1611 4784 1767 4850 Anqilberti
1789 4785 1868 4854 epist.
1886 4783 1923 4837 ad
1941 4784 2081 4837 Aruonrm

420 4884 501 4938 datas
520 4884 560 4938 cd.
580 4885 653 4952 Iaffe'
672 4885 749 4937 Mon.
772 4884 864 4938 Carni.
882 4887 1029 4940 nea-3139.
1100 4889 1127 4954 6)
1149 4889 1191 4956 Of.
1211 4891 1352 4958 epistolam
1370 4907 1396 4943 a.
1415 4891 1465 4942 we
1483 4889 1627 4958 scriptam:
1645 4889 1765 4942 Homero
1783 4886 1958 4942 anricnlsrio.
1975 4886 2005 4939 in
2024 4905 2081 4956 qua

420 4987 537 5042 Carolus
555 5005 616 5041 eum
636 4986 804 5042 Homeriane
822 5006 891 5058 puer
909 4991 1061 5059 alloquitur
1080 4991 1169 5060 (Mon.
1190 4993 1280 5047 Uarol.
1297 4995 1356 5054 353.
1375 4994 1450 5055 &iim
1469 4992 1581 5046 Aleuini
1599 5009 1659 5062 epp.
1674 5009 1704 5062 p.
1724 4993 1782 5054 148,
1798 4993 1860 5050 282.
1873 4993 1932 5046 458.
1944 4991 2004 5052 479,
2018 4993 2080 5054 san,

419 5092 481 5156 627,
508 5090 574 5154 800,
604 5091 723 5145 dusdem
750 5092 875 5146 camnine
905 5110 993 5162 supra
1007 5112 1038 5164 p.
1056 5096 1120 5154 237.
1143 5097 1205 5158 239,
1224 5097 1288 5161 246,
1307 5097 1370 5158 251,
1393 5097 1455 5156 27&
1488 5097 1631 5164 Tbeodalfi
1657 5095 1745 5150 Curru.
1772 5096 1789 5148 l.
1808 5094 1866 5148 ΙΙΙ
1883 5112 1912 5163 p.
1932 5094 1994 5152 lm.
2019 5095 2080 5150 190.

420 5195 446 5262 l)
465 5195 527 5248 Lib.
548 5197 568 5249 Ι
582 5211 607 5250 u.
625 5195 671 5248 85:
882 5196 955 5248 Nam
974 5214 1050 5251 meus
1070 5215 1131 5252 ecee
1150 5200 1221 5252 solet
1238 5217 1341 5270 niagno
1360 5200 1495 5253 facundus
1514 5200 1648 5254 Homerus

878 5283 1053 5336 Carminibus
1071 5285 1169 5338 Carolo
1188 5286 1318 5338 studiosis
1337 5302 1402 5354 sepe
1421 5285 1544 5355 placers;

419 5385 454 5452 cs.
475 5401 563 5452 supra
577 5401 607 5453 p.
621 5385 654 5437 76
671 5385 775 5438 Versus
786 5384 929 5447 Fidenae,
942 5385 972 5437 in
990 5386 1089 5454 quibus
1106 5388 1152 5441 me
1170 5392 1195 5442 et
1209 5389 1380 5458 Tbeodutsus
1399 5389 1487 5443 divini
1506 5389 1587 5443 anibo
1606 5392 1706 5458 postire
1723 5390 1908 5442 norninnntur.
1963 5387 1991 5454 8)
2011 5387 2078 5440 Non

417 5491 508 5558 poetis
526 5489 574 5543 scel
591 5489 674 5544 claris
692 5488 853 5542 oratoribus
876 5495 974 5546 auctor
997 5492 1140 5560 carminis,
1167 5495 1213 5546 cui
1230 5493 1391 5547 inscribitur
1409 5495 1534 5548 Karalus
1554 5495 1676 5563 Maqnus
1695 5500 1720 5548 ct
1738 5493 1796 5546 Leo
1813 5508 1904 5560 papa,
1932 5491 2080 5544 Homerum

418 5592 594 5660 adnumerat,
618 5605 679 5646 cunr
700 5593 774 5659 reqis
798 5592 981 5660 eloquentiam
998 5609 1058 5648 crem
1078 5596 1232 5650 Catoniana
1252 5601 1277 5649 ct
1297 5595 1479 5651 Ciceroniana
1497 5613 1660 5666 ccrnparmn
1678 5597 1765 5650 addat
1783 5599 1816 5662 (e.
1836 5597 1891 5656 em:
1910 5595 2002 5662 Atque
2022 5594 2079 5647 suis

419 5693 502 5748 dictis
519 5695 654 5749 facundus
673 5695 747 5749 cedit
764 5695 906 5750 Homerus.
