<?xml version="1.0" encoding="UTF-8"?>
<!DOCTYPE html PUBLIC "-//W3C//DTD XHTML 1.0 Transitional//EN"
    "http://www.w3.org/TR/xhtml1/DTD/xhtml1-transitional.dtd">
<html xmlns="http://www.w3.org/1999/xhtml" xml:lang="en" lang="en">
 <head>
  <title>
</title>
<meta http-equiv="Content-Type" content="text/html;charset=utf-8" />
  <meta name='ocr-system' content='tesseract 3.04.00' />
  <meta name='ocr-capabilities' content='ocr_page ocr_carea ocr_par ocr_line ocrx_word'/>
</head>
<body>
  <div class='ocr_page' id='page_1' title='image "./monumentagerman01unkngoog/monumentagerman01unkngoog_0131.png"; bbox 0 0 4538 6428; ppageno 0'>
   <div class='ocr_carea' id='block_1_1' title="bbox 414 1433 2079 1861">
    <p class='ocr_par' dir='ltr' id='par_1_1' title="bbox 414 1312 2079 1861">
     <span class='ocr_line' id='line_1_1' title="bbox 414 1433 2079 1604; baseline -0.002 -6"><span class='ocrx_word' id='word_1_1' title='bbox 414 1445 566 1598; x_wconf 84' lang='lat' dir='ltr'><em>DE</em></span> <span class='ocrx_word' id='word_1_2' title='bbox 614 1441 1059 1599; x_wconf 88' lang='lat' dir='ltr'>PIPPINI</span> <span class='ocrx_word' id='word_1_3' title='bbox 1106 1433 1459 1601; x_wconf 79' lang='lat' dir='ltr'><strong>REGIS</strong></span> <span class='ocrx_word' id='word_1_4' title='bbox 1498 1437 2079 1604; x_wconf 86' lang='lat' dir='ltr'><strong>VICTORIA</strong></span> 
     </span>
     <span class='ocr_line' id='line_1_2' title="bbox 945 1695 1536 1861; baseline -0.003 -9"><span class='ocrx_word' id='word_1_5' title='bbox 945 1695 1536 1861; x_wconf 83' lang='lat' dir='ltr'><strong>AVARICA.</strong></span> 
     </span>
    </p>
   </div>
   <div class='ocr_carea' id='block_1_2' title="bbox 406 2096 2082 2727">
    <p class='ocr_par' dir='ltr' id='par_1_2' title="bbox 406 2096 2082 2727">
     <span class='ocr_line' id='line_1_3' title="bbox 515 2096 2081 2211; baseline 0.001 -22"><span class='ocrx_word' id='word_1_6' title='bbox 515 2096 691 2194; x_wconf 73' lang='lat' dir='ltr'><em>Victoriam</em></span> <span class='ocrx_word' id='word_1_7' title='bbox 713 2131 919 2208; x_wconf 76' lang='lat' dir='ltr'><strong><em>incruentam,</em></strong></span> <span class='ocrx_word' id='word_1_8' title='bbox 941 2151 1036 2210; x_wconf 80' lang='lat' dir='ltr'><em>qirarn</em></span> <span class='ocrx_word' id='word_1_9' title='bbox 1057 2129 1225 2211; x_wconf 82' lang='lat' dir='ltr'><em>Pippinas‚</em></span> <span class='ocrx_word' id='word_1_10' title='bbox 1249 2131 1366 2195; x_wconf 81' lang='lat' dir='ltr'><em>Italiac</em></span> <span class='ocrx_word' id='word_1_11' title='bbox 1387 2152 1452 2208; x_wconf 80' lang='lat' dir='ltr'><em>rer,</em></span> <span class='ocrx_word' id='word_1_12' title='bbox 1480 2131 1587 2196; x_wconf 83' lang='lat' dir='ltr'><em>Caroli</em></span> <span class='ocrx_word' id='word_1_13' title='bbox 1601 2129 1719 2210; x_wconf 65' lang='lat' dir='ltr'><em>Maeni</em></span> <span class='ocrx_word' id='word_1_14' title='bbox 1738 2130 1835 2210; x_wconf 78' lang='lat' dir='ltr'><em>fitius,</em></span> <span class='ocrx_word' id='word_1_15' title='bbox 1858 2128 1977 2194; x_wconf 89' lang='lat' dir='ltr'><em>Herico</em></span> <span class='ocrx_word' id='word_1_16' title='bbox 1999 2129 2081 2192; x_wconf 77' lang='lat' dir='ltr'><em>dirce</em></span> 
     </span>
     <span class='ocr_line' id='line_1_4' title="bbox 407 2231 2082 2316; baseline -0.002 -19"><span class='ocrx_word' id='word_1_17' title='bbox 407 2238 587 2314; x_wconf 78' lang='lat' dir='ltr'><em>praecunte,</em></span> <span class='ocrx_word' id='word_1_18' title='bbox 610 2237 725 2297; x_wconf 84' lang='lat' dir='ltr'><em>aestate</em></span> <span class='ocrx_word' id='word_1_19' title='bbox 744 2233 826 2296; x_wconf 84' lang='lat' dir='ltr'><em>anai</em></span> <span class='ocrx_word' id='word_1_20' title='bbox 841 2236 902 2296; x_wconf 82' lang='grc'><em>796</em></span> <span class='ocrx_word' id='word_1_21' title='bbox 918 2233 955 2297; x_wconf 83' lang='lat' dir='ltr'><em>de</em></span> <span class='ocrx_word' id='word_1_22' title='bbox 971 2234 1091 2298; x_wconf 77' lang='lat' dir='ltr'><strong><em>Avaris</em></strong></span> <span class='ocrx_word' id='word_1_23' title='bbox 1112 2235 1291 2314; x_wconf 78' lang='lat' dir='ltr'><em>reportavit,</em></span> <span class='ocrx_word' id='word_1_24' title='bbox 1313 2233 1356 2297; x_wconf 81' lang='lat' dir='ltr'><em>cd</em></span> <span class='ocrx_word' id='word_1_25' title='bbox 1379 2235 1497 2316; x_wconf 65' lang='lat' dir='ltr'><em>reniam</em></span> <span class='ocrx_word' id='word_1_26' title='bbox 1519 2252 1616 2314; x_wconf 80' lang='lat' dir='ltr'><em>usque</em></span> <span class='ocrx_word' id='word_1_27' title='bbox 1637 2233 1738 2312; x_wconf 72' lang='lat' dir='ltr'><em>centis</em></span> <span class='ocrx_word' id='word_1_28' title='bbox 1759 2232 1848 2296; x_wconf 84' lang='lat' dir='ltr'><em>itlius</em></span> <span class='ocrx_word' id='word_1_29' title='bbox 1869 2231 2082 2295; x_wconf 80' lang='lat' dir='ltr'><em>saevissimae</em></span> 
     </span>
     <span class='ocr_line' id='line_1_5' title="bbox 406 2335 2079 2418; baseline -0.001 -18"><span class='ocrx_word' id='word_1_30' title='bbox 406 2355 606 2418; x_wconf 71' lang='lat' dir='ltr'><em>procreasse,</em></span> <span class='ocrx_word' id='word_1_31' title='bbox 631 2339 730 2416; x_wconf 55' lang='lat' dir='ltr'><em>para,</em></span> <span class='ocrx_word' id='word_1_32' title='bbox 756 2335 885 2399; x_wconf 83' lang='lat' dir='ltr'><em>illorum</em></span> <span class='ocrx_word' id='word_1_33' title='bbox 912 2340 1082 2415; x_wconf 65' lang='lat' dir='ltr'><em>amporam</em></span> <span class='ocrx_word' id='word_1_34' title='bbox 1109 2338 1253 2416; x_wconf 83' lang='lat' dir='ltr'><em>aequalis</em></span> <span class='ocrx_word' id='word_1_35' title='bbox 1274 2337 1427 2418; x_wconf 77' lang='lat' dir='ltr'><em>rhythmis</em></span> <span class='ocrx_word' id='word_1_36' title='bbox 1448 2335 1580 2400; x_wconf 79' lang='lat' dir='ltr'><em>ructibus</em></span> <span class='ocrx_word' id='word_1_37' title='bbox 1609 2339 1701 2416; x_wconf 78' lang='lat' dir='ltr'><em>atquc</em></span> <span class='ocrx_word' id='word_1_38' title='bbox 1735 2335 1886 2415; x_wconf 84' lang='lat' dir='ltr'><em>impolitis</em></span> <span class='ocrx_word' id='word_1_39' title='bbox 1920 2335 2079 2400; x_wconf 83' lang='lat' dir='ltr'><em>cantavit.</em></span> 
     </span>
     <span class='ocr_line' id='line_1_6' title="bbox 415 2437 2081 2522; baseline -0.003 -18"><span class='ocrx_word' id='word_1_40' title='bbox 415 2440 504 2522; x_wconf 74' lang='lat' dir='ltr'><em>Quod</em></span> <span class='ocrx_word' id='word_1_41' title='bbox 529 2461 641 2521; x_wconf 79' lang='lat' dir='ltr'><em>poema</em></span> <span class='ocrx_word' id='word_1_42' title='bbox 670 2439 863 2503; x_wconf 83' lang='lat' dir='ltr'><em>inconditam</em></span> <span class='ocrx_word' id='word_1_43' title='bbox 891 2439 945 2503; x_wconf 84' lang='lat' dir='ltr'><em>scd</em></span> <span class='ocrx_word' id='word_1_44' title='bbox 969 2440 1107 2504; x_wconf 80' lang='lat' dir='ltr'><em>vividam</em></span> <span class='ocrx_word' id='word_1_45' title='bbox 1127 2440 1221 2505; x_wconf 77' lang='lat' dir='ltr'><em>Perta</em></span> <span class='ocrx_word' id='word_1_46' title='bbox 1243 2441 1278 2504; x_wconf 85' lang='lat' dir='ltr'><em>ia</em></span> <span class='ocrx_word' id='word_1_47' title='bbox 1300 2441 1398 2505; x_wconf 85' lang='lat' dir='ltr'><em>codice</em></span> <span class='ocrx_word' id='word_1_48' title='bbox 1422 2439 1625 2504; x_wconf 86' lang='lat' dir='ltr'><em>Berotiacasi</em></span> <span class='ocrx_word' id='word_1_49' title='bbox 1645 2437 1800 2502; x_wconf 79' lang='lat' dir='ltr'><em>Dicaiaao</em></span> <span class='ocrx_word' id='word_1_50' title='bbox 1827 2437 1870 2501; x_wconf 91' lang='lat' dir='ltr'><em>B.</em></span> <span class='ocrx_word' id='word_1_51' title='bbox 1887 2439 1929 2500; x_wconf 84' lang='grc'><em>66</em></span> <span class='ocrx_word' id='word_1_52' title='bbox 1946 2458 1985 2516; x_wconf 79' lang='lat' dir='ltr'><em>p.</em></span> <span class='ocrx_word' id='word_1_53' title='bbox 2004 2440 2081 2516; x_wconf 78' lang='grc'>127,</span> 
     </span>
     <span class='ocr_line' id='line_1_7' title="bbox 412 2539 2081 2624; baseline -0.001 -19"><span class='ocrx_word' id='word_1_54' title='bbox 412 2563 501 2624; x_wconf 72' lang='lat' dir='ltr'><em>qaam</em></span> <span class='ocrx_word' id='word_1_55' title='bbox 522 2562 621 2623; x_wconf 77' lang='lat' dir='ltr'><em>capra</em></span> <span class='ocrx_word' id='word_1_56' title='bbox 639 2564 673 2624; x_wconf 79' lang='lat' dir='ltr'><em>p.</em></span> <span class='ocrx_word' id='word_1_57' title='bbox 697 2545 738 2605; x_wconf 82' lang='lat'><em>32</em></span> <span class='ocrx_word' id='word_1_58' title='bbox 761 2542 923 2622; x_wconf 67' lang='lat' dir='ltr'><em>doscmbsi,</em></span> <span class='ocrx_word' id='word_1_59' title='bbox 952 2546 1107 2623; x_wconf 83' lang='lat' dir='ltr'><em>repertam</em></span> <span class='ocrx_word' id='word_1_60' title='bbox 1129 2545 1253 2624; x_wconf 63' lang='lat' dir='ltr'><em>perimas</em></span> <span class='ocrx_word' id='word_1_61' title='bbox 1278 2545 1314 2607; x_wconf 86' lang='lat' dir='ltr'><em>ia</em></span> <span class='ocrx_word' id='word_1_62' title='bbox 1343 2544 1512 2624; x_wconf 57' lang='lat' dir='ltr'><em>offendite</em></span> <span class='ocrx_word' id='word_1_63' title='bbox 1538 2543 1684 2608; x_wconf 84' lang='lat' dir='ltr'><em>editionis</em></span> <span class='ocrx_word' id='word_1_64' title='bbox 1709 2542 1789 2604; x_wconf 79' lang='lat' dir='ltr'><em>nitrio</em></span> <span class='ocrx_word' id='word_1_65' title='bbox 1821 2539 1931 2606; x_wconf 88' lang='lat' dir='ltr'><em>Caroli</em></span> <span class='ocrx_word' id='word_1_66' title='bbox 1951 2539 2081 2623; x_wconf 70' lang='lat' dir='ltr'><em>Mcyaii</em></span> 
     </span>
     <span class='ocr_line' id='line_1_8' title="bbox 412 2642 2078 2727; baseline 0 -18"><span class='ocrx_word' id='word_1_67' title='bbox 412 2646 452 2709; x_wconf 85' lang='lat' dir='ltr'><em>ab</em></span> <span class='ocrx_word' id='word_1_68' title='bbox 467 2644 634 2708; x_wconf 83' lang='lat' dir='ltr'><em>Einbardo</em></span> <span class='ocrx_word' id='word_1_69' title='bbox 654 2646 837 2725; x_wconf 74' lang='lat' dir='ltr'><em>momositae</em></span> <span class='ocrx_word' id='word_1_70' title='bbox 858 2645 999 2724; x_wconf 73' lang='lat' dir='ltr'><em>atteritis,</em></span> <span class='ocrx_word' id='word_1_71' title='bbox 1021 2667 1100 2726; x_wconf 84' lang='lat' dir='ltr'><em>qaae</em></span> <span class='ocrx_word' id='word_1_72' title='bbox 1122 2667 1207 2711; x_wconf 80' lang='lat' dir='ltr'><em>cario</em></span> <span class='ocrx_word' id='word_1_73' title='bbox 1225 2649 1306 2711; x_wconf 78' lang='lat'>1845</span> <span class='ocrx_word' id='word_1_74' title='bbox 1324 2647 1454 2727; x_wconf 79' lang='lat' dir='ltr'><em>prodiit,</em></span> <span class='ocrx_word' id='word_1_75' title='bbox 1475 2645 1564 2725; x_wconf 78' lang='lat' dir='ltr'><em>foras</em></span> <span class='ocrx_word' id='word_1_76' title='bbox 1585 2645 1677 2708; x_wconf 86' lang='lat' dir='ltr'><em>dedit.</em></span> <span class='ocrx_word' id='word_1_77' title='bbox 1723 2644 1795 2724; x_wconf 80' lang='lat' dir='ltr'><em>lpse</em></span> <span class='ocrx_word' id='word_1_78' title='bbox 1816 2642 1918 2706; x_wconf 66' lang='lat' dir='ltr'><em>mano</em></span> <span class='ocrx_word' id='word_1_79' title='bbox 1940 2644 2078 2709; x_wconf 71' lang='lat' dir='ltr'><em>amita.</em></span> 
     </span>
    </p>
   </div>
   <div class='ocr_carea' id='block_1_3' title="bbox 418 3004 1739 3299">
    <p class='ocr_par' dir='ltr' id='par_1_3' title="bbox 418 3004 1739 3299">
     <span class='ocr_line' id='line_1_9' title="bbox 418 3004 1739 3091; baseline -0.001 -22"><span class='ocrx_word' id='word_1_80' title='bbox 418 3010 478 3070; x_wconf 78' lang='lat'><em>796</em></span> <span class='ocrx_word' id='word_1_81' title='bbox 710 3008 739 3067; x_wconf 90' lang='lat' dir='ltr'><em>l.</em></span> <span class='ocrx_word' id='word_1_82' title='bbox 763 3004 913 3080; x_wconf 89' lang='lat' dir='ltr'><em>†Omues</em></span> <span class='ocrx_word' id='word_1_83' title='bbox 936 3014 1053 3091; x_wconf 78' lang='lat' dir='ltr'><em>gentes</em></span> <span class='ocrx_word' id='word_1_84' title='bbox 1076 3007 1132 3091; x_wconf 91' lang='lat' dir='ltr'><em>qui</em></span> <span class='ocrx_word' id='word_1_85' title='bbox 1154 3007 1272 3088; x_wconf 74' lang='lat' dir='ltr'><em>fecisti,</em></span> <span class='ocrx_word' id='word_1_86' title='bbox 1296 3014 1332 3071; x_wconf 92' lang='lat' dir='ltr'><em>tu</em></span> <span class='ocrx_word' id='word_1_87' title='bbox 1356 3007 1495 3087; x_wconf 78' lang='lat' dir='ltr'><em>Christe,</em></span> <span class='ocrx_word' id='word_1_88' title='bbox 1519 3005 1573 3071; x_wconf 91' lang='lat' dir='ltr'><em>dei</em></span> <span class='ocrx_word' id='word_1_89' title='bbox 1596 3005 1739 3086; x_wconf 80' lang='lat' dir='ltr'><em>sobules‚</em></span> 
     </span>
     <span class='ocr_line' id='line_1_10' title="bbox 760 3109 1711 3189; baseline 0 -18"><span class='ocrx_word' id='word_1_90' title='bbox 760 3115 873 3189; x_wconf 77' lang='lat' dir='ltr'><em>terras,</em></span> <span class='ocrx_word' id='word_1_91' title='bbox 897 3109 1016 3189; x_wconf 78' lang='lat' dir='ltr'><em>fontes,</em></span> <span class='ocrx_word' id='word_1_92' title='bbox 1040 3110 1137 3189; x_wconf 84' lang='lat' dir='ltr'><em>rivos,</em></span> <span class='ocrx_word' id='word_1_93' title='bbox 1160 3117 1288 3174; x_wconf 88' lang='lat' dir='ltr'><em>montes</em></span> <span class='ocrx_word' id='word_1_94' title='bbox 1312 3117 1345 3173; x_wconf 90' lang='lat' dir='ltr'><em>et</em></span> <span class='ocrx_word' id='word_1_95' title='bbox 1367 3109 1514 3174; x_wconf 81' lang='lat' dir='ltr'><em>formasti</em></span> <span class='ocrx_word' id='word_1_96' title='bbox 1537 3109 1711 3182; x_wconf 77' lang='lat' dir='ltr'><em>hominem,</em></span> 
     </span>
     <span class='ocr_line' id='line_1_11' title="bbox 759 3213 1547 3299; baseline 0 -23"><span class='ocrx_word' id='word_1_97' title='bbox 759 3213 951 3298; x_wconf 79' lang='lat' dir='ltr'><em>Avaresque</em></span> <span class='ocrx_word' id='word_1_98' title='bbox 976 3213 1165 3277; x_wconf 80' lang='lat' dir='ltr'><em>convertisti</em></span> <span class='ocrx_word' id='word_1_99' title='bbox 1188 3214 1310 3277; x_wconf 89' lang='lat' dir='ltr'><em>ultimis</em></span> <span class='ocrx_word' id='word_1_100' title='bbox 1334 3213 1547 3299; x_wconf 85' lang='lat' dir='ltr'><em>temporibus.</em></span> 
     </span>
    </p>
   </div>
   <div class='ocr_carea' id='block_1_4' title="bbox 707 3349 1601 3642">
    <p class='ocr_par' dir='ltr' id='par_1_4' title="bbox 707 3349 1601 3642">
     <span class='ocr_line' id='line_1_12' title="bbox 707 3349 1601 3436; baseline 0.001 -22"><span class='ocrx_word' id='word_1_101' title='bbox 707 3353 737 3413; x_wconf 82' lang='lat'><em>2.</em></span> <span class='ocrx_word' id='word_1_102' title='bbox 761 3350 866 3414; x_wconf 87' lang='lat' dir='ltr'><em>Multa</em></span> <span class='ocrx_word' id='word_1_103' title='bbox 889 3350 974 3412; x_wconf 89' lang='lat' dir='ltr'><em>mala</em></span> <span class='ocrx_word' id='word_1_104' title='bbox 998 3349 1060 3412; x_wconf 87' lang='lat' dir='ltr'><em>iam</em></span> <span class='ocrx_word' id='word_1_105' title='bbox 1083 3349 1233 3413; x_wconf 85' lang='lat' dir='ltr'><em>fecerunt</em></span> <span class='ocrx_word' id='word_1_106' title='bbox 1256 3350 1296 3413; x_wconf 90' lang='lat' dir='ltr'><em>ab</em></span> <span class='ocrx_word' id='word_1_107' title='bbox 1319 3350 1428 3413; x_wconf 90' lang='lat' dir='ltr'><em>antico</em></span> <span class='ocrx_word' id='word_1_108' title='bbox 1445 3357 1601 3436; x_wconf 76' lang='lat' dir='ltr'><em>tempore,</em></span> 
     </span>
     <span class='ocr_line' id='line_1_13' title="bbox 758 3452 1519 3538; baseline 0.001 -22"><span class='ocrx_word' id='word_1_109' title='bbox 758 3454 834 3517; x_wconf 84' lang='lat' dir='ltr'><em>fana</em></span> <span class='ocrx_word' id='word_1_110' title='bbox 856 3452 909 3517; x_wconf 90' lang='lat' dir='ltr'><em>dei</em></span> <span class='ocrx_word' id='word_1_111' title='bbox 933 3452 1167 3516; x_wconf 84' lang='lat' dir='ltr'><em>destruxerunt</em></span> <span class='ocrx_word' id='word_1_112' title='bbox 1189 3460 1288 3538; x_wconf 85' lang='lat' dir='ltr'><em>atque</em></span> <span class='ocrx_word' id='word_1_113' title='bbox 1312 3455 1519 3534; x_wconf 71' lang='lat' dir='ltr'><em>monasteria,</em></span> 
     </span>
     <span class='ocr_line' id='line_1_14' title="bbox 758 3558 1470 3642; baseline 0.001 -22"><span class='ocrx_word' id='word_1_114' title='bbox 758 3579 837 3622; x_wconf 85' lang='lat' dir='ltr'><em>vasa</em></span> <span class='ocrx_word' id='word_1_115' title='bbox 859 3579 958 3622; x_wconf 85' lang='lat' dir='ltr'><em>aurea</em></span> <span class='ocrx_word' id='word_1_116' title='bbox 982 3564 1118 3636; x_wconf 86' lang='lat' dir='ltr'><em>sacrata,</em></span> <span class='ocrx_word' id='word_1_117' title='bbox 1142 3565 1306 3642; x_wconf 77' lang='lat' dir='ltr'><em>argentea,</em></span> <span class='ocrx_word' id='word_1_118' title='bbox 1331 3558 1470 3622; x_wconf 86' lang='lat' dir='ltr'><em>fictilia¹.</em></span> 
     </span>
    </p>
   </div>
   <div class='ocr_carea' id='block_1_5' title="bbox 706 3697 1671 3991">
    <p class='ocr_par' dir='ltr' id='par_1_5' title="bbox 706 3697 1671 3991">
     <span class='ocr_line' id='line_1_15' title="bbox 706 3697 1671 3782; baseline 0.003 -22"><span class='ocrx_word' id='word_1_119' title='bbox 706 3700 734 3760; x_wconf 85' lang='lat'><em>3.</em></span> <span class='ocrx_word' id='word_1_120' title='bbox 757 3697 895 3762; x_wconf 88' lang='lat' dir='ltr'><em>Vestem</em></span> <span class='ocrx_word' id='word_1_121' title='bbox 919 3703 1064 3760; x_wconf 84' lang='lat' dir='ltr'><em>sanctam</em></span> <span class='ocrx_word' id='word_1_122' title='bbox 1088 3697 1274 3782; x_wconf 87' lang='lat' dir='ltr'><em>polluerunt</em></span> <span class='ocrx_word' id='word_1_123' title='bbox 1297 3697 1337 3760; x_wconf 92' lang='lat' dir='ltr'><em>de</em></span> <span class='ocrx_word' id='word_1_124' title='bbox 1360 3718 1417 3760; x_wconf 89' lang='lat' dir='ltr'><em>ara</em></span> <span class='ocrx_word' id='word_1_125' title='bbox 1440 3698 1671 3780; x_wconf 88' lang='lat' dir='ltr'><em>sacratissima,</em></span> 
     </span>
     <span class='ocr_line' id='line_1_16' title="bbox 757 3799 1493 3878; baseline 0.001 -16"><span class='ocrx_word' id='word_1_126' title='bbox 757 3799 948 3878; x_wconf 78' lang='lat' dir='ltr'><em>linteamina</em></span> <span class='ocrx_word' id='word_1_127' title='bbox 969 3799 1089 3863; x_wconf 80' lang='lat' dir='ltr'><em>levitae</em></span> <span class='ocrx_word' id='word_1_128' title='bbox 1113 3806 1146 3862; x_wconf 90' lang='lat' dir='ltr'><em>et</em></span> <span class='ocrx_word' id='word_1_129' title='bbox 1170 3799 1493 3864; x_wconf 88' lang='lat' dir='ltr'><em>sanctaemonislium</em></span> 
     </span>
     <span class='ocr_line' id='line_1_17' title="bbox 758 3902 1475 3991; baseline 0 -25"><span class='ocrx_word' id='word_1_130' title='bbox 758 3903 971 3991; x_wconf 73' lang='lat' dir='ltr'><em>muliebribus</em></span> <span class='ocrx_word' id='word_1_131' title='bbox 993 3902 1121 3966; x_wconf 76' lang='lat' dir='ltr'><em>tradate</em></span> <span class='ocrx_word' id='word_1_132' title='bbox 1144 3904 1302 3968; x_wconf 84' lang='lat' dir='ltr'><em>suadente</em></span> <span class='ocrx_word' id='word_1_133' title='bbox 1326 3904 1475 3968; x_wconf 88' lang='lat' dir='ltr'><em>demone.</em></span> 
     </span>
    </p>
   </div>
   <div class='ocr_carea' id='block_1_6' title="bbox 706 4038 1715 4314">
    <p class='ocr_par' dir='ltr' id='par_1_6' title="bbox 706 4038 1715 4314">
     <span class='ocr_line' id='line_1_18' title="bbox 706 4038 1715 4126; baseline 0.003 -24"><span class='ocrx_word' id='word_1_134' title='bbox 706 4045 736 4106; x_wconf 86' lang='grc'><em>4.</em></span> <span class='ocrx_word' id='word_1_135' title='bbox 758 4039 851 4103; x_wconf 89' lang='lat' dir='ltr'><em>Misit</em></span> <span class='ocrx_word' id='word_1_136' title='bbox 873 4038 954 4103; x_wconf 90' lang='lat' dir='ltr'><em>deus</em></span> <span class='ocrx_word' id='word_1_137' title='bbox 978 4039 1112 4104; x_wconf 89' lang='lat' dir='ltr'><em>Petrum</em></span> <span class='ocrx_word' id='word_1_138' title='bbox 1136 4048 1293 4114; x_wconf 82' lang='lat' dir='ltr'><em>sanctum,</em></span> <span class='ocrx_word' id='word_1_139' title='bbox 1316 4041 1499 4125; x_wconf 90' lang='lat' dir='ltr'><em>principem</em></span> <span class='ocrx_word' id='word_1_140' title='bbox 1521 4042 1715 4126; x_wconf 77' lang='lat' dir='ltr'><em>apostolum,</em></span> 
     </span>
     <span class='ocr_line' id='line_1_19' title="bbox 759 4141 1510 4227; baseline 0.001 -22"><span class='ocrx_word' id='word_1_141' title='bbox 759 4142 793 4206; x_wconf 93' lang='lat' dir='ltr'><em>in</em></span> <span class='ocrx_word' id='word_1_142' title='bbox 816 4141 975 4205; x_wconf 84' lang='lat' dir='ltr'><em>auxilium</em></span> <span class='ocrx_word' id='word_1_143' title='bbox 998 4141 1131 4226; x_wconf 87' lang='lat' dir='ltr'><em>Pippini</em></span> <span class='ocrx_word' id='word_1_144' title='bbox 1153 4143 1263 4227; x_wconf 85' lang='lat' dir='ltr'><em>magni</em></span> <span class='ocrx_word' id='word_1_145' title='bbox 1289 4143 1375 4227; x_wconf 82' lang='lat' dir='ltr'><em>regis</em></span> <span class='ocrx_word' id='word_1_146' title='bbox 1398 4144 1510 4224; x_wconf 88' lang='lat' dir='ltr'><em>filium,</em></span> 
     </span>
     <span class='ocr_line' id='line_1_20' title="bbox 757 4244 1610 4314; baseline 0.005 -6"><span class='ocrx_word' id='word_1_147' title='bbox 757 4253 793 4308; x_wconf 87' lang='lat' dir='ltr'><em>ut</em></span> <span class='ocrx_word' id='word_1_148' title='bbox 816 4244 901 4308; x_wconf 88' lang='lat' dir='ltr'><em>viam</em></span> <span class='ocrx_word' id='word_1_149' title='bbox 925 4245 995 4307; x_wconf 90' lang='lat' dir='ltr'><em>eius</em></span> <span class='ocrx_word' id='word_1_150' title='bbox 1019 4245 1190 4308; x_wconf 89' lang='lat' dir='ltr'><em>comitaret</em></span> <span class='ocrx_word' id='word_1_151' title='bbox 1213 4253 1247 4308; x_wconf 90' lang='lat' dir='ltr'><em>et</em></span> <span class='ocrx_word' id='word_1_152' title='bbox 1271 4244 1471 4309; x_wconf 84' lang='lat' dir='ltr'><em>Francorum</em></span> <span class='ocrx_word' id='word_1_153' title='bbox 1495 4248 1610 4314; x_wconf 88' lang='lat' dir='ltr'><em>aciem.</em></span> 
     </span>
    </p>
   </div>
   <div class='ocr_carea' id='block_1_7' title="bbox 705 4380 1669 4675">
    <p class='ocr_par' dir='ltr' id='par_1_7' title="bbox 705 4380 1669 4675">
     <span class='ocr_line' id='line_1_21' title="bbox 705 4380 1669 4467; baseline 0.004 -21"><span class='ocrx_word' id='word_1_154' title='bbox 705 4388 734 4446; x_wconf 82' lang='lat'><em>5.</em></span> <span class='ocrx_word' id='word_1_155' title='bbox 758 4382 833 4446; x_wconf 86' lang='lat' dir='ltr'><em>Rex</em></span> <span class='ocrx_word' id='word_1_156' title='bbox 855 4382 1000 4446; x_wconf 82' lang='lat' dir='ltr'><em>accintus</em></span> <span class='ocrx_word' id='word_1_157' title='bbox 1023 4380 1077 4445; x_wconf 91' lang='lat' dir='ltr'><em>dei</em></span> <span class='ocrx_word' id='word_1_158' title='bbox 1100 4381 1221 4445; x_wconf 87' lang='lat' dir='ltr'><em>virtute</em></span> <span class='ocrx_word' id='word_1_159' title='bbox 1244 4381 1373 4467; x_wconf 80' lang='lat' dir='ltr'><em>Pippin,</em></span> <span class='ocrx_word' id='word_1_160' title='bbox 1397 4405 1456 4447; x_wconf 87' lang='lat' dir='ltr'><em>rex</em></span> <span class='ocrx_word' id='word_1_161' title='bbox 1480 4383 1669 4466; x_wconf 84' lang='lat' dir='ltr'><em>catholicus,</em></span> 
     </span>
     <span class='ocr_line' id='line_1_22' title="bbox 759 4484 1639 4570; baseline 0.002 -21"><span class='ocrx_word' id='word_1_162' title='bbox 759 4492 867 4549; x_wconf 85' lang='lat' dir='ltr'><em>castra</em></span> <span class='ocrx_word' id='word_1_163' title='bbox 889 4484 960 4570; x_wconf 81' lang='lat' dir='ltr'><em>figit</em></span> <span class='ocrx_word' id='word_1_164' title='bbox 984 4506 1083 4570; x_wconf 89' lang='lat' dir='ltr'><em>super</em></span> <span class='ocrx_word' id='word_1_165' title='bbox 1106 4486 1227 4550; x_wconf 86' lang='lat' dir='ltr'><em>flumen</em></span> <span class='ocrx_word' id='word_1_166' title='bbox 1251 4485 1395 4549; x_wconf 91' lang='lat' dir='ltr'><em>albidum</em></span> <span class='ocrx_word' id='word_1_167' title='bbox 1418 4485 1607 4550; x_wconf 86' lang='lat' dir='ltr'><em>Danubium</em></span> <span class='ocrx_word' id='word_1_168' title='bbox 1618 4489 1639 4564; x_wconf 77' lang='lat'><em>²,</em></span> 
     </span>
     <span class='ocr_line' id='line_1_23' title="bbox 758 4589 1574 4675; baseline 0.004 -22"><span class='ocrx_word' id='word_1_169' title='bbox 758 4590 908 4654; x_wconf 87' lang='lat' dir='ltr'><em>hostibus</em></span> <span class='ocrx_word' id='word_1_170' title='bbox 931 4589 1106 4674; x_wconf 80' lang='lat' dir='ltr'><em>accingens</em></span> <span class='ocrx_word' id='word_1_171' title='bbox 1130 4595 1233 4652; x_wconf 90' lang='lat' dir='ltr'><em>totum</em></span> <span class='ocrx_word' id='word_1_172' title='bbox 1256 4589 1399 4673; x_wconf 88' lang='lat' dir='ltr'><em>undique</em></span> <span class='ocrx_word' id='word_1_173' title='bbox 1422 4591 1574 4675; x_wconf 87' lang='lat' dir='ltr'><em>presidia.</em></span> 
     </span>
    </p>
   </div>
   <div class='ocr_carea' id='block_1_8' title="bbox 707 4725 1602 5020">
    <p class='ocr_par' dir='ltr' id='par_1_8' title="bbox 707 4725 1602 5020">
     <span class='ocr_line' id='line_1_24' title="bbox 707 4725 1573 4812; baseline 0.001 -20"><span class='ocrx_word' id='word_1_174' title='bbox 707 4733 737 4792; x_wconf 83' lang='lat' dir='ltr'><em>b.</em></span> <span class='ocrx_word' id='word_1_175' title='bbox 760 4725 955 4811; x_wconf 86' lang='lat' dir='ltr'><em>nguimeri</em></span> <span class='ocrx_word' id='word_1_176' title='bbox 977 4725 1055 4788; x_wconf 83' lang='lat' dir='ltr'><em>satis</em></span> <span class='ocrx_word' id='word_1_177' title='bbox 1079 4746 1212 4810; x_wconf 79' lang='lat' dir='ltr'><em>pavens,</em></span> <span class='ocrx_word' id='word_1_178' title='bbox 1234 4725 1418 4789; x_wconf 83' lang='lat' dir='ltr'><em>Avarorum</em></span> <span class='ocrx_word' id='word_1_179' title='bbox 1441 4748 1573 4812; x_wconf 83' lang='lat' dir='ltr'><em>genere,</em></span> 
     </span>
     <span class='ocr_line' id='line_1_25' title="bbox 759 4828 1602 4916; baseline 0.001 -23"><span class='ocrx_word' id='word_1_180' title='bbox 759 4830 829 4914; x_wconf 84' lang='lat' dir='ltr'><em>regi</em></span> <span class='ocrx_word' id='word_1_181' title='bbox 851 4828 963 4893; x_wconf 86' lang='lat' dir='ltr'><em>dicens</em></span> <span class='ocrx_word' id='word_1_182' title='bbox 988 4829 1067 4892; x_wconf 85' lang='lat' dir='ltr'><em>satis</em></span> <span class='ocrx_word' id='word_1_183' title='bbox 1089 4829 1189 4893; x_wconf 88' lang='lat' dir='ltr'><em>forte:</em></span> <span class='ocrx_word' id='word_1_184' title='bbox 1213 4829 1274 4893; x_wconf 72' lang='lat' dir='ltr'><em>‘Tu</em></span> <span class='ocrx_word' id='word_1_185' title='bbox 1298 4828 1426 4894; x_wconf 83' lang='lat' dir='ltr'><em>Oacane</em></span> <span class='ocrx_word' id='word_1_186' title='bbox 1450 4831 1602 4916; x_wconf 85' lang='lat' dir='ltr'><em>perdite!&#39;</em></span> 
     </span>
     <span class='ocr_line' id='line_1_26' title="bbox 759 4922 1581 5020; baseline 0.004 -24"><span class='ocrx_word' id='word_1_187' title='bbox 759 4922 857 5016; x_wconf 88' lang='lat' dir='ltr'><em>atque</em></span> <span class='ocrx_word' id='word_1_188' title='bbox 882 4931 1029 4995; x_wconf 83' lang='lat' dir='ltr'><em>Oatunae</em></span> <span class='ocrx_word' id='word_1_189' title='bbox 1053 4932 1192 5012; x_wconf 82' lang='lat' dir='ltr'><em>mulieri,</em></span> <span class='ocrx_word' id='word_1_190' title='bbox 1216 4932 1411 4997; x_wconf 81' lang='lat' dir='ltr'><em>maledictae</em></span> <span class='ocrx_word' id='word_1_191' title='bbox 1435 4935 1581 5020; x_wconf 86' lang='lat' dir='ltr'><em>coniugi:</em></span> 
     </span>
    </p>
   </div>
   <div class='ocr_carea' id='block_1_9' title="bbox 417 5211 2081 5382">
    <p class='ocr_par' dir='ltr' id='par_1_9' title="bbox 417 5211 2081 5382">
     <span class='ocr_line' id='line_1_27' title="bbox 519 5211 2081 5300; baseline 0.006 -20"><span class='ocrx_word' id='word_1_192' title='bbox 519 5229 560 5294; x_wconf 84' lang='lat' dir='ltr'><em>l‚l</em></span> <span class='ocrx_word' id='word_1_193' title='bbox 582 5249 646 5296; x_wconf 82' lang='lat' dir='ltr'><em>quas</em></span> <span class='ocrx_word' id='word_1_194' title='bbox 663 5231 688 5280; x_wconf 89' lang='lat' dir='ltr'><strong><em>B</em></strong></span> <span class='ocrx_word' id='word_1_195' title='bbox 814 5211 863 5291; x_wconf 69' lang='lat'><em>1,3‘</em></span> <span class='ocrx_word' id='word_1_196' title='bbox 877 5245 941 5293; x_wconf 86' lang='lat' dir='ltr'><em>quos</em></span> <span class='ocrx_word' id='word_1_197' title='bbox 964 5229 1125 5278; x_wconf 77' lang='lat' dir='ltr'><em>corruertistis</em></span> <span class='ocrx_word' id='word_1_198' title='bbox 1142 5227 1167 5276; x_wconf 87' lang='lat' dir='ltr'><em>B</em></span> <span class='ocrx_word' id='word_1_199' title='bbox 1294 5225 1337 5290; x_wconf 59' lang='lat'><em>‘22</em></span> <span class='ocrx_word' id='word_1_200' title='bbox 1359 5230 1546 5282; x_wconf 84' lang='lat' dir='ltr'><em>dextruxerunt-</em></span> <span class='ocrx_word' id='word_1_201' title='bbox 1562 5231 1587 5281; x_wconf 84' lang='lat' dir='ltr'><em>B</em></span> <span class='ocrx_word' id='word_1_202' title='bbox 1712 5233 1766 5300; x_wconf 43' lang='lat'><em>3,2,</em></span> <span class='ocrx_word' id='word_1_203' title='bbox 1781 5238 2030 5298; x_wconf 70' lang='lat' dir='ltr'><em>sanctemonialium</em></span> <span class='ocrx_word' id='word_1_204' title='bbox 2054 5241 2081 5290; x_wconf 85' lang='lat' dir='ltr'><em>B</em></span> 
     </span>
     <span class='ocr_line' id='line_1_28' title="bbox 417 5311 1536 5382; baseline 0.001 -17"><span class='ocrx_word' id='word_1_205' title='bbox 417 5312 461 5379; x_wconf 84' lang='lat'><em>3,3</em></span> <span class='ocrx_word' id='word_1_206' title='bbox 478 5318 600 5368; x_wconf 72' lang='lat' dir='ltr'><em>tradamur</em></span> <span class='ocrx_word' id='word_1_207' title='bbox 613 5317 639 5366; x_wconf 90' lang='lat' dir='ltr'><em>B</em></span> <span class='ocrx_word' id='word_1_208' title='bbox 742 5314 784 5381; x_wconf 83' lang='lat' dir='ltr'><em>5‚l</em></span> <span class='ocrx_word' id='word_1_209' title='bbox 804 5317 928 5382; x_wconf 86' lang='lat' dir='ltr'><em>Pippinus</em></span> <span class='ocrx_word' id='word_1_210' title='bbox 942 5313 966 5362; x_wconf 85' lang='lat' dir='ltr'><em>B</em></span> <span class='ocrx_word' id='word_1_211' title='bbox 1069 5311 1112 5377; x_wconf 58' lang='lat'><em>52</em></span> <span class='ocrx_word' id='word_1_212' title='bbox 1130 5313 1183 5363; x_wconf 84' lang='lat' dir='ltr'><em>albl</em></span> <span class='ocrx_word' id='word_1_213' title='bbox 1196 5313 1228 5378; x_wconf 89' lang='lat' dir='ltr'><em>B,</em></span> <span class='ocrx_word' id='word_1_214' title='bbox 1247 5314 1359 5365; x_wconf 86' lang='lat' dir='ltr'><em>albidum</em></span> <span class='ocrx_word' id='word_1_215' title='bbox 1378 5317 1442 5365; x_wconf 78' lang='lat' dir='ltr'><em>corii.</em></span> <span class='ocrx_word' id='word_1_216' title='bbox 1462 5315 1536 5367; x_wconf 76' lang='lat' dir='ltr'><em>Perta</em></span> 
     </span>
    </p>
   </div>
   <div class='ocr_carea' id='block_1_10' title="bbox 417 5463 2086 5746">
    <p class='ocr_par' dir='ltr' id='par_1_10' title="bbox 417 5463 2086 5746">
     <span class='ocr_line' id='line_1_29' title="bbox 520 5463 2085 5544; baseline 0.008 -24"><span class='ocrx_word' id='word_1_217' title='bbox 520 5467 547 5534; x_wconf 82' lang='lat'><em>1)</em></span> <span class='ocrx_word' id='word_1_218' title='bbox 576 5467 650 5523; x_wconf 79' lang='lat' dir='ltr'><em>Hiat.</em></span> <span class='ocrx_word' id='word_1_219' title='bbox 673 5466 853 5537; x_wconf 70' lang='lat' dir='ltr'><em>Laayobard.</em></span> <span class='ocrx_word' id='word_1_220' title='bbox 878 5465 936 5519; x_wconf 86' lang='lat' dir='ltr'><em>cod.</em></span> <span class='ocrx_word' id='word_1_221' title='bbox 963 5465 1043 5520; x_wconf 77' lang='lat' dir='ltr'><em>uota.</em></span> <span class='ocrx_word' id='word_1_222' title='bbox 1067 5481 1088 5517; x_wconf 87' lang='lat' dir='ltr'><em>c.</em></span> <span class='ocrx_word' id='word_1_223' title='bbox 1109 5469 1126 5516; x_wconf 81' lang='lat'><em>9</em></span> <span class='ocrx_word' id='word_1_224' title='bbox 1149 5463 1214 5531; x_wconf 84' lang='lat' dir='ltr'><em>(SS.</em></span> <span class='ocrx_word' id='word_1_225' title='bbox 1235 5481 1289 5519; x_wconf 82' lang='lat' dir='ltr'><em>rer.</em></span> <span class='ocrx_word' id='word_1_226' title='bbox 1313 5467 1437 5537; x_wconf 76' lang='lat' dir='ltr'><em>Lanyob.</em></span> <span class='ocrx_word' id='word_1_227' title='bbox 1463 5469 1518 5536; x_wconf 80' lang='lat' dir='ltr'>11J:</span> <span class='ocrx_word' id='word_1_228' title='bbox 1546 5470 1635 5523; x_wconf 87' lang='lat' dir='ltr'><em>multa</em></span> <span class='ocrx_word' id='word_1_229' title='bbox 1656 5489 1722 5524; x_wconf 72' lang='lat' dir='ltr'><em>vissa</em></span> <span class='ocrx_word' id='word_1_230' title='bbox 1745 5475 1913 5530; x_wconf 70' lang='lat' dir='ltr'><em>sanctorum.</em></span> <span class='ocrx_word' id='word_1_231' title='bbox 1939 5493 2018 5544; x_wconf 87' lang='lat' dir='ltr'><em>quae</em></span> <span class='ocrx_word' id='word_1_232' title='bbox 2038 5479 2085 5534; x_wconf 88' lang='lat' dir='ltr'><em>illi</em></span> 
     </span>
     <span class='ocr_line' id='line_1_30' title="bbox 420 5569 2086 5652; baseline 0.007 -30"><span class='ocrx_word' id='word_1_233' title='bbox 420 5569 543 5623; x_wconf 85' lang='lat' dir='ltr'><em>crudeles</em></span> <span class='ocrx_word' id='word_1_234' title='bbox 563 5573 591 5623; x_wconf 88' lang='lat' dir='ltr'><em>et</em></span> <span class='ocrx_word' id='word_1_235' title='bbox 608 5571 687 5639; x_wconf 87' lang='lat' dir='ltr'><em>impii</em></span> <span class='ocrx_word' id='word_1_236' title='bbox 706 5573 866 5639; x_wconf 84' lang='lat' dir='ltr'><em>rapuerunt,</em></span> <span class='ocrx_word' id='word_1_237' title='bbox 884 5587 934 5638; x_wconf 89' lang='lat' dir='ltr'><em>per</em></span> <span class='ocrx_word' id='word_1_238' title='bbox 952 5569 1035 5622; x_wconf 87' lang='lat' dir='ltr'><em>istum</em></span> <span class='ocrx_word' id='word_1_239' title='bbox 1054 5569 1255 5622; x_wconf 82' lang='lat' dir='ltr'><em>del&#39;ensatorem</em></span> <span class='ocrx_word' id='word_1_240' title='bbox 1275 5573 1323 5636; x_wconf 81' lang='lat' dir='ltr'><em>(sc.</em></span> <span class='ocrx_word' id='word_1_241' title='bbox 1334 5569 1494 5640; x_wconf 79' lang='lat' dir='ltr'><em>Pippiaarn)</em></span> <span class='ocrx_word' id='word_1_242' title='bbox 1512 5575 1578 5626; x_wconf 86' lang='lat' dir='ltr'><em>sunt</em></span> <span class='ocrx_word' id='word_1_243' title='bbox 1595 5573 1630 5625; x_wconf 89' lang='lat' dir='ltr'><em>ad</em></span> <span class='ocrx_word' id='word_1_244' title='bbox 1643 5574 1783 5643; x_wconf 85' lang='lat' dir='ltr'><em>propriam</em></span> <span class='ocrx_word' id='word_1_245' title='bbox 1795 5591 1914 5642; x_wconf 68' lang='lat' dir='ltr'><em>reuersa.</em></span> <span class='ocrx_word' id='word_1_246' title='bbox 1989 5581 2021 5646; x_wconf 77' lang='lat'><em>2)</em></span> <span class='ocrx_word' id='word_1_247' title='bbox 2039 5583 2086 5652; x_wconf 80' lang='lat' dir='ltr'><em>Cf.</em></span> 
     </span>
     <span class='ocr_line' id='line_1_31' title="bbox 417 5672 1713 5746; baseline 0.006 -21"><span class='ocrx_word' id='word_1_248' title='bbox 417 5672 533 5725; x_wconf 80' lang='lat' dir='ltr'><em>Paulini</em></span> <span class='ocrx_word' id='word_1_249' title='bbox 550 5673 716 5741; x_wconf 74' lang='lat' dir='ltr'><em>Aaaiteiena.</em></span> <span class='ocrx_word' id='word_1_250' title='bbox 734 5673 867 5727; x_wconf 82' lang='lat' dir='ltr'><em>dictatum</em></span> <span class='ocrx_word' id='word_1_251' title='bbox 886 5674 975 5740; x_wconf 84' lang='lat' dir='ltr'><em>(Mori.</em></span> <span class='ocrx_word' id='word_1_252' title='bbox 994 5673 1104 5726; x_wconf 72' lang='lat' dir='ltr'><em>Araia.</em></span> <span class='ocrx_word' id='word_1_253' title='bbox 1122 5673 1257 5742; x_wconf 78' lang='lat' dir='ltr'><em>cd.&#39;Iaffi</em></span> <span class='ocrx_word' id='word_1_254' title='bbox 1271 5693 1301 5745; x_wconf 80' lang='lat' dir='ltr'><em>p.</em></span> <span class='ocrx_word' id='word_1_255' title='bbox 1319 5675 1396 5744; x_wconf 66' lang='lat' dir='ltr'><em>sim:</em></span> <span class='ocrx_word' id='word_1_256' title='bbox 1423 5693 1507 5744; x_wconf 87' lang='lat' dir='ltr'><em>supra</em></span> <span class='ocrx_word' id='word_1_257' title='bbox 1525 5677 1599 5746; x_wconf 84' lang='lat' dir='ltr'><em>ripas</em></span> <span class='ocrx_word' id='word_1_258' title='bbox 1617 5678 1713 5734; x_wconf 87' lang='lat' dir='ltr'><em>Histri.</em></span> 
     </span>
    </p>
   </div>
   <div class='ocr_carea' id='block_1_11' title="bbox 0 0 2274 6425">
    <p class='ocr_par' dir='ltr' id='par_1_11' title="bbox 0 0 2274 6425">
     <span class='ocr_line' id='line_1_32' title="bbox 0 0 2274 6425; baseline 0 0"><span class='ocrx_word' id='word_1_259' title='bbox 0 0 2274 6425; x_wconf 95' lang='lat' dir='ltr'><em> </em></span> 
     </span>
    </p>
   </div>
  </div>
 </body>
</html>
