4574 6442
618 407 664 460 DE
682 406 809 462 MORTE
828 409 959 491 hAZARI
977 411 1023 465 ET
1042 412 1122 467 EIUS
1142 413 1452 471 RESURRECTIONE.

532 583 580 645 17.
603 582 666 646 His
689 583 723 648 in
746 584 870 650 domini
894 585 1045 671 benignis
1069 589 1237 653 consolata
1259 589 1364 669 labiis,

602 687 721 752 cursim
744 711 886 774 pergens
910 698 944 755 at
966 692 1103 757 Mariam
1126 694 1256 758 vocavit
1279 693 1419 774 silentio,

603 790 699 856 ‘Ecce
722 800 835 858 noster
857 794 952 859 adest
974 795 1079 860 bonus
1102 798 1259 882 magister
1282 804 1316 862 et
1337 805 1434 863 vocat
1457 800 1500 863 te'
1516 799 1536 862 ¹.
1595 789 1598 792 ¹

602 893 682 959 Mox
705 897 846 962 exiliens
868 898 979 963 audito
1003 899 1083 965 Iesu
1105 908 1219 965 sancto
1241 901 1384 981 nomine,

530 1031 579 1094 18.
603 1029 746 1094 Currens
769 1033 869 1096 anxia
890 1035 1050 1119 pervenit,
1075 1042 1146 1100 erat
1168 1035 1226 1100 ubi
1248 1034 1399 1101 dominus
1409 1037 1431 1119 ²,

602 1135 747 1199 crinibus
769 1138 892 1202 avulsis
916 1139 1055 1224 sparsim
1080 1140 1188 1204 soluta
1210 1142 1389 1221 caesariae,

602 1245 717 1323 pectus
733 1235 860 1323 'pugnis
884 1241 1066 1304 sauciatum
1089 1241 1297 1307 lacrimarum
1319 1243 1432 1308 rivulis

602 1340 726 1404 teneris
749 1340 880 1406 infectis
903 1343 996 1427 genis
1020 1343 1204 1409 madefacta
1226 1344 1321 1410 facie.

529 1479 577 1539 19.
600 1475 684 1540 Nam
708 1477 763 1562 qui
787 1478 872 1543 solet
895 1501 930 1544 se
954 1480 1097 1545 suffundi
1121 1481 1221 1546 rubor
1242 1483 1505 1562 venustissimus,

602 1580 723 1644 mixtus
747 1602 841 1645 roseo
866 1583 1005 1648 candore
1030 1585 1201 1649 simulatus
1224 1585 1313 1662 liliis,

600 1683 634 1747 in
658 1685 783 1770 pallore
806 1708 884 1751 mox
907 1709 1084 1753 conversus
1108 1689 1187 1753 lusit
1209 1688 1430 1775 pulcritudini,

602 1787 668 1850 iam
691 1787 837 1872 singultu
860 1791 1033 1873 quaciente
1056 1812 1122 1855 vox
1145 1791 1305 1856 stridebat
1327 1792 1468 1876 gracilis.

525 1923 576 1984 20.
601 1921 681 1984 Mox
703 1923 873 2008 amplexos
896 1923 1066 1988 incurvata
1089 1922 1211 1989 Christi
1233 1924 1336 2011 pedes
1360 1926 1548 2008 strinxerat,

602 2025 691 2089 ‘Heu
714 2047 778 2106 me,
801 2025 943 2108 domine,
967 2028 995 2091 ai
1018 2049 1155 2114 presens
1175 2028 1349 2109 adfuisses,
1371 2029 1516 2094 Lazarus

598 2148 664 2192 non
686 2127 804 2192 luisset
826 2128 986 2194 delicatus
1009 2151 1102 2194 meus
1125 2130 1227 2195 frater
1249 2133 1417 2206 mortuus';

601 2231 725 2295 flebant
746 2231 878 2296 Martha
900 2240 933 2297 ct
955 2233 1069 2312 Maria,
1094 2241 1229 2298 cunctus
1252 2235 1352 2300 flebat
1373 2236 1546 2323 populus³.

527 2373 579 2433 21.
603 2367 698 2442 Quod
719 2376 756 2434 nt
771 2370 933 2435 Martham
957 2372 1039 2437 vidit
1061 2374 1140 2438 llere
1163 2395 1201 2438 ac
1224 2375 1361 2440 Mariam
1384 2375 1546 2458 dominus,

602 2480 707 2537 tactus
732 2473 838 2538 cordis
863 2482 914 2539 est
936 2475 1048 2540 dolore
1070 2475 1213 2562 benigno
1237 2478 1413 2543 clementia

602 2582 705 2640 semet
728 2576 836 2661 ipsum
858 2598 936 2641 mox
957 2578 1111 2658 turbavit,
1134 2579 1267 2644 fremuit
1289 2582 1323 2644 in
1347 2581 1472 2668 spiritu,

601 2679 790 2743 lacrimatus
815 2686 866 2744 est
889 2687 922 2745 et
945 2681 1016 2766 ipse
1039 2688 1127 2746 totus
1151 2681 1255 2747 dulcis
1279 2682 1459 2749 deminuet

527 2818 578 2878 22.
601 2813 723 2878 Nostra
744 2821 854 2879 tamen
877 2816 1051 2880 miseratus
1075 2817 1165 2881 flevit
1187 2816 1228 2882 dc
1252 2818 1446 2902 substantia,

600 2939 696 3003 quam
720 2919 867 3004 suscepit
888 2919 1021 3005 pietatis
1045 2921 1199 3006 exigente
1223 2923 1359 3003 viscere,

601 3023 634 3086 in
656 3044 720 3108 quo
743 3021 824 3087 deus
848 3029 918 3088 erat
940 3045 1038 3088 verus
1059 3025 1139 3090 flere
1162 3046 1327 3110 nunquam
1351 3027 1466 3112 potuit,

601 3148 661 3192 nec
684 3126 809 3190 turbari
828 3133 938 3212 potest
960 3128 1017 3192 illa
1039 3126 1143 3192 dealis
1166 3130 1322 3193 essentia.

527 3266 578 3327 23.
602 3262 679 3327 ‘Ubi
702 3262 858 3348 posuistis
882 3263 978 3342 eum',
1002 3263 1098 3328 Iesus
1122 3264 1236 3348 inquit,
1260 3264 1391 3331 ‘dicite’.

604 3366 716 3446 ‘Veni,
739 3365 881 3443 domine,
905 3388 990 3431 nunc
1014 3365 1116 3441 vide’;
1140 3368 1230 3432 flevit
1251 3389 1363 3433 rursus
1385 3368 1546 3448 dominus,

602 3471 725 3534 flebant
747 3469 899 3533 nimirum
920 3468 1024 3550 Iudei,
1048 3469 1197 3534 dicentes
1223 3469 1264 3534 ad
1287 3471 1443 3536 invicem:

601 3573 640 3638 ‘O
664 3594 761 3658 qnam
784 3579 898 3637 tenere
921 3572 1085 3637 viventem
1108 3572 1267 3658 diligebat
1289 3573 1493 3638 Lazarum’⁵.

527 3712 577 3773 24.
602 3708 793 3773 ‘Patefacite
818 3707 1018 3793 speluncam,
1040 3715 1207 3773 removete
1230 3709 1394 3795 lapidem’.

602 3812 689 3877 ‘Heu
712 3833 775 3892 me,
799 3810 938 3890 domine,
962 3811 1026 3875 iam
1049 3810 1132 3876 fetet
1153 3812 1323 3897 reliquatio
1346 3814 1507 3880 carnibus.

602 3922 717 4002 quarto
741 3915 831 3980 radio
854 3915 918 3979 iam
944 3915 1023 3979 solis
1045 3914 1204 4000 refugatis
1227 3917 1382 3998 tenebris,

602 4021 661 4085 lux
683 4021 717 4084 in
741 4019 819 4085 orbe
842 4017 990 4099 radiavit,
1015 4039 1057 4083 ex
1080 4039 1142 4103 quo
1165 4019 1253 4084 iacet
1275 4023 1455 4086 morasse

527 4272 578 4332 25.
602 4267 747 4333 Veniant
770 4266 832 4330 iste
856 4286 986 4330 sorores
1008 4286 1067 4351 pro
1092 4265 1198 4330 salute
1221 4267 1351 4348 mortui,

601 4361 712 4437 Iesum
734 4370 879 4435 lacrimis
901 4375 1049 4448 exorent,
1072 4376 1109 4433 ut
1132 4370 1311 4436 clementer
1333 4373 1483 4454 animam,

601 4495 685 4560 quae
709 4480 760 4539 est
781 4479 909 4537 mortua
930 4479 1085 4559 respectu
1107 4473 1240 4559 pietatis
1264 4475 1412 4556 suscitet,

601 4577 826 4643 insensibilem
851 4577 992 4661 rigorem
1016 4575 1057 4641 de
1082 4576 1179 4641 corde
1204 4584 1381 4643 removeat.

529 4721 580 4781 26.
603 4717 746 4781 Possunt
767 4713 867 4779 etiam
888 4735 949 4799 per
970 4712 1051 4778 duas
1074 4713 1134 4777 has
1158 4734 1288 4779 sorores
1312 4735 1456 4800 congrue

602 4820 666 4884 due
689 4819 756 4883 vite
779 4817 912 4901 figurari
933 4824 1072 4903 utreque
1095 4817 1284 4905 perspicue:

603 4925 706 4988 altera
727 4921 894 4986 laboriosa
916 4942 999 5006 quac
1023 4920 1119 4986 sudat
1141 4921 1175 4984 in
1198 4942 1307 5008 opere,

602 5027 707 5090 altera
727 5045 811 5109 quae
835 5022 1007 5110 suspendit
1029 5023 1147 5109 raptim
1171 5045 1270 5109 super
1292 5024 1417 5088 ethera.

312 5367 372 5434 182
389 5371 473 5422 soluto
492 5365 528 5418 M
624 5366 683 5434 18,3
700 5371 761 5420 Pect
779 5364 813 5418 M
908 5363 966 5432 18,4
984 5368 1049 5431 facie
1061 5364 1095 5418 M
1180 5365 1237 5433 19,1
1257 5367 1335 5418 robur
1352 5363 1388 5417 M
1477 5363 1536 5428 19‚4
1547 5384 1599 5418 nox
1609 5363 1643 5417 M
1710 5367 1810 5419 craeilis
1827 5365 1861 5418 M

208 5453 266 5521 21,1
288 5457 336 5506 hac
354 5452 388 5505 M
492 5453 551 5520 23‚1
564 5457 660 5508 Hiesus
677 5456 765 5523 inquid
782 5457 858 5508 rlieito
868 5451 904 5504 M
996 5452 1058 5522 24,4
1079 5455 1120 5507 hic
1130 5455 1192 5522 finit
1202 5451 1236 5504 M
1316 5449 1421 5504 25-28
1436 5461 1575 5520 sequuntur
1591 5453 1619 5504 iu
1636 5451 1666 5504 F
1678 5452 1810 5519 stropham
1827 5451 1861 5507 15

206 5539 266 5607 ‘2552
283 5543 368 5592 amma
386 5541 415 5592 F
514 5537 575 5606 253
593 5543 694 5608 pietatis
711 5543 740 5594 F
838 5541 899 5607 aar
917 5559 1031 5610 congrua
1049 5542 1078 5594 F
1177 5536 1237 5604 263
1255 5538 1363 5590 labriese
1380 5538 1410 5590 F
1515 5535 1575 5604 26,4
1593 5539 1702 5607 rupthinr
1719 5537 1749 5590 F

312 5725 338 5792 ι)
361 5724 422 5778 ns.
441 5724 533 5788 nae.
602 5723 631 5792 a
649 5722 691 5783 rc.
709 5728 751 5782 aa.
821 5727 848 5794 a)
867 5726 912 5781 ro.
931 5725 973 5780 aa.
1042 5726 1069 5791 4)
1087 5724 1131 5780 u.
1149 5723 1192 5779 aa.
1261 5723 1289 5792 s)
1307 5722 1352 5778 u.
1370 5721 1482 5777 as-as.
1552 5721 1637 5791 siro.
1655 5721 1698 5777 aa
