4756 6412
1104 379 1310 434 THEODULFl
1328 380 1503 434 CAllMlNA.

845 553 1003 637 Pinguior
1026 553 1078 617 bic
1101 554 1157 617 illo
1178 561 1240 633 est,
1262 553 1317 617 hie
1340 561 1392 617 est
1414 574 1544 639 quoque
1568 555 1698 618 tenuior
1719 556 1786 634 illo.

752 677 788 712 rso
931 655 997 720 Sed
1019 677 1173 722 mensura
1195 655 1286 721 dedit
1307 658 1404 721 altior
1426 679 1501 721 esse
1524 679 1633 743 pares.

844 759 1008 824 Pomislua
1031 761 1147 825 sollers
1171 761 1282 825 veniat
1303 760 1345 826 de
1369 759 1447 825 sede
1470 761 1637 827 Menalcas
1651 764 1672 835 ¹,

929 863 1089 928 Sudorem
1112 864 1306 950 abstergens
1329 865 1448 930 frontis
1471 867 1513 930 ab
1536 888 1611 931 aree
1634 887 1742 930 manu.

848 966 952 1041 Quem
975 987 1075 1053 saepe
1099 966 1299 1051 ingrediens,
1322 969 1484 1054 pistorum
1507 970 1577 1034 sive
1599 991 1778 1056 eoquorum

926 1072 1078 1137 Vallatus
1102 1075 1226 1146 cuneis,
1249 1075 1300 1138 ius
1325 1074 1481 1159 synodale
1504 1076 1599 1160 gerit.

751 1195 788 1231 rss
847 1173 1031 1239 Prudenter
1053 1177 1109 1259 qui
1132 1183 1250 1240 cuncta
1271 1198 1402 1261 gorens,
1425 1179 1606 1264 epulasque
1628 1178 1795 1265 dapesque

928 1277 1031 1363 Regis
1054 1279 1249 1344 honoratum
1272 1280 1400 1345 deferat
1421 1289 1498 1346 ante
1521 1282 1684 1346 thronum.

846 1379 1013 1445 Adveniet
1034 1381 1194 1468 pincerna
1215 1391 1333 1469 potens
1356 1384 1530 1470 Eppinus²
1553 1391 1587 1450 et
1609 1386 1691 1472 ipse,

926 1483 1134 1570 Pulchraque
1157 1508 1238 1551 uasa
1261 1508 1369 1568 manu,
1391 1489 1534 1573 vinaque
1557 1495 1652 1574 grata
1674 1489 1782 1554 vehat.

844 1586 916 1651 Iam
938 1587 1200 1653 circumsedeant
1222 1592 1347 1675 regalia
1368 1590 1507 1677 prandia
1528 1593 1621 1673 iussi,

755 1712 791 1750 no
931 1691 1096 1757 Laetitiae
1119 1692 1216 1758 detur
1237 1715 1355 1761 munus
1378 1697 1419 1760 ab
1442 1718 1505 1760 axe
1528 1697 1606 1783 poli.

844 1793 888 1858 Et
910 1801 1004 1881 pater
1025 1795 1190 1860 Albinus³
1213 1796 1328 1862 sedeat
1350 1800 1406 1884 pia
1426 1799 1529 1864 rerba
1550 1799 1697 1872 daturus,

927 1897 1188 1985 sumpturusque
1211 1899 1302 1965 cibos
1327 1922 1384 1966 ore
1406 1922 1571 1988 manuque
1594 1902 1712 1967 libens.

845 2001 914 2066 Aut
936 2003 974 2083 si,
997 2002 1139 2084 Bacche,
1162 2005 1220 2084 tui,
1244 2013 1301 2069 aut
1324 2004 1473 2071 Cerealis
1496 2007 1593 2092 pocla
1613 2006 1750 2090 liquoris

928 2105 1074 2191 Porgere
1096 2109 1288 2194 praecipiat,
1312 2109 1379 2173 fors
1403 2116 1437 2174 et
1458 2116 1631 2194 utrumque
1654 2110 1753 2190 volet,

752 2228 789 2266 os
846 2206 919 2280 Quo
942 2211 1060 2276 melius
1084 2209 1211 2292 doceat,
1236 2212 1354 2276 molius
1377 2233 1438 2277 sua
1459 2212 1570 2277 fistula
1592 2219 1712 2294 cantet,

932 2313 968 2377 Si
990 2314 1181 2380 doctrinalis
1204 2317 1347 2402 pectoris
1371 2324 1466 2381 antra
1487 2317 1582 2402 riget.

845 2416 926 2482 Este
950 2420 1065 2505 procul
1087 2421 1230 2506 pultes⁴‚
1254 2426 1288 2485 et
1310 2420 1404 2485 lactis
1427 2441 1538 2484 massa
1560 2421 1697 2500 coacti⁵‚

933 2521 1000 2587 Sed
1021 2524 1217 2610 pigmentati
1240 2525 1285 2588 sis
1309 2545 1411 2610 prope
1435 2547 1550 2590 mensa
1572 2525 1648 2590 cibi.

848 2624 1051 2712 Partioipent
1072 2628 1195 2692 mensis
1217 2627 1343 2713 epulas,
1367 2635 1401 2692 et
1422 2627 1532 2692 dulcia
1554 2635 1684 2693 sumant

753 2748 790 2785 200
932 2728 1069 2810 Pabula,
1091 2731 1168 2795 nina
1190 2731 1304 2796 bibant
1326 2739 1482 2816 stansque
1506 2731 1690 2817 sedensque
1714 2733 1821 2798 simul.

847 2833 911 2898 His
933 2833 1020 2899 bene
1042 2835 1191 2921 patratis,
1214 2835 1338 2900 mensis
1362 2834 1566 2921 dapibusque
1588 2835 1723 2900 remotis
1732 2837 1754 2914 ⁶,

930 2936 1054 3023 Pergat
1076 2938 1204 3002 laetitia
1225 2939 1320 3025 plebs
1344 2939 1522 3002 eomitante
1545 2938 1644 3002 foras.

845 3044 984 3130 Hacque
1007 3045 1095 3109 intus
1119 3050 1309 3110 remanente
1333 3043 1433 3109 sonet'
1449 3042 1664 3108 Theodulfica
1685 3042 1790 3122 Musa.

931 3148 1025 3222 Quae
1049 3148 1159 3213 foveat
1182 3170 1289 3234 reges,
1311 3148 1455 3212 mulceat
1476 3153 1510 3211 et
1532 3168 1697 3235 proceres.

751 3274 790 3313 20⁵
848 3250 972 3317 Audiat
993 3252 1079 3316 hene
1102 3252 1213 3316 forsan
1236 3253 1443 3316 membrosus
1466 3251 1631 3316 Wibodus
1654 3251 1782 3320 heros⁷.

930 3353 1104 3420 Concutiat
1126 3377 1272 3420 crassum
1295 3361 1408 3439 terque
1432 3359 1611 3440 quaterque
1634 3355 1768 3440 caput⁸.

861 3457 905 3522 Et
926 3463 1055 3522 torvum
1075 3457 1262 3545 adspiciens
1285 3460 1442 3544 vultuque
1465 3465 1499 3523 et
1520 3479 1601 3523 roee
1624 3459 1776 3535 minetur,

931 3559 1181 3647 Absentemque
1205 3562 1274 3626 suis
1296 3583 1349 3626 me
1372 3560 1490 3625 obruat
1513 3562 1569 3626 ille
1592 3561 1699 3625 minis.

849 3665 954 3739 Quem
978 3665 1006 3728 si
1028 3664 1113 3729 forte
1136 3671 1233 3729 vocet
1254 3665 1361 3750 pietas
1384 3664 1573 3750 gratissima
1594 3665 1692 3750 regis,

752 3789 791 3828 210
934 3767 1061 3833 Gressu
1085 3774 1138 3832 eet
1161 3768 1295 3854 obliquo
1318 3768 1371 3832 vel
1394 3766 1557 3832 titubante
1579 3787 1667 3852 genu
1681 3767 1703 3831 ⁹.

846 3871 890 3935 nt
913 3893 973 3936 sua
995 3871 1173 3958 praecedat
1195 3872 1392 3937 tumefactus
1414 3879 1551 3958 pectora
1573 3878 1698 3950 venter,

930 3975 975 4039 Et
996 3974 1082 4061 pede
1106 3975 1302 4055 Vulcanum,
1325 3996 1406 4040 voce
1430 3974 1544 4040 Iovem
1566 3974 1698 4040 referat.

849 4078 945 4144 Haec
968 4079 1015 4143 ita
1037 4077 1114 4144 dum
1136 4080 1228 4160 liunt,
1252 4078 1329 4143 dum
1353 4079 1498 4144 carmina
1519 4084 1631 4143 nostra
1651 4078 1815 4163 legimtun

744 4253 747 4260 Δ
931 4181 1005 4248 Stet
1028 4180 1207 4248 Soottellus
1229 4183 1285 4264 ibi,
1308 4203 1363 4248 res
1387 4183 1458 4247 sine
1480 4183 1556 4266 lege
1579 4182 1701 4260 furens,

753 4309 791 4345 ns
847 4286 915 4352 Res
938 4285 1019 4368 dira,
1042 4286 1147 4351 hostis
1170 4295 1275 4368 atrox,
1299 4287 1402 4352 hebes
1425 4286 1549 4366 horror,
1573 4285 1676 4373 pestis
1699 4284 1826 4363 acerba,

931 4390 1094 4478 Litigiosa
1115 4395 1198 4474 lues,
1220 4414 1274 4457 res
1296 4392 1378 4473 fera,
1402 4389 1526 4478 grande
1549 4389 1653 4456 nefas.

764 4579 765 4582 Ἴ
851 4495 919 4562 Res
942 4496 1024 4576 fera,
1047 4517 1101 4561 res
1126 4497 1240 4583 turpis,
1264 4517 1319 4562 res
1342 4495 1465 4580 segnis,
1487 4515 1605 4579 resque
1627 4490 1779 4569 nefanda,

929 4599 998 4666 Res
1021 4601 1143 4666 infesta
1164 4601 1239 4688 piis,
1261 4622 1316 4667 res
1339 4600 1472 4665 inimica
1493 4599 1599 4665 bonis.

845 4703 890 4768 Et
911 4705 1064 4768 manibus
1088 4705 1206 4784 curvis,
1229 4705 1362 4790 paulum
1386 4703 1514 4770 cervice
1537 4701 1712 4779 reflexam,

752 4829 791 4866 220
935 4807 1010 4872 Non
1033 4814 1125 4872 recta
1147 4807 1189 4873 ad
1212 4807 1369 4873 stolidum
1391 4807 1526 4873 brachia
1547 4810 1663 4893 pectus
1687 4807 1772 4868 eant.

587 5049 634 5104 181
654 5050 776 5104 solersS
879 5048 929 5101 199
947 5067 1048 5102 mensas
1065 5051 1188 5117 epulisS,
1206 5069 1273 5101 corr.
1292 5050 1398 5102 Liersolr
1501 5045 1553 5101 200
1570 5046 1700 5099 bibentS

586 5191 612 5256 1)
633 5187 714 5256 Verp.
734 5187 797 5240 Ecl.
815 5185 897 5250 X,20
915 5185 1021 5240 Uridus
1041 5185 1157 5240 bibema
1174 5185 1253 5240 venit
1270 5185 1305 5240 de
1323 5185 1426 5254 glande
1445 5186 1599 5249 Menalcam
1618 5183 1655 5251 cf.
1673 5195 1761 5250 supro
1774 5196 1804 5248 p.
1819 5176 1947 5240 mssa.
1998 5172 2025 5232 ἓ)
2043 5167 2137 5221 Eber-

481 5291 596 5355 lsordus,
613 5290 651 5358 cf.
670 5305 760 5359 supro
774 5307 804 5359 p.
822 5289 884 5342 246.
954 5290 981 5355 3)
999 5289 1141 5344 Akroinos.
1212 5291 1240 5358 4)
1261 5290 1310 5343 Oc.
1329 5289 1391 5344 Art.
1411 5292 1470 5342 Aua.
1489 5292 1531 5356 II,
1542 5289 1589 5342 151
1609 5287 1674 5340 Este
1693 5283 1789 5354 procul
1804 5280 1883 5342 lites;
1900 5277 1979 5340 I‚31;
1996 5271 2033 5339 cs.
2045 5285 2137 5337 supra

478 5411 508 5463 p.
521 5395 573 5448 ‘246
588 5410 615 5448 n.
629 5395 653 5448 7.
706 5392 1011 5460 o)Mer.V111,oooet
1031 5392 1113 5447 lactis
1131 5411 1222 5446 massa
1240 5394 1338 5448 coacti.
1409 5394 1437 5461 o)
1459 5392 1539 5460 Vero.
1560 5395 1626 5445 Aen.
1644 5389 1671 5457 Ι,
1680 5387 1740 5454 216,
1750 5385 1800 5439 723
1823 5393 1987 5448 mensaeque
2003 5375 2137 5428 remotae.

482 5496 510 5565 7)
530 5497 759 5567 comesurum
776 5497 981 5566 Parayoreu,
998 5496 1034 5564 ef.
1047 5495 1139 5551 ream
1158 5497 1324 5551 semmae
1340 5497 1404 5566 imp.
1423 5496 1476 5550 aa
1494 5495 1552 5564 (sa.
1566 5494 1609 5558 11,
1619 5493 1689 5562 ora).
1750 5489 1778 5556 a)
1793 5487 1839 5542 ου.
1851 5483 1953 5544 Meta
1966 5479 2013 5535 1⁷9
2031 5475 2136 5546 aprus

483 5600 622 5654 concussit
634 5603 733 5669 terque
745 5602 901 5669 quaterque
916 5602 922 5668 Ι
937 5599 1106 5665 caesariem
1124 5605 1166 5666 ΙΙ,
1175 5603 1287 5657 49—50.
1357 5603 1385 5670 9)
1405 5599 1539 5655 Pmdent.
1556 5603 1652 5653 contro
1669 5596 1767 5670 Syrum
1780 5594 1821 5654 ΙΙ,
1830 5590 1881 5643 319
1899 5582 2004 5644 titubat
2018 5624 2023 5635 .
2035 5622 2042 5636 .
2056 5596 2135 5650 gres·

481 5718 590 5775 susque.
662 5703 705 5774 10)
720 5703 768 5759 Oc.
783 5704 845 5759 Art.
857 5705 919 5760 Am.
935 5708 994 5772 III,
1004 5706 1055 5759 779
1069 5705 1186 5778 paulum
1205 5706 1311 5762 cervice
1328 5705 1437 5762 reflexa.
