4666 6406
1058 421 1265 482 innocuum
1284 423 1460 482 caunum.

805 601 856 666 Tu
878 600 1036 666 Tiberina
1058 601 1122 664 tuis
1145 601 1292 664 lustrasti
1314 599 1425 663 littora
1446 599 1560 684 gestis,

888 703 933 769 Et
955 725 1041 769 nunc
1064 703 1263 770 Rhenicolas
1287 704 1372 768 ossis
1394 703 1518 768 honore
1541 702 1631 768 beas.

739 829 751 866 ⁵
808 806 925 888 Roma,
948 807 1080 873 favente
1103 806 1166 872 deo
1189 806 1302 872 vidisti
1325 807 1358 870 in
1380 811 1523 890 martyre
1547 805 1651 890 signa,

888 909 994 991 Nunc,
1018 909 1183 976 Germana
1205 910 1333 990 cohors,
1356 909 1463 974 cernis
1486 907 1519 972 id
1542 907 1638 994 ipsud
1661 929 1754 993 opus.

806 1013 924 1078 Aulioa
946 1012 1089 1078 silvestri
1111 1012 1249 1078 delubra
1270 1013 1304 1076 in
1328 1033 1402 1077 rure
1425 1011 1555 1093 locasti,

891 1115 1025 1202 Martyr,
1049 1123 1083 1182 et
1104 1117 1138 1180 in
1161 1116 1273 1182 vacuis
1297 1115 1442 1201 syrtibus
1465 1115 1541 1180 aula
1562 1114 1671 1180 micat.

806 1218 982 1284 Nanarium
1004 1220 1126 1285 vocitat
1148 1221 1234 1285 hunc
1256 1220 1369 1286 florem
1392 1219 1482 1283 natio
1506 1223 1632 1298 cuncta,

727 1343 752 1382 ιο
889 1321 974 1386 Nam
997 1343 1096 1387 nazar
1118 1322 1275 1388 Hebraea
1297 1321 1357 1385 flos
1380 1319 1464 1386 bene
1487 1319 1600 1404 lingua
1621 1325 1727 1383 vocat.

807 1424 906 1489 Hunc
928 1446 991 1510 ego
1014 1425 1238 1512 Wangionum
1260 1425 1397 1489 veuIens
1420 1423 1559 1488 festinus
1581 1420 1623 1486 ab
1646 1420 1744 1486 urbc¹
1772 1435 1775 1442 '

891 1527 979 1593 Dum
1001 1536 1159 1615 peterem,
1182 1529 1249 1594 vidi
1271 1527 1358 1593 nube
1381 1528 1491 1592 nivem
1514 1525 1641 1591 cadere.

809 1630 956 1695 Pisoiflui
977 1630 1087 1697 Rheni
1109 1632 1244 1696 transivi
1268 1630 1301 1694 in
1323 1629 1441 1694 robore
1464 1628 1562 1714 ripas,

893 1733 939 1796 Ut
961 1733 1057 1799 citius
1080 1754 1212 1820 possem
1234 1734 1305 1797 eius
1328 1731 1418 1796 adire
1442 1730 1560 1798 locum.

1074 1977 1483 1988 —.-—.-.—-—-—-

1188 2273 1224 2336 s
1239 2239 1293 2314 Ἢ·
1309 2215 1324 2242 q

787 2394 849 2468 DE
874 2393 1162 2469 VULPECULA
1188 2391 1433 2468 lNVOLANT
1435 2393 1464 2468 Ε
1492 2391 1751 2468 GALLINAM.

811 2546 874 2613 Est
895 2549 998 2628 locus,
1020 2546 1107 2611 huno
1131 2545 1276 2612 vocitant
1299 2541 1463 2630 carropm
1487 2544 1679 2629 cognomine
1703 2541 1800 2626 Galli,

895 2647 967 2724 Quo
990 2655 1083 2735 patet
1105 2649 1219 2714 electis
1241 2647 1350 2712 aulica
1373 2653 1467 2733 porta
1489 2646 1571 2732 poli;

815 2752 888 2829 Quo
913 2753 1085 2817 salvatoris
1109 2752 1170 2817 sub
1194 2751 1326 2817 nomine
1349 2750 1514 2836 praenitet
1535 2750 1621 2832 aula,

900 2855 1014 2932 Quove
1038 2855 1226 2920 monasterii
1250 2855 1394 2918 claustra
1415 2852 1536 2918 decora
1558 2860 1700 2918 manent.

746 2985 758 3020 s
818 2959 932 3026 Enitet
953 2959 1008 3024 hic
1032 2959 1128 3024 rutilo
1152 2967 1338 3024 sauctorum
1362 2958 1499 3044 pignore
1522 2957 1636 3038 frctus,

896 3063 988 3129 Vivit
1011 3069 1045 3128 et
1068 3064 1189 3129 eximie
1212 3063 1309 3128 turbo
1331 3061 1438 3127 fidelis
1462 3063 1518 3128 ibi.

815 3166 967 3254 Denique
990 3167 1180 3248 Rotharius,
1204 3188 1314 3232 comes
1337 3167 1464 3252 ingens,
1487 3166 1628 3251 inclytus
1652 3165 1776 3246 hcros³,

899 3269 1047 3357 Coniuge
1071 3293 1144 3336 oum
1167 3270 1321 3335 Eufrasia
1343 3269 1488 3335 condidit
1509 3267 1598 3333 istud
1620 3270 1727 3355 opus⁴.

816 3375 890 3442 Hoc
913 3375 1001 3441 fulvo
1023 3384 1171 3462 argento,
1195 3376 1400 3462 gemmisque
1424 3380 1563 3440 exornat
1585 3381 1619 3439 ct
1640 3395 1730 3454 auro,

736 3501 761 3540 ιο
904 3479 1021 3545 AIfluit
1043 3486 1078 3545 et
1100 3480 1205 3560 libris,
1228 3480 1377 3546 vestibus
1399 3485 1497 3566 atque
1521 3478 1633 3543 sacris.

817 3583 968 3664 Praedia,
991 3590 1095 3670 prata,
1119 3583 1244 3662 domos,
1268 3585 1378 3664 siivas,
1401 3583 1522 3663 vincta,
1546 3582 1690 3664 colonos,

898 3686 943 3752 Et
964 3709 1085 3774 pecora
1107 3694 1141 3752 et
1162 3687 1309 3774 pecudes
1333 3694 1367 3753 et
1388 3688 1475 3753 bona
1498 3707 1646 3772 quaeque
1669 3683 1770 3765 dedit,

815 3791 933 3877 Largis
956 3790 1027 3856 dira
1049 3792 1168 3877 quibus
1191 3791 1339 3856 manibus
1363 3792 1505 3877 pellatur
1527 3794 1669 3874 egestas,

899 3893 1067 3961 Aethereo
1090 3894 1214 3960 fructus
1237 3895 1438 3980 suscipiente
1461 3913 1557 3979 penu,

736 4022 760 4059 n
819 3997 865 4063 Ut
886 3996 968 4062 deus
991 3997 1079 4062 huuc
1103 4018 1248 4062 summus
1271 3997 1461 4082 peccamine
1484 4000 1603 4080 purget
1624 3992 1665 4058 ab
1688 3993 1786 4074 omni,

901 4097 1142 4185 Caelicolisque
1165 4099 1239 4185 pius
1262 4099 1378 4183 iungat
1398 4097 1431 4162 in
1456 4118 1531 4162 arce
1554 4085 1674 4164 choris.

816 4201 969 4267 Partibus
993 4221 1036 4266 ex
1057 4201 1137 4265 atris
1160 4199 1270 4266 studet
1291 4200 1379 4265 hunc
1401 4198 1578 4265 defendere
1602 4197 1761 4272 Christus,

903 4302 1009 4379 Quem
1031 4304 1199 4391 proprium
1228 4303 1271 4369 ad
1294 4305 1418 4369 cultum
1441 4308 1612 4369 consecret
1634 4303 1705 4388 ipse
1728 4302 1847 4366 locum.

557 4479 853 4488 mm...-
1727 4473 1997 4482 -ψ--φ--α

525 4592 571 4663 [L]
588 4613 620 4648 ca·
636 4597 676 4649 ed.
696 4595 831 4648 simonos·
843 4615 872 4664 p.
892 4594 943 4648 198
961 4598 978 4650 I.
997 4599 1035 4648 III
1053 4616 1073 4650 c.
1087 4600 1148 4649 VIII

558 4778 584 4846 1)
602 4778 761 4834 Wormatio.
820 4781 846 4848 2)
862 4779 1023 4848 Gtorroux,
1046 4781 1084 4836 ad
1095 4783 1216 4850 fluvium
1238 4783 1373 4837 Ctareatc
1390 4781 1472 4836 mium
1492 4781 1523 4834 in
1536 4796 1612 4850 papo
1633 4779 1806 4847 Pictaoeasi5
1822 4779 1889 4834 Aea.
1909 4781 1968 4844 ΙΙΙ,
1989 4779 2040 4834 163
2057 4777 2107 4832 Fet

455 4879 544 4946 locus,
571 4881 734 4952 Hesperiam
753 4882 819 4937 Grai
844 4875 1008 4953 cognomine
1026 4884 1131 4940 dicunt.
1193 4885 1220 4952 3)
1238 4886 1283 4939 Dc
1295 4860 1466 4953 Rottepario
1483 4884 1578 4939 comite
1595 4882 1784 4938 Lemouiccam'
1806 4883 1843 4952 cf.
1865 4883 1955 4937 Vitam
1973 4881 2106 4936 Htudow.

455 4982 518 5052 imp.
542 4998 564 5037 c.
584 4984 602 5038 3
620 4985 678 5054 (SS.
698 4989 739 5052 II,
751 4986 828 5054 608),
852 4987 929 5042 Mon.
947 4989 1056 5043 Acuta.
1071 5005 1102 5058 p.
1121 4987 1180 5052 604,
1204 4987 1385 5042 Motlcacter
1403 4986 1472 5056 Rey.
1491 4985 1539 5040 der
1562 4987 1659 5042 Korot.
1678 4987 1736 5040 145.
1806 4987 1834 5052 4)
1856 4985 1898 5052 Of.
1923 4991 2107 5040 testamentum

455 5083 603 5153 (Matilica
621 5088 693 5142 Ana.
717 5091 759 5154 ΙΙ,
791 5088 963 5158 ill-713),
992 5106 1045 5160 quo
1071 5091 1220 5161 Rotgerius
1249 5107 1339 5145 comes
1366 5091 1394 5143 et
1421 5088 1523 5144 coniux
1552 5105 1603 5142 sua
1626 5087 1752 5142 Eufrasia
1778 5088 1972 5144 cimeterium
1995 5089 2025 5143 ia
2048 5089 2108 5142 Ioco

454 5194 615 5258 nuncupato
641 5189 769 5258 Karroso
795 5189 927 5258 suadeat,
951 5209 977 5246 o.
1001 5193 1052 5246 785
1076 5193 1155 5247 XIV
1178 5195 1243 5249 Kal.
1272 5194 1351 5261 Iun.;
1384 5193 1446 5246 Vita
1473 5195 1499 5246 et
1523 5193 1622 5262 passio
1645 5193 1674 5246 S.
1702 5193 1891 5246 Austremoaii
1915 5191 1977 5259 (Du
2003 5191 2108 5246 cusae

455 5290 506 5345 SS.
525 5293 584 5358 ΙΙΙ,
602 5291 665 5361 eie)
693 5308 716 5346 c.
742 5294 775 5347 14
799 5294 948 5365 Rotgerius
972 5295 1085 5364 duxque
1107 5296 1245 5351 maximus
1268 5338 1298 5353 ..
1322 5299 1351 5350 et
1375 5295 1492 5366 signifer
1517 5295 1652 5365 egregius.
1697 5295 1750 5350 Hic
1774 5298 1851 5351 ortus
1878 5313 1911 5349 ex
1940 5295 2108 5350 Francorum

455 5409 556 5462 genere
575 5394 730 5463 clariorque
747 5397 969 5466 AgamemnonIo
986 5399 1111 5469 germine
1135 5441 1160 5455 ..
1179 5400 1315 5455 moriente
1334 5401 1518 5454 Arvernorum
1538 5399 1660 5467 quodam
1678 5399 1780 5453 comite
1798 5399 1963 5468 cognomine
1981 5399 2108 5462 Hectore,

455 5512 473 5548 a
490 5511 556 5566 rege
574 5497 723 5568 (Pippino)
742 5538 769 5554 ..
787 5501 941 5555 Eufrasiam
960 5502 1042 5570 ei(us)
1062 5503 1184 5573 suscepit
1202 5503 1337 5572 sobolem,
1360 5522 1423 5559 cum
1441 5521 1498 5572 qua
1575 5503 1670 5558 onmia
1687 5520 1759 5572 quae
1778 5504 1865 5574 patris
1883 5503 1971 5573 ipsius
1989 5503 2108 5564 fuerant,

457 5600 580 5669 susecpIt
597 5600 666 5654 iure.
702 5603 755 5657 Hic
773 5621 838 5674 ergo
857 5605 971 5660 inclitus
989 5623 1079 5660 comcs
1100 5607 1190 5662 locum
1209 5608 1361 5662 maximum
1379 5608 1410 5660 in
1429 5607 1657 5662 honoredomini
1675 5607 1822 5662 salvatoris
1840 5607 2003 5674 construxit,
2025 5623 2109 5675 quem

456 5701 634 5761 Karrofulum
654 5747 677 5760 ..
697 5725 797 5762 onoma
815 5709 920 5762 indidit
938 5712 1002 5770 etc.,·
1022 5710 1115 5765 (tascii
1130 5710 1168 5764 M.
1183 5718 1362 5782 pracceptum
1380 5728 1402 5767 c.
1421 5731 1447 5767 o.
1466 5712 1519 5766 800
1536 5712 1630 5766 Mtam
1649 5711 1753 5778 (siccet
1773 5715 1844 5766 Acta
1863 5712 1965 5766 Koroii
1983 5710 2019 5766 R.
2038 5711 2108 5778 169).
