4988 6434
799 429 937 485 VERSUS
957 428 1089 486 CAROLI
1107 430 1155 484 AD
1174 429 1325 486 PAULUM
1344 431 1447 486 MISSI.

668 605 712 668 Ut
735 606 816 669 mihi
838 612 889 671 ter
911 606 1036 691 quinos,
1060 613 1163 691 optas,
1186 614 1405 693 superaugeat
1431 629 1533 672 annos
1632 613 1638 626 '

747 710 829 774 Post
851 717 955 774 metas
978 710 1065 774 vitae
1090 711 1232 776 carmine
1255 709 1375 775 Pierio.

596 837 607 872 a
665 813 752 886 Quid
774 813 870 877 modo
893 813 988 877 miles
1013 814 1093 896 agis,
1118 815 1222 878 cultro
1246 815 1301 899 qui
1323 816 1408 879 colla
1430 837 1542 880 secare

748 915 909 980 Hostibus
932 919 1104 995 anastas,
1129 917 1242 998 Paule,
1265 926 1396 1004 paratus
1421 926 1517 984 eras?

664 1019 757 1083 Nunc
781 1020 841 1084 tibi
864 1020 990 1100 dextra,
1014 1022 1299 1106 senex,'elanguit
1322 1024 1421 1088 effeta
1443 1024 1532 1103 belli,

749 1123 840 1188 Leva
863 1131 961 1211 eaput
984 1147 1082 1210 supra
1104 1133 1159 1189 aut
1183 1133 1274 1190 scuta
1296 1129 1406 1192 levare
1429 1128 1541 1212 nequit
1553 1129 1572 1190 ¹.

664 1226 749 1299 Quid
771 1228 867 1292 modo
892 1227 978 1312 quod
1000 1229 1100 1294 facias
1125 1231 1170 1293 sis
1192 1231 1388 1315 proletarius
1411 1231 1504 1311 urbe,

584 1352 607 1388 ιο
749 1331 879 1396 Laurea
901 1330 957 1415 qui
980 1331 1059 1395 belli
1082 1338 1189 1395 castra
1213 1331 1325 1396 videre
1349 1333 1455 1397 times.

663 1433 790 1497 Tardus
813 1435 846 1497 in
869 1456 992 1498 annoso
1016 1435 1156 1499 tabescit
1180 1455 1314 1521 corpore
1338 1437 1481 1520 sanguis,

643 1555 644 1564 ³
746 1535 811 1600 Cor
833 1537 893 1600 tibi
916 1536 1065 1622 frigidius
1089 1537 1195 1602 laudis
1219 1559 1329 1601 amore
1354 1546 1452 1602 earet.

1023 1984 1218 2048 XXXVIII.

660 2107 735 2171 Rex
757 2105 923 2171 Karolus²
946 2105 1093 2190 gaudens
1116 2114 1148 2170 te
1172 2112 1265 2192 pater
1285 2154 1293 2168 .
1311 2155 1317 2169 .
1336 2155 1366 2169 ..
1391 2107 1558 2190 magister,

661 2211 823 2274 Versibus
847 2210 898 2273 his
921 2210 1035 2295 paucis
1059 2217 1229 2273 aeternam
1254 2210 1287 2271 in
1312 2208 1442 2273 Christo
1467 2211 1615 2274 salutern.

661 2313 755 2378 Meus
779 2335 854 2378 moa
876 2313 1044 2392 mellifluo,
1060 2312 1183 2392 -fateor,
1209 2312 1392 2397 congaudet
1415 2335 1537 2394 amore,
1644 2316 1645 2320 ’

662 2417 788 2482 Ductor
810 2425 929 2496 amate,
952 2418 1015 2480 tui:
1040 2417 1128 2480 volui
1153 2423 1351 2503 quapropter
1373 2418 1406 2480 in
1430 2418 1511 2498 odis,

594 2547 605 2581 s
665 2524 693 2587 O
718 2524 914 2604 venerande,
939 2530 1027 2587 tuam
1050 2521 1153 2585 Musis
1178 2522 1285 2585 solare
1309 2527 1486 2603 senectam,

662 2627 708 2691 Te
733 2649 862 2712 quoque
886 2633 919 2690 te
943 2627 1078 2712 cupiens
1103 2627 1285 2710 imperante
1309 2646 1489 2710 agnoscere
1513 2625 1654 2708 Christo,

660 2731 729 2794 Nos
753 2737 948 2814 nostrosque
973 2730 1069 2793 simul
1094 2749 1191 2792 sanos
1214 2751 1299 2792 nuuc
1323 2751 1398 2795 esse
1421 2729 1546 2812 fideIeS,

661 2834 835 2920 Perpetuis
860 2841 977 2919 optans
1001 2840 1069 2898 tete
1094 2833 1237 2918 gaudere
1261 2834 1447 2920 triumphis,

659 2939 762 3022 Inque
787 2937 840 3003 dei
864 2941 954 3002 cultu
976 2939 1089 3022 vigeas
1113 2937 1288 3002 virtutibus
1312 2939 1416 3018 almis,

594 3071 598 3096 ι
663 3042 702 3106 In
725 3043 862 3107 meliora
885 3049 1001 3106 teneus
1027 3047 1159 3126 sanctae
1183 3042 1323 3126 vestigia
1346 3043 1443 3122 vitae,

662 3145 776 3210 Donec
801 3152 833 3209 et
856 3145 1003 3208 aetherei
1027 3145 1140 3209 venias
1164 3144 1204 3208 ad
1229 3145 1371 3209 culmina
1394 3147 1497 3230 regni,

662 3246 881 3332 Congaudens
906 3248 1029 3311 sanctis
1052 3245 1183 3310 Christo
1208 3249 1351 3312 sociatus
1375 3250 1407 3312 in
1431 3271 1558 3313 aevum.

659 3350 779 3434 Meque
803 3351 868 3413 tuis
892 3351 1045 3435 precibus
1069 3356 1176 3414 tecum
1200 3373 1289 3437 rape,
1312 3372 1445 3434 quaese,
1469 3353 1635 3438 magister,

661 3452 714 3516 Ad
737 3453 801 3538 pia,
826 3473 888 3535 qua
910 3453 1029 3534 tendis,
1052 3453 1238 3516 miserantis
1262 3455 1403 3518 culmina
1425 3456 1523 3539 regis.

592 3581 602 3614 s
660 3557 733 3630 Qua
755 3558 827 3620 laus
851 3565 949 3641 atque
974 3556 1086 3637 decus,
1111 3557 1249 3642 speeies,
1273 3579 1349 3643 pax,
1372 3559 1486 3642 gloria,
1510 3560 1620 3623 lumen

661 3661 799 3746 Semper
822 3661 856 3724 iu
878 3668 1050 3726 aeteruum
1074 3661 1196 3724 sanctis
1224 3661 1295 3724 sine
1319 3661 1383 3724 fine
1407 3662 1562 3726 manebit.

1042 4087 1201 4154 XXXIX.

646 4219 942 4294 EPITAPHIUM
970 4217 1234 4291 CHLODARII
1262 4217 1407 4291 PUERI
1436 4218 1591 4293 REGIS.

654 4355 729 4419 Hoc
753 4361 843 4418 satus
868 4354 901 4417 in
924 4352 1020 4416 viridi
1045 4359 1195 4418 servatur
1217 4353 1373 4417 flosculus
1390 4374 1478 4434 arvo,

737 4457 909 4522 Pulchrior
933 4478 974 4522 en
997 4457 1082 4520 lacte
1106 4455 1338 4542 candidiorque
1362 4457 1449 4536 nise,

393 4717 410 4770 5
428 4720 503 4783 Quod
523 4721 545 4781 Q

360 4801 520 4872 [XXXVIII]
556 4807 610 4857 aiae
627 4807 699 4856 rioilo
715 4805 737 4867 Q
753 4824 778 4856 a.
794 4807 914 4856 CXXXV
1028 4804 1041 4855 1
1061 4805 1092 4856 de
1110 4813 1134 4856 te
1153 4805 1263 4855 Froben.
1284 4804 1400 4870 (Aletrini
1417 4823 1475 4870 opp.
1493 4807 1526 4870 ss,
1544 4801 1613 4868 551),
1625 4805 1698 4871 sorte
1714 4802 1948 4868 mandat(Petre?)

292 4899 361 4956 pater
387 4901 463 4958 atque
482 4893 591 4942 Froben.
719 4891 781 4943 ‘lin
807 4893 902 4942 Christi
929 4893 1037 4942 salutern
1060 4892 1093 4956 Q,
1121 4909 1197 4959 poseo
1224 4893 1331 4943 salutem
1350 4892 1428 4944 Frob.
1551 4888 1682 4942 4amator
1702 4890 1736 4955 Q,
1763 4899 1845 4942 arrmte
1868 4889 1946 4940 Frod.

291 4977 455 5028 tichnaum
476 4977 505 5044 Q,
525 4980 625 5030 Christo
644 4979 691 5029 Fr.
797 4977 903 5046 Soptaa
924 4979 953 5042 Q,
972 4986 1062 5044 optans
1081 4979 1112 5029 F.
1218 4978 1250 5029 ll
1270 4989 1295 5030 et
1313 4979 1374 5029 add.
1394 4979 1471 5029 Frod.

360 5061 495 5130 [xxm]
533 5066 816 5133 Epitaphium-regis
834 5065 858 5114 P
868 5061 971 5131 s.135¹‚
990 5066 1043 5136 cirre
1062 5065 1168 5115 titrrIoG
1181 5083 1210 5131 p.
1227 5063 1261 5116 18
1272 5068 1297 5132 s.
1317 5063 1358 5130 27,
1378 5065 1443 5132 Hs.
1459 5062 1484 5114 2¹
1589 5063 1738 5116 lsaltusG
1806 5062 1949 5114 seruatiaG

290 5151 326 5199 od
343 5169 424 5217 mnrp.
443 5154 471 5202 R.
577 5149 692 5202 anctae
711 5150 743 5200 H
808 5151 883 5202 uivae
903 5150 934 5199 H

393 5306 419 5372 1)
438 5307 533 5374 tunye:
551 5309 601 5358 eat
618 5305 697 5357 laeua
715 5303 809 5372 nequit
828 5319 916 5372 supra
934 5310 1018 5373 eaput
1036 5308 1115 5358 acuta
1128 5303 1219 5356 levare
1230 5303 1445 5356 BETHMANN.
1524 5303 1552 5370 2)
1571 5303 1629 5356 Hoc
1644 5319 1754 5356 carmen
1767 5300 1947 5356 Mabillonius

289 5405 490 5476 interpretatur
513 5407 547 5461 de
570 5407 681 5461 Alcuiui
705 5423 812 5460 secessu
834 5411 862 5459 et
886 5407 980 5475 quiete
1004 5408 1033 5461 in
1052 5405 1220 5461 monasterio
1239 5406 1409 5468 Turonensi‚
1433 5406 1538 5460 viribus
1557 5407 1626 5470 iam,
1646 5409 1740 5460 aetate
1758 5409 1788 5460 et
1805 5403 1947 5458 laboribus

290 5509 392 5574 fractis,
420 5512 509 5566 electa
537 5515 620 5576 (Acta
648 5512 700 5566 SS.
724 5526 795 5565 socc.
820 5512 872 5575 IV,
893 5514 922 5580 1,
946 5512 1014 5580 179).
1060 5515 1097 5566 Ar
1118 5511 1187 5564 oniti
1207 5512 1303 5580 potius
1326 5510 1360 5563 ab
1385 5510 1505 5563 Aleaiao
1526 5511 1619 5565 Caroli
1641 5511 1748 5564 aomina
1771 5511 1947 5579 compositum

291 5621 315 5668 et
332 5622 382 5669 aar
400 5616 484 5669 Petro
502 5621 550 5669 nat
568 5615 659 5669 Paulo
676 5616 706 5666 ia
726 5614 839 5668 ltaliam
857 5615 968 5668 rariacum
995 5631 1053 5670 ease
1071 5614 1187 5679 videtur,
1213 5615 1374 5684 praesertr'm
1392 5628 1453 5666 erem
1477 5612 1533 5667 duo
1556 5631 1628 5683 qaae
1651 5617 1805 5683 aequas-ntur
1822 5613 1947 5667 carmiaa

292 5717 376 5771 cidem
397 5717 487 5772 Paulo
505 5718 635 5772 dedicata
655 5717 719 5773 aiat.
