4988 6434
718 433 858 489 VERSUS
876 435 923 488 DE
942 435 1122 490 EPISCOPIS
1142 435 1347 489 METTENSIS
1367 435 1559 490 CIVITATIS.

673 609 753 673 Post
775 610 846 690 hos,
870 610 979 690 auro,
1003 610 1093 674 venis
1117 610 1255 674 flammis
1280 610 1480 675 rubicundus
1504 611 1633 676 amoris.

673 713 844 799 Adelphus
867 714 1013 778 decimus
1037 715 1171 778 fratrum
1195 714 1334 780 dilector
1356 717 1493 802 opimus.

581 858 587 868 ·
673 815 760 881 Hinc
783 817 947 881 Firminus
971 825 1050 896 erat,
1075 819 1127 882 cui
1150 819 1278 882 firmum
1302 820 1419 884 roborc
1443 827 1569 906 peetus.

592 941 612 976 a
676 920 747 985 Hos
771 929 806 986 tu
830 922 1043 1008 subsequeris
1067 922 1291 998 duodecimus,
1315 925 1400 988 alme
1423 925 1573 1010 Legonti.

674 1024 799 1090 Floruit
821 1026 897 1090 hine
920 1027 1045 1090 Auctor
1067 1027 1161 1091 donis
1186 1029 1385 1092 caelestibus
1409 1036 1533 1094 auctus.

677 1128 816 1215 Epletus
840 1131 923 1195 hene
947 1131 1093 1196 decimus
1117 1133 1224 1196 tenuit
1247 1141 1446 1218 quartusque
1471 1135 1669 1200 cathedram.

675 1232 802 1298 Claruit
823 1236 885 1300 hac
908 1235 1054 1300 decimus
1068 1237 1277 1322 'quintusque
1299 1237 1454 1303 Urbioius
1479 1239 1569 1305 urbe.

674 1337 754 1404 Post
776 1339 923 1410 Bonulus
948 1341 1104 1404 bonitatis
1129 1363 1211 1426 opus
1235 1339 1275 1405 dc
1299 1363 1389 1407 more
1412 1330 1549 1428 peregit.

592 1463 617 1498 :a
675 1442 811 1506 'l'rivisti
833 1444 964 1508 assidue
988 1452 1064 1530 post
1086 1445 1199 1509 limina
1223 1454 1344 1526 saneta,
1369 1447 1513 1513 Terenti.

674 1545 817 1611 Octavus
840 1547 986 1612 decimus
1010 1549 1074 1611 iam
1099 1547 1299 1614 Gunsolinus
1322 1551 1471 1616 habetur.

674 1647 755 1713 Inde
780 1652 880 1736 capis,
903 1651 1061 1730 Romane,
1078 1651 1185 1716 decus
1209 1655 1407 1718 venerabilis
1430 1656 1535 1721 aulae.

674 1751 755 1816 Post
777 1753 950 1818 Prouimus
975 1762 1122 1820 sanetum
1147 1758 1313 1841 sapienter
1333 1759 1421 1822 rexit
1443 1761 1538 1825 ovile.

675 1856 883 1921 Grammatus
907 1858 1062 1922 instruxit
1085 1859 1174 1944 large
1198 1859 1238 1925 de
1262 1869 1442 1945 grammate
1465 1863 1606 1948 plebum.
1716 1933 1719 1938 ,

593 1985 609 2010 -ι
675 1958 804 2024 Emicat
827 1962 987 2025 ecclesiae
1011 1961 1146 2026 Danaus
1169 1963 1363 2048 Agatimber
1385 1966 1418 2029 in
1442 1965 1534 2031 aede.
1613 1999 1615 2004 v

674 2063 754 2128 Post
777 2065 837 2129 hos
861 2065 984 2151 Sporus
1009 2073 1088 2146 erat,
1113 2089 1209 2152 quem
1233 2089 1308 2153 spes
1331 2067 1467 2133 fulcibat
1490 2070 1530 2134 ab
1555 2072 1642 2135 altis.

675 2167 800 2232 Vilicus
824 2170 968 2233 internas
992 2179 1102 2234 servat
1125 2171 1347 2236 moderamine
1371 2173 1475 2237 villas.

675 2269 821 2335 Vicenus
846 2272 1042 2358 quintusque
1066 2273 1184 2338 Petrus
1208 2274 1265 2338 dat
1287 2275 1409 2339 famina
1432 2277 1531 2361 plebi.

675 2373 718 2436 Et
739 2395 844 2458 genus
868 2382 902 2439 et
923 2376 1053 2460 fulgens
1077 2376 1246 2461 Agiulfum
1269 2379 1335 2442 vita
1357 2379 1498 2444 decorat.

606 2499 617 2532 :1
675 2475 762 2540 Hinc
786 2478 847 2543 fuit
873 2479 1058 2544 Arnoaldus
1083 2502 1218 2544 manans
1241 2503 1260 2545 a
1285 2483 1385 2568 stirpe
1409 2483 1617 2568 Sycambra¹.

676 2580 908 2646 Christiculum
932 2584 1092 2648 servanda
1115 2586 1205 2672 capis
1229 2592 1313 2671 post,
1336 2587 1473 2672 Popula,
1497 2595 1599 2674 septa.

676 2683 850 2768 Splenduit
872 2686 1028 2751 Amulius
1052 2687 1169 2753 dehinc
1191 2691 1300 2775 ampla
1322 2691 1396 2754 luce
1420 2689 1548 2755 beatus.

674 2786 755 2851 Inde
780 2787 939 2853 Gocricus
963 2798 1104 2875 praeest,
1128 2793 1287 2856 vocitatus
1312 2801 1344 2856 ct
1367 2793 1496 2858 Abbo².

675 2889 756 2954 Post
780 2891 874 2957 Godo
897 2894 1052 2959 terdenus
1076 2902 1185 2959 servat
1208 2897 1262 2982 pia
1285 2898 1428 2961 eulmina
1449 2899 1584 2984 prim'us.

594 3017 605 3052 s
678 2994 896 3080 Subsequitur
919 3007 1031 3061 sancto
1056 2997 1248 3063 chlodulfus
1272 3002 1417 3084 germine
1441 2999 1582 3066 eretusl.

672 3098 767 3163 Alter
790 3100 883 3164 adest
906 3123 1018 3165 rursus
1041 3104 1172 3188 praesul
1197 3104 1394 3168 venerabilis
1420 3105 1527 3172 Abbo.

672 3203 768 3289 Aptis
792 3204 934 3290 Aptatus
959 3207 1081 3270 clerum
1105 3207 1293 3270 moderatur
1314 3207 1461 3272 habenis.
1541 3267 1543 3272 .

673 3306 826 3371 Ostendit
848 3309 944 3373 Felix
968 3311 1098 3395 populis
1121 3311 1231 3375 felicia
1255 3334 1365 3395 regna.

672 3409 823 3473 Eximius
847 3412 948 3474 claret
971 3412 1065 3475 factis
1090 3412 1280 3497 Sigibaldus
1305 3415 1430 3499 opimis.

594 3535 618 3569 ns
675 3511 825 3575 Nobilis*
849 3514 881 3576 in
905 3517 1030 3578 cunetis
1054 3537 1140 3602 papa
1163 3515 1423 3600 Chrodegangus
1446 3517 1595 3582 habetur.

676 3617 746 3680 lam
770 3639 854 3680 nuuc
879 3619 1022 3683 tricenus
1046 3628 1222 3705 pastorque
1247 3629 1381 3684 octavus
1404 3620 1499 3684 herili

674 3720 809 3783 Auxilio
833 3721 934 3785 fultus
958 3722 1055 3786 trahit
1078 3723 1119 3786 ad
1143 3724 1197 3808 pia
1220 3745 1342 3808 pascua
1364 3723 1451 3787 vitae

674 3823 916 3908 Augelramnus
941 3846 1034 3890 oves:
1059 3848 1122 3911 quo
1146 3835 1293 3912 tempore
1317 3827 1480 3890 maximus
1502 3827 1601 3890 armis

675 3925 748 3991 Rex
773 3926 909 3992 Carolus
933 3951 1045 4002 sensu,
1068 3931 1248 4015 formaque,
1273 3930 1446 4014 animoque
1470 3929 1608 3993 decorus
1619 3929 1641 4009 ⁵,

601 4051 604 4058 ⁴
677 4030 793 4095 Italiac
814 4033 942 4118 accepit
965 4032 1087 4098 Christi
1112 4034 1151 4098 de
1177 4056 1311 4099 munere
1336 4041 1500 4119 sceptrum
1511 4035 1533 4096 ⁰.

676 4133 766 4206 Quos
791 4137 886 4200 simul
911 4138 1046 4218 excelsi,
1071 4138 1239 4223 Stephano
1263 4145 1420 4224 poscente
1444 4137 1552 4218 beato,

675 4238 834 4323 Protegat
856 4249 954 4326 atquc
979 4249 1072 4328 regat
1093 4244 1206 4308 salices
1230 4243 1346 4307 dextra
1370 4265 1429 4329 per
1452 4263 1578 4307 aevum.

1584 4435 1597 4441 -
1606 4435 1764 4442 -..q-”—
1772 4434 1863 4444 ,ἡ

412 4567 446 4619 36
464 4572 614 4636 gurrsolonis
632 4571 665 4620 ,ll
765 4571 799 4622 62
819 4576 965 4636 Sequuntur
983 4573 1008 4620 in
1028 4572 1070 4621 M:

414 4659 506 4707 subter
517 4659 609 4708 adnexi
622 4659 788 4709 kalendarum
801 4660 854 4708 dies
868 4660 989 4724 qurrrdunt,
1009 4659 1118 4722 qmditcr
1136 4661 1267 4725 prescripti
1287 4660 1419 4725 prostitues
1437 4660 1531 4709 (luisti
1550 4660 1726 4724 rrrigrausruut
1742 4658 1774 4707 ad
1793 4658 1930 4708 Christum.

413 4744 530 4794 l'lenreus
554 4745 625 4794 Vllll
650 4745 699 4794 kal.
725 4747 836 4795 decemb.
860 4771 891 4780 -
915 4746 1000 4810 Droga
1023 4745 1229 4811 archiepiscopus
1252 4747 1285 4795 l'l
1310 4746 1342 4795 id.
1364 4745 1504 4795 deceurbris
1527 4744 1632 4807 (litteris
1655 4742 1771 4805 arrreia);
1797 4744 1852 4792 clici
1875 4761 1968 4794 siranus

307 4829 433 4893 [rosterior
451 4830 563 4880 adstulit:

417 4921 560 4970 nduontius
578 4922 686 4971 decessit
704 4923 783 4987 pridie
801 4921 901 4970 kalend.
921 4921 1077 4985 septembris.

415 5007 488 5056 Wala
505 5007 614 5058 decessit
631 5009 667 5056 lll
686 5008 743 5056 idus
760 5007 831 5073 april.

413 5094 567 5159 lluotpertus
584 5095 716 5143 ordinatus
733 5101 771 5143 est
788 5094 922 5158 cpismrpns
940 5093 963 5141 X
983 5092 1032 5140 kal.
1053 5091 1144 5144 meib.

413 5197 498 5229 verines
516 5179 561 5228 lios
579 5179 632 5228 dc'cs
650 5181 802 5229 errrortrralea
821 5179 945 5229 Meuriase
963 5177 999 5226 ad
1017 5177 1154 5242 rrurryinour
1175 5177 1297 5226 curruim'r
1315 5174 1435 5238 adposuit
1447 5195 1476 5240 p.
1493 5171 1637 5224 685-686.

416 5351 441 5406 lt
469 5348 573 5415 Aqiulfi
591 5365 676 5415 tropos
693 5349 763 5414 licit,
783 5346 831 5415 qui
849 5363 882 5398 ex
901 5346 1051 5400 Chlodovci
1069 5346 1143 5414 regis
1158 5345 1323 5399 Francorum
1342 5347 1401 5399 filia
1420 5347 1579 5415 procreatus
1599 5342 1739 5395 dicituro
1758 5343 1848 5396 Paulo
1867 5345 1966 5408 thsta

310 5449 699 5520 epp.rmt.,.xs.11.2s4u
775 5455 802 5508 ‘rt
823 5449 867 5516 Cf.
888 5450 974 5504 Gesta
992 5466 1053 5517 epp.
1067 5449 1145 5504 Mett.
1163 5467 1190 5518 p.
1209 5451 1273 5504 267:
1301 5451 1349 5520 qui
1375 5456 1403 5504 at
1427 5451 1506 5504 nobo
1529 5447 1669 5502 vocitatus
1696 5451 1745 5500 est.
1832 5449 1860 5508 3)
1881 5451 1968 5505 Geato

310 5573 370 5624 epp.
390 5555 468 5607 Mers.
488 5555 504 5607 l.
523 5553 539 5606 l.
559 5552 722 5608 Chlodull'us
742 5595 747 5604 .
768 5595 773 5604 .
793 5594 799 5606 .
819 5553 894 5606 beati
923 5553 1010 5622 putris
1034 5553 1141 5606 ernulfi
1159 5553 1292 5622 genitalis
1312 5553 1392 5606 filius.
1474 5555 1501 5612 4»
1521 5551 1599 5605 lois:
1623 5551 1790 5605 Francorum
1813 5569 1967 5623 exgenere

311 5657 417 5727 primae
429 5656 586 5710 nobilitatis
599 5658 769 5727 progenitus.
848 5659 875 5718 bt
896 5659 939 5726 (γ’.
953 5675 1041 5726 supro
1059 5659 1135 5726 radii
1162 5657 1241 5712 VIII
1250 5675 1273 5714 o.
1287 5661 1321 5713 10
1333 5659 1476 5728 sonusque
1488 5655 1638 5724 animoque
1652 5659 1804 5726 potentem.
1884 5661 1967 5728 titCs'.

312 5763 398 5815 Gesta
415 5777 443 5829 p.
461 5762 521 5814 rm.
592 5763 619 5828 i)
638 5779 664 5816 u.
682 5762 740 5826 883,
759 5763 796 5830 ct'.
809 5763 963 5832 Reqinouis
983 5761 1108 5816 Cbrouic.
1128 5779 1154 5814 a.
1171 5762 1230 5815 883.
