4936 6406
664 427 711 486 DE
728 427 912 485 TEMPORIS
930 425 1058 484 STATU.
1094 423 1140 483 DE
1159 425 1270 485 OBITU
1288 427 1474 486 CUIUSDAM
1492 429 1656 488 FRATRIS.

693 603 760 670 Hic
781 609 1020 692 pugnaturum,
1043 608 1255 688 regnaturum
1277 602 1401 669 indicet
1422 603 1500 687 illio,

778 707 935 773 Nascitur
956 705 998 771 ed
1022 727 1176 793 pugnum,
1200 707 1305 794 surgit
1326 707 1368 773 ed
1390 706 1573 794 imperium.

696 810 791 878 Stare
817 817 869 878 est
891 809 1057 898 pontificis
1082 811 1210 892 summi,
1234 810 1379 877 residere
1401 812 1561 897 magistri,

779 915 846 980 Pro
870 913 967 980 nobis
991 914 1096 1001 petris
1119 921 1171 980 cst
1193 915 1309 996 hostin,
1332 936 1459 1001 nosque
1481 914 1585 981 docet

612 1040 638 1077 ss
700 1017 815 1084 Gemit
837 1018 945 1084 eundo
969 1018 1069 1098 duos,
1097 1039 1179 1103 quos
1201 1038 1317 1084 caecos
1342 1018 1458 1085 stando
1480 1025 1622 1102 resonat,

780 1120 832 1186 Sit
854 1122 994 1187 transire
1016 1121 1174 1203 hominis,
1202 1121 1376 1188 dummodo
1399 1129 1486 1188 stare
1509 1121 1573 1188 dei.

695 1224 731 1290 si
754 1224 870 1291 modus
894 1224 929 1288 in
951 1225 1059 1311 gestis
1082 1224 1205 1290 domini
1228 1225 1456 1313 adspiciuntur
1477 1232 1512 1291 et
1534 1224 1624 1307 ordo,

776 1327 921 1415 Incipiet
943 1348 1062 1394 sensus
1086 1349 1236 1395 creseere
1259 1349 1379 1414 magne
1400 1350 1507 1415 seges.

693 1431 847 1518 Denique
870 1432 962 1497 celss
983 1432 1069 1518 petit
1090 1434 1228 1514 montis,
1252 1432 1423 1500 descendit
1445 1433 1488 1500 ed
1508 1433 1584 1514 imo,

613 1562 639 1599 so
784 1537 868 1603 Esse
892 1536 991 1603 deum
1016 1558 1051 1603 sc
1074 1537 1143 1603 illic
1166 1537 1298 1620 edocet,
1321 1538 1375 1604 hic
1396 1538 1572 1605 hominem.

695 1642 851 1729 Quosque
875 1642 967 1728 prius
991 1649 1097 1723 sonet,
1120 1643 1219 1708 satiet
1240 1650 1316 1731 post
1337 1650 1470 1710 nectare
1492 1664 1622 1731 magno,

777 1745 866 1809 Ante
888 1743 953 1810 fide
979 1733 1087 1825 sanet,
1112 1765 1193 1832 quos
1216 1746 1303 1812 bene
1324 1746 1399 1832 lege
1422 1747 1519 1813 cibet.

694 1849 954 1934 Nosquesuper
975 1847 1092 1934 fragile
1116 1847 1242 1914 studuit
1264 1849 1471 1916 discumbere
1493 1850 1626 1917 foenum
1638 1853 1659 1932 ¹,

778 1951 970 2017 Mortifcrue
993 1957 1033 2016 ut
1056 1951 1163 2017 cornis
1186 1953 1257 2018 iure
1280 1961 1447 2040 premetur
1467 1975 1561 2042 opus.

613 2079 638 2116 ss
690 2054 940 2142 Discipulisque
964 2052 1066 2141 dapes
1088 2054 1214 2136 tribuit,
1238 2054 1316 2120 dent
1338 2055 1489 2142 plebibus
1511 2056 1570 2138 illi,

778 2154 874 2230 Quod
896 2154 930 2220 hi
954 2154 1042 2221 docti
1065 2157 1132 2238 ills,
1155 2157 1250 2243 plebs
1273 2158 1330 2245 pis
1352 2163 1482 2225 constet
1504 2157 1564 2224 eis.

1115 2551 1193 2616 XX.

869 2676 930 2750 DE
957 2675 1248 2751 CONTEMPTU
1275 2678 1439 2753 MUNDI.

743 2810 927 2898 Perpetuos
951 2813 1060 2898 ignes,
1091 2835 1172 2900 quos
1195 2813 1300 2880 luctor
1322 2815 1394 2881 iure
1417 2815 1569 2896 minetur,

829 2913 864 2978 si
887 2935 1010 3002 pavens
1033 2916 1105 2982 eius
1129 2918 1275 3004 praemis
1297 2918 1445 3004 quisquis
1469 2940 1570 3000 smus,

745 3017 860 3083 Totius
884 3017 966 3084 haec
988 3019 1115 3105 fragilis
1137 3021 1267 3088 vilescit
1289 3022 1395 3107 glorie
1416 3022 1539 3105 mundi,

829 3119 973 3186 Interius
998 3123 1128 3189 tibimet
1150 3126 1253 3213 pollet
1275 3132 1310 3190 ct
1331 3126 1438 3191 ulmus
1460 3148 1561 3193 emor.

1061 3507 1207 3581 osXXI.

600 3635 905 3715 CONSOLATIO
933 3641 995 3714 DE
1021 3640 1169 3717 OBITU
1196 3641 1442 3716 CUIUSDAM
1469 3641 1679 3717 FRATRIS
1690 3636 1714 3703 ²·

695 3776 732 3842 Si
755 3799 841 3844 novs
863 3799 949 3845 nunc
974 3780 1092 3847 fierent
1114 3786 1278 3847 tantarum
1301 3778 1437 3846 exordis
1457 3799 1576 3860 rerum,

778 3881 850 3946 Iom
873 3903 978 3948 novus
1002 3904 1083 3949 usus
1107 3883 1156 3950 eis
1178 3904 1265 3949 nuno
1287 3881 1492 3948 adhibendus
1515 3887 1595 3963 eret,

695 3983 763 4051 Sed
786 3988 864 4072 quis
886 3987 963 4052 trito
987 3988 1035 4053 rei
1057 3987 1123 4053 inm
1148 3987 1270 4053 dudum
1293 3993 1344 4053 est
1366 3985 1484 4052 semite
1504 3991 1627 4066 tautae,

780 4089 871 4177 Ergo
893 4091 977 4157 hanc
1000 4091 1161 4158 meierum
1185 4091 1295 4178 prisce
1316 4089 1459 4157 tenende
1480 4089 1534 4154 vis
1555 4094 1615 4154 est.

625 4214 637 4251 ⁵
694 4191 838 4260 Mundus
862 4195 903 4260 ab
926 4217 1032 4282 usque
1055 4196 1163 4262 cheo⁸
1185 4197 1295 4262 verius
1318 4195 1380 4260 hoc
1403 4193 1517 4260 ordine
1540 4192 1658 4281 coepit,

781 4295 825 4362 ut
849 4297 1125 4364 consummandus
1147 4297 1209 4363 hnc
1233 4318 1362 4383 quoquo
1385 4302 1474 4361 sorte
1496 4300 1618 4361 menet.

693 4398 884 4487 Florigeree
907 4400 1021 4467 sedis*
1043 4401 1209 4466 habitator
1232 4401 1395 4465 maximus
1417 4397 1525 4464 Adsm

778 4503 920 4571 Sustulit
941 4505 1078 4571 huiusce
1101 4503 1298 4571 conditionis
1321 4523 1415 4570 onus.

694 4607 831 4694 Ignibus
855 4609 1012 4676 aetheriis
1035 4630 1230 4696 quemquem
1253 4607 1341 4674 Abel
1364 4606 1473 4672 hostin
1493 4613 1590 4693 cepta
1613 4610 1674 4685 cst,

613 4731 638 4769 1⁰
781 4712 960 4778 Frstemos
983 4713 1068 4778 ictus
1090 4711 1144 4778 hic
1166 4709 1336 4776 moriendo
1360 4709 1445 4775 tulit.

692 4813 822 4901 Aspera
835 4836 1032 4902 quemquam
1048 4814 1164 4880 Enoch
1180 4813 1242 4879 sibi
1254 4834 1342 4878 mors
1355 4813 1493 4877 miretur
1504 4810 1694 4897 ademptum
1704 4813 1727 4893 ⁵,

779 4917 937 4993 Quemvis
960 4938 1045 5002 scrs,
1068 4919 1161 4984 illum
1187 4923 1240 4982 cst
1262 4915 1450 5003 eppetiture
1471 4921 1592 4983 temen.

400 5171 1059 5244 [xxlmousommnp.1srz.ncxv1

398 5255 1024 5330 [XXHeredit.Sinnondip.2241.Vr.l

430 5414 457 5481 1)
476 5413 577 5471 Maus.
596 5414 637 5484 14,
648 5415 682 5470 19
699 5414 735 5470 Et
757 5433 820 5470 cum
842 5415 969 5470 iussisset
990 5415 1101 5470 turbem
1125 5414 1297 5471 discumbere
1318 5429 1401 5484 super
1424 5412 1602 5468 foenum
1671 5412 1699 5481 2)
1719 5409 1871 5468 Fortmsotr'
1886 5425 1986 5466 cerm

325 5514 364 5570 ad
383 5513 567 5587 chilpericum
583 5535 685 5589 repom,
703 5533 773 5589 quos
791 5519 893 5592 Hagen
911 5519 1056 5588 (Carmina
1072 5519 1156 5574 nudis*
1172 5519 1236 5574 oevi
1253 5518 1369 5584 82-84)
1387 5516 1480 5570 denuo
1497 5514 1597 5581 edidit,
1619 5514 1790 5585 Theodulfus
1807 5514 1838 5570 in
1852 5513 1906 5570 loc
1923 5529 1985 5570 cor·

323 5619 396 5674 mine
417 5620 544 5676 imitatus
565 5625 613 5676 est.
682 5622 710 5691 3)
730 5622 823 5678 Seduni.
848 5622 937 5678 Cnrm.
952 5625 1049 5692 pasco.
1069 5624 1135 5690 J,87
1154 5623 1263 5678 Primus
1285 5621 1321 5676 ab
1340 5637 1427 5689 usque
1445 5621 1523 5675 choo.
1593 5621 1621 5687 4)
1640 5619 1685 5674 It.
1704 5620 1772 5688 11,2
1790 5619 1933 5692 Florigere
1950 5619 1986 5675 de

325 5723 390 5778 sede
409 5725 513 5788 virum3
532 5727 568 5794 cs.
589 5741 678 5796 supra
693 5743 724 5796 p.
741 5729 793 5782 476
812 5746 836 5784 υ.
854 5731 878 5784 3.
956 5730 983 5796 5)
1002 5727 1094 5782 Sodroi.
1115 5729 1143 5783 0.
1161 5746 1191 5798 p.
1210 5729 1279 5792 J,90
1297 5725 1344 5780 sed
1363 5743 1435 5780 mors
1453 5725 1572 5779 miratur
1589 5724 1743 5788 ndemtum;
1762 5724 1799 5792 cf.
1820 5723 1890 5779 Gen.
1908 5726 1933 5790 5,
1942 5724 1985 5782 21.
