4694 6428
470 400 530 463 246
1122 391 1272 447 ALCUINI
1291 391 1467 446 ulamma

514 590 599 649 796?
835 566 979 632 Consilio
1002 565 1141 644 validus,
1163 564 1274 649 gelida
1296 573 1347 630 est
1371 565 1424 628 eui
1446 563 1583 628 dextera
1606 564 1738 628 bello¹t

753 691 778 727 rs
836 670 984 735 Zaeheus
1008 670 1159 734 arborem
1183 666 1372 734 conscendit
1394 688 1514 752 parvus
1538 667 1571 730 in
1594 667 1725 745 altam²‚

835 772 881 836 Ut
903 772 1014 837 videat
1036 772 1164 837 turbam
1189 772 1382 856 scriptorum
1407 791 1537 835 currere
1562 769 1693 838 circum.

833 875 1015 954 Litterulis‚
1038 875 1137 938 cartis
1161 874 1289 938 miseris
1314 872 1431 937 solatia
1453 880 1609 958 praestat.

833 977 909 1041 Non
931 983 1053 1062 tangat,
1077 983 1192 1042 caveat
1215 998 1391 1063 puerorum
1413 977 1559 1062 sportula
1581 975 1724 1042 dextras.

836 1081 907 1144 Iam
929 1087 1021 1146 tenet
1044 1081 1122 1144 ordo
1147 1102 1240 1144 suum
1257 1081 1388 1166 proprie
1404 1101 1489 1144 nune
1503 1081 1640 1164 quisque
1657 1080 1863 1163 magistrum:

837 1184 1018 1269 Presbyter
1040 1185 1204 1270 egregius,
1231 1191 1300 1248 toto
1324 1184 1384 1247 sub
1408 1189 1541 1269 pectore
1565 1184 1692 1269 plenus.

837 1286 905 1351 Iste
930 1287 1119 1352 sacerdotes
1141 1287 1238 1351 lactis
1263 1293 1296 1352 et
1317 1307 1398 1351 voce
1421 1286 1593 1371 gubernat,

835 1391 923 1456 Ante
947 1391 1020 1455 illos
1044 1391 1207 1476 gradiens,
1232 1391 1413 1456 clarissima
1435 1390 1539 1454 forma
1563 1391 1688 1455 salutis.

837 1493 925 1558 Ordo
948 1494 1169 1558 ministrorum
1194 1495 1340 1579 sequitur
1363 1499 1406 1572 te,
1429 1493 1555 1573 Iesse⁸,
1578 1494 1779 1579 magistrum.

837 1595 914 1660 Vox
937 1597 997 1660 tibi
1020 1597 1104 1662 forte
1129 1604 1223 1661 sonat
1246 1597 1369 1662 Christi
1392 1597 1520 1660 taurina
1542 1617 1602 1682 per
1624 1597 1742 1676 aulam,

754 1720 779 1758 es
837 1697 883 1762 Ut
905 1698 1002 1764 decet
1025 1723 1068 1765 ex
1090 1700 1156 1764 alto
1179 1701 1308 1787 populis
1332 1700 1387 1786 pia
1409 1701 1510 1764 verba
1531 1699 1665 1784 legenti.

837 1801 984 1867 Candida
1008 1803 1173 1890 Sulpicius
1196 1811 1272 1890 post
1295 1810 1326 1868 te
1351 1804 1449 1868 trahit
1472 1803 1612 1887 agmina,
1634 1803 1748 1876 lector.

835 1905 908 1970 Hos
931 1913 1024 1992 regat
1047 1914 1081 1972 et
1103 1907 1229 1986 doceat,
1253 1907 1352 1971 certis
1375 1927 1416 1970 ne
1440 1905 1631 1970 accentibus
1655 1911 1774 1968 errent.

835 2006 982 2072 Instituit
1005 2030 1125 2094 pueros
1148 2008 1282 2072 Idithun
1305 2006 1526 2072 modulamine
1549 2027 1653 2086 sacro,

836 2110 947 2195 thue
972 2131 1070 2175 sonos
1093 2111 1207 2176 dulces
1230 2111 1406 2176 decantent
1428 2131 1508 2174 voce
1532 2131 1660 2174 sonora.

837 2214 926 2288 Quot
948 2211 1097 2300 pedibus,
1121 2215 1276 2290 numeris,
1300 2214 1417 2278 rithmo
1441 2219 1507 2277 stat
1529 2213 1655 2276 musica
1677 2211 1814 2276 discant.

835 2314 995 2381 Noctibus
1018 2317 1171 2403 inspiciat
1194 2317 1277 2382 caeli
1300 2338 1374 2381 mea
1394 2317 1462 2380 lilia
1484 2317 1609 2393 stellas.

837 2418 1088 2504 Adsuesoatque
1112 2419 1209 2484 deum
1233 2440 1364 2505 semper
1387 2418 1520 2484 laudare
1543 2425 1722 2505 potentem,

837 2521 901 2595 Qui
925 2523 1053 2587 caelum
1076 2523 1182 2588 stellis
1205 2513 1341 2602 ornavit,
1365 2523 1511 2608 gramine
1535 2529 1650 2603 terras,

838 2624 957 2690 Omnia
980 2627 1035 2711 qui
1058 2627 1159 2691 verbo
1181 2625 1294 2690 mundi
1317 2627 1474 2691 miracula
1496 2626 1585 2691 feeit.

838 2729 966 2793 Fistula
987 2737 1065 2792 tuno
1088 2728 1198 2793 Flacci
1220 2729 1387 2815 proprium
1411 2728 1471 2792 tibi
1494 2749 1641 2808 carmen,
1664 2727 1810 2793 Homero
1821 2727 1844 2808 ⁴,

836 2829 907 2894 Iam
929 2831 1038 2910 faciet,
1062 2829 1198 2895 tadum
1221 2851 1348 2896 sacram
1371 2829 1508 2895 redieris
1531 2828 1573 2895 ad
1596 2830 1714 2897 aulam.

836 2934 1038 3020 Perpetuum
1060 2935 1170 2998 valeat
1191 2934 1352 3019 Thyrsis⁵
1375 2934 1470 2998 simul
1493 2939 1591 3018 atque
1615 2931 1776 3006 Menalca,

837 3036 915 3123 Ipse
939 3036 1089 3102 Menalca
1112 3058 1233 3122 coquos
1257 3039 1351 3122 nigra
1373 3037 1515 3122 castiget
1538 3038 1571 3100 in
1594 3038 1700 3109 aulul.

836 3138 882 3202 Ut
904 3138 1028 3204 calidos
1051 3139 1173 3204 hebeat
1195 3139 1335 3204 Flaccus
1358 3161 1418 3226 per
1441 3139 1567 3204 fercula
1589 3140 1697 3225 pultes
1708 3141 1731 3202 Ι.

758 3266 782 3302 ω
842 3241 886 3306 Et
907 3242 1064 3308 Nemias⁸
1083 3242 1212 3307 Graeco
1236 3243 1386 3307 inlundat
1408 3264 1468 3307 sua
1490 3242 1608 3328 poeula
1629 3241 1753 3312 Baeho,

838 3345 902 3418 Qui
926 3367 1037 3410 secum
1060 3352 1196 3410 tunnam
1219 3367 1350 3433 semper
1373 3354 1503 3432 portare
1527 3345 1661 3410 suescit.

1223 3722 1367 3790 XXVII.

838 3845 999 3912 Omnibus
1022 3846 1108 3910 elma
1132 3847 1220 3910 salus
1243 3845 1354 3931 pneris
1378 3845 1420 3909 sit
1443 3849 1540 3929 atque
1564 3845 1694 3930 puellis,

836 3951 942 4035 Regia
963 3951 1149 4036 progenies,
1173 3950 1285 4013 valeas
1309 3969 1368 4034 per
1390 3949 1522 4012 saecula
1543 3949 1657 4033 longa:

574 4226 607 4278 39
625 4245 704 4278 sonus
725 4227 754 4292 Q,
772 4245 849 4279 sorios
867 4227 979 4277 Froben.
1058 4224 1093 4276 50
1110 4242 1187 4292 groco
1209 4225 1238 4288 Q,
1258 4225 1301 4290 qui
1318 4229 1415 4276 Graeco
1429 4226 1532 4276 conica!

541 4311 662 4380 [mn]
697 4313 777 4363 edidit
798 4313 861 4379 Qp.
882 4309 947 4362 1731
968 4329 993 4361 n.
1012 4311 1143 4362 ccxxu:
1168 4328 1230 4360 rrum
1253 4311 1280 4360 bi
1296 4327 1398 4374 rcrrua,
1415 4329 1477 4376 paros
1498 4311 1671 4374 ercrcctnnuo
1689 4312 1833 4378 castrasse,
1860 4314 1992 4364 adunam
2013 4316 2125 4381 idemque

472 4418 576 4451 carmen
590 4400 745 4465 pertincant,
763 4399 835 4450 heard
853 4401 936 4466 liparen

575 4573 601 4640 1)
627 4571 704 4640 Vcrp.
726 4572 795 4624 Aen.
814 4569 869 4634 XI,
895 4570 945 4623 336
964 4569 1130 4622 ..Drances
1149 4608 1175 4622 ..
1194 4569 1245 4623 338
1264 4611 1303 4634 ..,
1328 4571 1375 4624 sed
1394 4570 1498 4638 frigida
1516 4570 1589 4624 bello
1610 4574 1614 4639 Ι
1635 4571 1768 4637 Dextera,
1791 4571 1914 4626 consiliis
1938 4571 2050 4626 habitus
2068 4590 2124 4627 non

471 4674 562 4728 futilis
579 4679 684 4730 auctor.
755 4675 782 4741 2)
801 4673 869 4727 Lac.
890 4674 930 4736 19,
949 4673 974 4735 3,
993 4674 1018 4726 4.
1088 4673 1115 4734 3)
1135 4673 1327 4728 Ansbiurwnsis
1346 4674 1490 4744 episcopus
1509 4677 1540 4740 (c.
1555 4675 1711 4741 799-836),
1729 4675 1764 4737 cf.
1782 4674 1856 4742 Iaffi
1870 4677 1947 4731 Mon.
1962 4677 2051 4730 (larol.
2064 4676 2123 4740 314,

471 4775 530 4829 541.
600 4776 628 4838 4)
648 4776 689 4844 Os.
713 4774 855 4844 Tlteodulfi
873 4792 969 4830 vasus
988 4775 1033 4829 ad.
1054 4775 1141 4830 Uarol.
1160 4791 1215 4843 rep.
1234 4792 1257 4828 v.
1278 4775 1341 4829 145:

834 4877 920 4932 Duloe
939 4877 1025 4931 melos
1044 4893 1171 4930 canerem
1189 4875 1250 4940 tibi,
1270 4875 1299 4929 ni
1317 4877 1425 4940 absens,
1444 4877 1534 4932 dulcis
1553 4879 1679 4933 Homero.

899 4964 992 5025 Essem
1010 4963 1057 5017 sed
1078 4963 1211 5032 quoniam
1229 4979 1265 5026 es,
1284 4963 1349 5017 hinc
1367 4981 1430 5018 mea
1448 4965 1528 5018 Musa
1547 4968 1629 5019 tacet.

471 5068 498 5134 5)
519 5067 695 5122 Οαηιστανίιιε
718 5067 800 5137 repis.
887 5067 914 5134 d)
935 5066 1039 5134 Rspice
1056 5083 1162 5121 rrcnsac
1176 5069 1367 5137 praepositus,
1385 5068 1421 5135 cs.
1442 5069 1519 5120 Mon.
1538 5068 1646 5121 sileain.
1661 5086 1691 5137 p.
1709 5069 1769 5122 410.
1856 5070 1882 5136 7)
1910 5069 2051 5139 Tireodrrlf.
2070 5072 2087 5124 l.
2106 5072 2123 5124 l.

472 5187 495 5222 v.
515 5171 563 5224 197
582 5171 647 5224 Este
664 5171 760 5240 procul
780 5170 881 5240 pultes.
952 5170 979 5232 8)
1001 5170 1043 5237 Cf.
1066 5169 1209 5239 Theodulfi
1226 5187 1324 5226 versus
1341 5171 1379 5224 ad
1398 5172 1593 5226 Corviniuaum
1610 5173 1640 5238 (l.
1659 5172 1725 5237 ΙΙΙ)
1743 5190 1767 5227 n.
1787 5173 1831 5226 79:

833 5273 868 5327 Et
886 5272 1007 5335 Nemias,
1027 5272 1168 5340 Solymam
1187 5273 1236 5342 qui
1255 5273 1312 5326 iarn
1329 5277 1512 5328 renovaverat
1528 5274 1634 5330 urbem.

902 5358 1088 5427 Bachipotens
1107 5358 1201 5412 calvus
1220 5359 1315 5412 dulcia
1333 5359 1399 5412 vina
1418 5359 1495 5413 seret.

473 5461 539 5530 Cum
563 5459 731 5528 Fbcodulfus
753 5459 827 5514 bunc
846 5461 972 5515 Nemeam
995 5462 1051 5516 alio
1075 5463 1132 5516 loco
1150 5462 1261 5532 Eppini
1283 5463 1390 5516 nonnae
1412 5463 1572 5530 siqnificurc
1590 5463 1715 5516 uideatur
1733 5465 1760 5532 (t.
1779 5464 1836 5517 111
1851 5481 1874 5518 c.
1893 5466 1954 5518 187:
1984 5465 2124 5519 Adveniet

472 5563 604 5632 pincerna
622 5565 721 5630 potens
739 5563 882 5634 eppinus),
901 5564 971 5618 idem
985 5565 1110 5632 fortasse.
1128 5572 1176 5635 cst,
1195 5567 1290 5635 quiin
1309 5567 1458 5620 neutralibus
1471 5566 1702 5620 Lucrinensibus
1720 5585 1745 5620 a.
1760 5569 1808 5620 781
1828 5569 1893 5632 (SS.
1913 5569 1937 5632 Ι,
1958 5570 2016 5635 lea)
2036 5569 2123 5622 noer-

470 5665 576 5719 lardus
593 5667 724 5734 mcp'sler
739 5669 936 5735 pincernarum
953 5674 1074 5722 roratur.
