4936 6406
296 1407 299 1412 ’
405 1319 838 1614 mrem
915 1452 1474 1620 semermi
1548 1454 1863 1621 Nom

814 1695 1446 1861 mmmmm.
1547 1881 1550 1887 ,

406 2097 436 2161 Ι.
459 2065 664 2174 Epitaphius
671 2097 853 2177 principum
861 2097 1164 2174 Beneuentanorum,
1175 2117 1252 2178 quos
1263 2097 1414 2180 supra(p.
1427 2099 1563 2184 60111)
1575 2099 1639 2163 iam
1648 2100 1810 2180 edidimus,
1821 2101 1872 2166 hic
1884 2103 1962 2168 Gri-

303 2199 420 2264 moaldi
432 2201 521 2267 ducis
537 2200 669 2280 etapium
684 2199 719 2261 iu
734 2199 836 2263 eodem
850 2200 913 2264 Ioco
927 2201 1041 2281 sepulti
1055 2201 1243 2263 adiiciamus
1261 2203 1385 2278 oportet.
1427 2199 1505 2265 Cum
1520 2202 1606 2282 lapis
1621 2202 1687 2282 ipse
1698 2204 1765 2267 iam
1778 2225 1843 2268 non
1856 2211 1962 2283 exstet,

304 2305 429 2368 titulum
452 2306 590 2370 chronici
605 2303 806 2369 Salernitoni
826 2305 948 2367 auctori
970 2307 1094 2367 tontum
1108 2303 1257 2381 dehemus,
1281 2324 1320 2367 ex
1333 2305 1423 2367 cicius
1436 2303 1535 2368 codice
1549 2305 1693 2370 Romana
1711 2305 1862 2373 Vaticano
1877 2314 1955 2374 5001

302 2428 381 2472 saec.
399 2409 505 2473 XIII.
527 2407 711 2490 repetendus
732 2411 786 2470 est.
823 2407 1003 2471 Ediderunt
1024 2427 1093 2470 eum
1114 2405 1235 2488 Uphetti
1257 2406 1374 2488 (Italia
1394 2427 1486 2472 sacro
1505 2409 1599 2486 VIII,
1616 2412 1682 2489 38),
1708 2411 1742 2478 0.
1758 2411 1963 2494 Pereprinius

303 2512 403 2598 (Hist.
416 2515 555 2594 princip.
569 2511 803 2594 Lanpobardor.
826 2511 873 2574 ed.
891 2510 1023 2575 Pratitli
1045 2510 1116 2588 III,
1134 2509 1222 2596 307),
1244 2509 1410 2575 Muratori
1432 2511 1507 2597 (88.
1519 2533 1624 2576 rerum
1639 2513 1743 2583 Italic.
1761 2515 1811 2594 II,
1828 2520 1857 2599 2,
1876 2518 1962 2604 190),

303 2617 396 2682 Peru
420 2617 496 2703 (88.
521 2617 593 2693 ΙΙΙ,
617 2615 704 2696 485),
720 2619 796 2694 past
817 2634 949 2695 quarum
971 2633 1081 2695 operas
1103 2615 1144 2678 A.
1167 2613 1253 2677 Mau
1275 2613 1405 2678 codicem
1427 2615 1527 2678 denno
1548 2618 1668 2684 euoluit.

410 2753 461 2820 II.
495 2753 566 2816 Nic.
583 2752 743 2829 Seremus,
766 2750 1073 2835 Mopuutmcensium
1094 2771 1200 2816 rerum
1222 2752 1355 2832 scriptor
1375 2752 1642 2835 ditipcntissimus,
1664 2757 1772 2821 titulos
1793 2759 1963 2823 nonnullos

302 2859 421 2939 Ricutfi
449 2856 688 2936 archiepiscopi,
720 2854 869 2935 discipuli
896 2855 1054 2936 quondam
1083 2875 1121 2919 ac
1148 2855 1266 2920 sodalis
1291 2855 1440 2933 Ateuini,
1473 2857 1563 2920 nobis
1590 2861 1797 2939 conseruauit,
1830 2881 1961 2941 picorum

301 2961 422 3042 lapides
443 2961 566 3024 iomdin
587 2959 679 3023 delet-i
700 2963 782 3024 sunt.
827 2957 913 3022 Dum
929 2959 1165 3039 inscriptionem
1178 2959 1470 3024 Blemnsmmaus
1492 2962 1634 3025 ecciesiae
1656 2963 1685 3026 ei
1706 2964 1766 3027 soti
1788 2964 1929 3028 debemrm
1940 2969 1960 3040 ¹,

300 3066 381 3128 dmre
402 3065 496 3141 aliae,
519 3083 599 3144 quae
620 3062 664 3126 ad
683 3062 842 3125 ecclesiam
864 3064 966 3126 sancti
987 3063 1111 3126 Albani
1132 3063 1355 3144 Mopuutinam
1372 3065 1549 3145 pertinent,
1572 3067 1667 3129 etiam
1687 3067 1786 3131 codice
1807 3069 1962 3133 uniuersi·

301 3169 376 3231 tatis
405 3167 670 3247 Wirriburpensis
693 3165 750 3252 fol.
777 3169 835 3230 187
867 3186 944 3231 seeo.
971 3167 1047 3245 XV,
1080 3169 1135 3248 qui
1167 3168 1305 3251 syllopen
1335 3169 1498 3232 titulorum
1524 3171 1668 3235 ccclesiae
1699 3172 1788 3236 iltius
1816 3174 1960 3252 continet,

301 3271 390 3334 nohis
413 3270 593 3333 traduntur.
643 3268 719 3334 Post
741 3270 891 3348 Iaffeum,
925 3272 982 3350 qui
1009 3273 1074 3334 iam
1103 3271 1204 3334 eodem
1227 3289 1304 3334 usus
1331 3275 1377 3334 est
1405 3270 1505 3354 (Mon.
1529 3273 1674 3357 Mopunt.
1701 3275 1794 3360 715),
1829 3277 1961 3340 eontulit

301 3375 415 3437 iterum
441 3374 491 3439 W.
512 3371 725 3438 Wattenhach.

408 3492 528 3573 Riculfi
550 3492 741 3573 epitaphium
764 3495 867 3554 exstat
887 3493 981 3555 etiam
1005 3493 1039 3554 in
1061 3493 1181 3556 duobus
1202 3493 1356 3558 codicibus
1377 3494 1474 3557 multo
1496 3495 1744 3575 antiquioribus:
1774 3495 1959 3579 (70000000-

303 3601 377 3660 tano
391 3595 679 3678 Weissenhurpensi
701 3599 738 3660 91
766 3614 844 3658 saec.
868 3595 931 3672 IX,
954 3615 993 3658 ee·
1014 3616 1074 3676 quo
1093 3596 1141 3661 W.
1155 3596 1285 3660 Scherer
1309 3596 1391 3660 iliud
1411 3596 1509 3661 edidit
1530 3597 1695 3682 (Zeitsehr.
1716 3600 1775 3680 [dr
1788 3599 1959 3665 Derdschcs

301 3700 415 3765 Atiert.
438 3698 523 3777 XII,
546 3700 633 3780 443),
655 3699 839 3762 Bethmann
861 3698 984 3762 iamdiu
1005 3698 1178 3779 descripsit,
1201 3703 1231 3761 et
1256 3698 1432 3763 Porisiensi
1454 3703 1539 3765 8310
1562 3721 1640 3766 saec.
1662 3703 1704 3780 X,
1727 3724 1817 3784 quem
1831 3703 1959 3770 mmo

198 3853 201 3859 .
301 3801 398 3866 tinier
417 3803 547 3866 contulit
569 3800 622 3886 (cs.
646 3801 749 3866 Neues
770 3802 891 3866 Archia
912 3802 962 3878 II,
986 3801 1074 3887 601).

408 3940 480 4005 III.
505 3941 547 4004 In
568 3939 667 4004 codice
689 3941 896 4022 Lupdunensi
917 3941 1115 4006 Batavormn
1137 3943 1237 4007 latina
1260 3944 1409 4007 Vossiano
1430 3947 1543 4024 quarto
1565 3946 1606 4008 69
1628 3961 1706 4009 saec.
1723 3943 1787 4008 IX.
1809 3944 1958 4042 ineuntis⁷

300 4045 355 4126 qni
375 4043 400 4124 s.
424 4047 465 4108 48
486 4043 698 4126 [reponentem
719 4045 870 4127 martyrii
891 4049 1017 4110 sanotae
1038 4046 1134 4110 Fidis
1159 4047 1299 4111 uersibus
1327 4047 1459 4110 heroicis
1480 4047 1638 4128 cornpositi
1659 4047 1811 4125 euhihet2,
1833 4054 1959 4114 exstant

299 4149 393 4211 etiam
414 4148 548 4212 disticha
569 4152 717 4229 quattuor
738 4147 895 4229 hucusque
921 4148 1042 4212 inedita
1063 4149 1249 4214 deecclesia
1271 4151 1415 4231 Aquensi
1437 4169 1459 4213 0
1484 4151 1596 4216 Cardo
1617 4171 1686 4234 repe
1708 4150 1849 4228 condita,
1879 4173 1958 4232 quae

305 4251 355 4316 W.
377 4252 420 4315 du
442 4251 527 4315 Rieu
549 4251 680 4334 henipno
700 4252 807 4316 anima
828 4251 1031 4316 describenda
1053 4255 1183 4316 curavit.

407 4391 470 4457 IV.
503 4392 558 4456 Eoo
580 4391 679 4456 codice
702 4391 905 4456 homiliarum
928 4392 963 4456 S.
979 4394 1134 4458 Germani
1145 4393 1416 4458 Autisiodarensis
1437 4393 1602 4458 ediderunt
1612 4391 1760 4457 Marteue
1775 4396 1805 4456 et
1817 4392 1960 4458 Dicraud

300 4495 440 4582 (Vopape
462 4495 603 4561 titiroire
625 4495 662 4559 de
684 4494 767 4558 denae
789 4496 942 4578 redipieuoa
962 4495 1167 4560 Benedictins
1188 4497 1221 4575 1,
1251 4497 1305 4584 56)
1337 4500 1546 4581 epipramma,
1577 4515 1637 4577 quo
1663 4495 1833 4559 Ehrardus
1855 4498 1958 4562 scriba

299 4599 414 4663 librum
446 4599 555 4665 Caroli
582 4599 781 4678 imperatoris
815 4599 905 4662 iussu
934 4601 1084 4680 scriptum
1114 4605 1221 4664 sancto
1253 4601 1412 4666 Gemmno
1437 4604 1576 4682 patrono
1603 4618 1660 4663 sno
1688 4598 1849 4663 dedicavit.
1903 4600 1959 4664 Eoo

298 4702 400 4768 eodem
422 4702 502 4767 libra
524 4701 568 4765 ad
588 4703 810 4766 monasterium
834 4703 868 4766 S.
888 4703 1042 4767 Germani
1057 4702 1210 4767 Proteuse
1231 4705 1326 4768 misso
1347 4705 1508 4770 Mahitton
1531 4703 1635 4788 (Anni
1656 4703 1728 4781 III,
1754 4702 1828 4788 147)
1851 4723 1959 4768 aersccs

299 4806 370 4870 illos
392 4799 505 4870 iterum
526 4806 693 4870 correctius
712 4806 800 4885 prelo
815 4805 907 4884 dedit,
930 4804 980 4869 his
994 4806 1031 4870 de
1046 4807 1144 4870 codice
1159 4809 1223 4870 iam
1238 4807 1395 4888 deperdito
1410 4809 1548 4872 additis:
1570 4807 1609 4871 In
1633 4807 1688 4871 illo
1712 4805 1825 4871 codice
1848 4807 1957 4872 nullae

299 4917 473 4974 occurrunt
493 4909 648 4974 homiliae
671 4909 824 4995 Gregorii
848 4910 961 4995 Magni
990 4918 1024 4975 et
1049 4912 1252 5002 venerabilis
1276 4911 1389 4976 Bedae
1422 4920 1570 4998 tempore
1601 4911 1812 4996 posteriores.
1861 4911 1958 4977 Alter

298 5013 404 5078 codex
427 5014 596 5078 continens
620 5015 758 5078 altorem
774 5021 900 5098 partem
913 5011 1120 5079 homiliarum
1136 5015 1276 5080 necdum
1296 5017 1481 5101 recuperari
1496 5015 1613 5103 potuit.
1657 5012 1842 5078 Ebrardum
1854 5015 1957 5094 ipsum

297 5117 428 5180 eundem
457 5137 520 5181 esse
542 5119 686 5197 putauit,
717 5117 761 5181 ad
789 5139 877 5198 picem
901 5117 1012 5196 Isionis
1033 5119 1255 5182 Ferrariensis
1283 5120 1380 5182 abbas
1407 5119 1568 5199 epistolam
1589 5117 1674 5180 dedit
1695 5117 1796 5201 (Iopi
1818 5137 1887 5198 opp.
1909 5119 1956 5184 ed.

299 5221 424 5286 Baium
439 5243 474 5302 p.
500 5221 563 5307 72).

400 5380 777 5388 ..ψ-..-ψ--ψ--η-ω-
940 5379 949 5385 .
1175 5381 1361 5388 -.-.—--.—--.

401 5499 427 5564 1)
449 5497 510 5551 Hoc
527 5497 660 5552 rnonsaIei
678 5497 758 5550 titulo
776 5513 846 5552 usne
865 5503 905 5552 est
924 5498 1127 5566 Mepinhardns
1145 5502 1175 5552 in
1195 5515 1317 5552 eerraoue
1335 5498 1368 5550 de
1387 5503 1484 5552 concio
1503 5497 1635 5552 Ferraria
1653 5499 1781 5565 (Sarius,
1809 5498 1887 5552 Vitae
1905 5500 1953 5553 SS.

299 5601 332 5666 V,
351 5601 440 5670 lom).
510 5602 537 5666 2)
568 5601 610 5669 Os.
639 5600 672 5656 de
689 5601 740 5656 hoc
767 5602 870 5669 codice,
897 5603 947 5672 qui
969 5603 1050 5658 etiam
1071 5603 1172 5656 Versus
1196 5602 1230 5656 de
1254 5602 1321 5656 Asin
1347 5605 1377 5654 et
1405 5600 1440 5654 de
1464 5600 1586 5654 universi
1616 5602 1711 5656 mundi
1742 5606 1804 5656 rotn
1827 5602 1956 5670 continet,

294 5707 376 5760 Prrte
395 5704 497 5759 Archia
524 5706 584 5768 VII,
595 5703 655 5763 137:
679 5704 764 5759 {ieter
781 5707 840 5759 eine
855 5705 950 5774 scint.
969 5705 1188 5776 Kosinopraphic
1205 5707 1232 5760 S.
1252 5707 1277 5760 2.
