4694 6428
650 404 696 456 DE
714 404 830 459 CLADE
850 404 1175 460 nrunlsl‘lRNENSIS
1195 407 1428 462 MONASTERII.

570 575 677 662 Erigit
699 576 798 641 elisos
810 579 831 656 ¹,
854 578 909 663 qui
932 580 1081 643 vulnerat
1101 586 1199 663 atque
1223 579 1403 660 medetur²,

478 701 514 737 ao
659 680 723 753 Qui
746 680 821 744 ferit
844 688 942 765 atque
966 688 1069 758 sanat,
1093 683 1231 746 conterit
1253 691 1350 768 atquc
1374 684 1471 748 levat.

569 783 674 848 Nocte
699 781 817 868 dieque
841 784 937 847 simul
960 783 1111 870 precibus
1134 785 1276 850 insistite
1300 787 1431 850 sanctie.

655 886 781 950 Utres
805 895 978 951 conservet
1000 887 1094 952 Iesus
1117 888 1239 974 ubique
1262 890 1344 975 pius.

569 990 662 1054 Etsi
684 1011 768 1074 qnae
791 992 942 1076 placeant
965 990 1118 1055 concordi
1141 989 1299 1056 addiscite
1323 992 1435 1072 eorde,

652 1098 759 1181 Atque
783 1098 916 1183 implete
940 1117 1048 1176 manu,
1071 1094 1157 1182 quod
1180 1096 1235 1182 pia
1258 1117 1349 1162 mens
1373 1099 1491 1184 cupiat.

489 1247 493 1258 .
572 1201 626 1266 Sic
650 1201 781 1265 tandem
805 1201 897 1266 vobis
921 1201 1045 1287 clipeus
1068 1200 1238 1266 deseendit
1261 1201 1301 1264 ab
1324 1203 1401 1278 alto,

652 1304 696 1368 Et
719 1304 841 1368 domini
865 1305 981 1368 dextra
1003 1311 1155 1389 proteget
1176 1311 1274 1389 atque
1298 1313 1417 1388 reget..

569 1407 638 1472 Vos
662 1414 768 1472 estote
791 1415 918 1494 patrum
941 1428 1113 1486 memores,
1137 1408 1209 1492 quis
1222 1429 1353 1493 semper
1368 1409 1409 1472 ab
1426 1411 1491 1474 alto

654 1511 800 1576 Venerat
822 1511 991 1588 auxilium,
1015 1510 1113 1574 dante
1136 1517 1281 1590 tonante,
1305 1512 1405 1596 pium.

570 1618 639 1682 Iam
653 1618 785 1701 Moyses
802 1617 919 1681 melius
938 1616 1091 1702 precibus
1112 1637 1208 1700 quam
1223 1616 1316 1680 fortis
1334 1618 1368 1680 in
1383 1619 1492 1696 armis,

627 1720 854 1806 ‘Expendens
877 1721 1002 1806 palmas
1025 1719 1148 1803 praelia
1173 1740 1265 1782 saera
1287 1722 1372 1804 gerit
1384 1721 1406 1785 ³.

568 1823 714 1887 Plurima
736 1844 794 1908 pro
818 1823 960 1887 lacrimis
985 1829 1173 1886 sternuntur
1195 1822 1284 1885 milia
1307 1831 1411 1887 morte

653 1925 818 1991 Ezechiae
840 1928 927 2008 regis
951 1926 1100 2011 pestiferi
1123 1925 1269 2010 populi‘,

570 2029 657 2094 Huic
680 2051 809 2115 quoque
832 2031 1020 2114 terquinos
1045 2031 1189 2093 clemens
1212 2029 1293 2092 deus
1316 2028 1440 2093 addidit
1463 2030 1589 2094 ann0s⁵

654 2132 718 2195 Pro
742 2153 849 2217 prece,
874 2152 970 2216 quam
991 2132 1133 2195 moriens
1150 2130 1254 2194 fundit
1276 2131 1317 2194 ab
1341 2152 1396 2195 ore
1421 2129 1493 2196 deo.

494 2256 513 2294 n
571 2235 675 2300 Vobis
698 2242 776 2298 nota
799 2255 923 2310 canam,
947 2234 1076 2310 fratres,
1100 2255 1183 2319 quae
1207 2234 1332 2298 fecerat
1355 2235 1431 2298 elim

652 2337 822 2402 Ecclesiae
847 2344 975 2402 vestrae
1001 2337 1198 2424 pontificalis
1221 2359 1317 2423 apex.

570 2441 737 2504 Praesulis
761 2441 886 2525 egregii
910 2441 1065 2526 precibus
1090 2462 1124 2504 se
1148 2439 1431 2516 flammaretorsit

655 2543 782 2607 hodani
806 2542 969 2628 qnondam
991 2544 1129 2607 Bebban
1151 2543 1192 2607 ab
1216 2543 1297 2607 urbe
1320 2546 1434 2628 procul
1445 2547 1468 2608 θ.
1527 2541 1529 2548 '

569 2648 750 2732 Conposuit
773 2647 925 2733 precibus
948 2646 1097 2711 Eadbert
1118 2646 1303 2710 minitantia
1325 2659 1463 2713 mortem

656 2751 784 2831 Flabra,
808 2751 882 2836 pius
910 2751 1041 2837 praesul
1065 2755 1173 2814 vester
1196 2756 1229 2814 et
1252 2751 1323 2835 ipse
1346 2758 1441 2835 pater
1450 2753 1472 2818 l.

570 2855 708 2940 Magnus
732 2854 852 2939 etipse
869 2861 972 2939 pater,
995 2853 1128 2939 praesul
1151 2857 1325 2937 pastorque
1342 2855 1495 2920 sacerdos

653 2955 850 3036 Oudbertus,
873 2961 1004 3020 vestrae
1026 2956 1090 3018 iam
1114 2952 1213 3019 decus
1236 2957 1406 3036 eeclesiae,

569 3061 699 3134 Quanta
720 3059 783 3145 piis
807 3059 971 3146 precibus,
994 3059 1124 3122 domino
1147 3057 1299 3139 donante,
1323 3061 1461 3146 peregit.

654 3163 728 3227 Non
753 3185 834 3249 opus
858 3171 909 3226 est
931 3162 1050 3225 nostris
1074 3161 1183 3225 dicere
1207 3163 1385 3228 versiculis.

491 3291 501 3327 r
572 3267 659 3332 Dum
684 3267 774 3352 prius
797 3266 939 3330 heroicis
963 3267 1150 3351 praeclarus
1173 3264 1267 3330 Beda
1289 3267 1468 3351 magister⁸

640 3371 801 3435 Versibus
825 3370 985 3454 explicuit
1007 3369 1120 3432 inolita
1142 3375 1236 3452 gesta
1259 3371 1376 3455 patris,

571 3472 740 3540 Laudibus
761 3495 799 3538 ac
816 3474 962 3538 celebrat
978 3491 1076 3557 quem
1091 3479 1161 3536 tota
1176 3472 1347 3538 Britannia
1364 3474 1496 3554 crebris,

654 3577 699 3641 Et
721 3577 874 3664 precibus
899 3578 1018 3663 rogitat
1040 3597 1075 3642 se
1098 3576 1257 3640 auxiliare
1280 3577 1353 3660 piis.

570 3671 616 3745 Hi
640 3681 735 3744 simul
758 3687 855 3765 atque
878 3681 944 3761 alii,
967 3681 995 3745 si
1019 3681 1046 3745 si
1069 3684 1246 3765 praecepta
1268 3680 1387 3745 tenetis

551 3835 557 3846 .
655 3784 788 3850 Illorum
811 3785 877 3849 lixo
901 3805 1031 3870 semper
1054 3803 1163 3848 amore
1187 3783 1249 3862 dei,

569 3888 735 3952 Instanter
757 3885 908 3971 precibus
930 3893 1075 3952 vestrum
1097 3891 1250 3949 tueantur
1273 3887 1368 3966 ovile,

653 3989 815 4054 Hostibus
836 3990 983 4074 expulsis
1005 3989 1135 4053 moenia
1157 3994 1267 4052 vestra
1287 3988 1407 4054 favent.

569 4092 758 4158 Posteriora
780 4092 873 4156 vobis
896 4092 1034 4156 meliora
1056 4091 1218 4177 prioribus
1242 4113 1326 4172 esse,

656 4195 832 4280 Legistisl,
856 4195 988 4260 fratres:
1013 4195 1060 4260 sic
1084 4215 1212 4279 quoque
1236 4185 1346 4260 restra
1368 4197 1457 4276 fient,

313 4489 362 4542 149
378 4493 464 4543 allisos
481 4492 510 4556 Q,
529 4492 617 4558 Eriget
634 4491 710 4542 elisos
728 4489 836 4555 quial!
936 4487 986 4541 150
1004 4497 1029 4541 et
1041 4497 1113 4540 eiurat
1127 4489 1159 4539 H
1260 4489 1310 4541 153
1328 4493 1361 4541 Ut
1373 4492 1394 4541 si
1406 4508 1457 4557 que
1470 4492 1574 4557 placean
1586 4493 1720 4543 concordia
1731 4493 1862 4545 disciteH

209 4577 259 4629 156
277 4580 310 4629 m
327 4578 371 4630 drh
390 4577 423 4627 Η
523 4575 572 4628 157
591 4578 636 4642 qui
653 4593 751 4642 semper
770 4575 803 4624 H
903 4572 953 4625 158
970 4583 1078 4627 maante
1096 4577 1137 4642 pio
1155 4575 1187 4626 Η
1287 4574 1337 4627 159
1354 4579 1435 4628 fertur
1457 4578 1484 4627 in
1506 4577 1583 4628 armis
1600 4577 1638 4642 H,
1654 4581 1781 4630 exercitus
1798 4579 1859 4640 aQ

209 4663 260 4714 160
278 4665 424 4716 Extendens
444 4665 467 4727 (2
572 4661 619 4714 161
639 4663 715 4713 melia
732 4661 766 4711 H
866 4657 916 4711 162
934 4663 987 4727 regi
1005 4669 1031 4714 et
1048 4661 1082 4712 H
1146 4662 1239 4730 populo
1258 4661 1291 4711 H
1395 4659 1444 4712 165
1462 4663 1541 4714 Nobis
1559 4663 1592 4712 Η
1691 4662 1741 4714 166
1758 4673 1858 4716 uestrae

208 4751 365 4817 pontificalix
390 4751 412 4813 Q
551 4747 601 4800 168
627 4749 722 4799 hedeni
744 4751 778 4811 1,),
806 4747 889 4797 helani
908 4747 940 4796 H
1039 4749 1138 4799 bobane
1164 4749 1229 4799 urbe'
1251 4747 1285 4797 H
1419 4746 1468 4799 169
1494 4751 1526 4800 eci
1552 4751 1633 4800 fertur
1659 4751 1805 4801 minamiam
1830 4750 1862 4800 Η

209 4834 259 4888 172
277 4838 419 4903 Gutpertus
437 4835 469 4886 H
580 4832 631 4886 173
648 4836 706 4902 pius
724 4835 757 4885 H
869 4830 918 4883 174
936 4835 991 4899 opis
1009 4833 1042 4883 H
1159 4831 1209 4884 175
1226 4835 1284 4900 pius
1302 4835 1420 4885 hereticis
1437 4841 1463 4886 et
1479 4835 1564 4886 clarus
1582 4835 1615 4885 H
1720 4833 1769 4887 176
1786 4845 1859 4902 gesta

208 4922 282 4972 beata
300 4921 334 4971 H
450 4918 499 4972 177
517 4937 593 4986 quem
605 4939 652 4971 ont.
665 4920 698 4970 H
816 4916 866 4969 178
883 4920 977 4984 cogitat
993 4919 1015 4979 Q
1084 4919 1235 4970 reauxiliare
1254 4918 1287 4968 H
1386 4916 1436 4969 179
1452 4921 1501 4970 His
1513 4919 1551 4982 H,
1567 4922 1611 4971 llii
1632 4922 1654 4984 Q
1721 4922 1778 4972 nliis
1796 4940 1857 4973 suos

208 5008 230 5057 si
248 5006 281 5056 H
380 5005 431 5057 180
448 5007 553 5058 lllerum
571 5007 636 5058 fixos
653 5015 692 5058 est
709 5023 808 5073 semper
828 5007 857 5068 Q,
875 5013 901 5056 et
918 5006 998 5055 lixum
1017 5012 1056 5056 est
1073 5021 1172 5070 semper
1188 5021 1273 5055 arnare
1291 5004 1368 5055 deum
1386 5005 1449 5055 cerri.
1463 5003 1542 5056 Frcb.

314 5143 339 5210 1)
353 5141 428 5196 Psoi.
442 5141 499 5204 144,
513 5139 546 5194 14
557 5140 642 5210 erigit
654 5157 748 5194 onmes
761 5139 850 5193 elisos.
903 5141 929 5204 2)
942 5139 1003 5193 lob.
1017 5139 1041 5202 5,
1055 5139 1088 5192 18
1101 5138 1168 5207 quia
1180 5139 1239 5207 ipse
1253 5138 1383 5192 vulnerat
1395 5141 1423 5192 et
1435 5139 1569 5194 medetur.
1622 5143 1650 5209 3)
1660 5142 1754 5198 Hand.
1766 5144 1805 5208 17,
1817 5145 1858 5198 11.

207 5246 235 5312 4)
265 5245 308 5312 Cf.
331 5244 444 5299 Alcuini
466 5245 544 5314 epist.
575 5244 592 5298 l.
611 5244 628 5298 l.
648 5261 678 5313 p.
703 5243 754 5296 194
779 5241 920 5296 Memento
943 5241 1088 5296 Ezechiam
1111 5259 1204 5311 regem
1228 5244 1348 5310 quantos
1371 5243 1464 5296 hostes
1487 5261 1543 5297 una
1562 5261 1642 5313 prece
1661 5247 1858 5316 prosternerit;

206 5366 235 5418 p.
262 5349 319 5402 183.
440 5347 468 5414 5)
494 5346 601 5414 41119.
624 5349 667 5412 20,
689 5347 714 5398 6.
836 5347 863 5414 6)
883 5346 1086 5415 Barrrbcrouph,
1104 5346 1140 5415 cs.
1159 5345 1239 5400 Beda
1259 5346 1363 5399 Ecclcs.
1388 5346 1451 5401 tet.
1473 5347 1563 5416 emtis
1589 5349 1670 5418 Aapl.
1695 5350 1751 5404 111
1772 5367 1794 5404 c.
1818 5352 1857 5405 16.

209 5451 236 5518 7)
255 5451 400 5520 epiecopus
418 5448 665 5517 Lindiasarneust's
686 5449 841 5512 688-698,
859 5449 896 5516 cs.
918 5449 989 5502 Aen.
1010 5447 1186 5516 Lindisfcro.
1207 5447 1265 5502 687.
1343 5449 1371 5516 a)
1392 5449 1435 5516 Os.
1457 5465 1545 5518 supra
1561 5452 1860 5520 p.184-186verros

208 5553 356 5606 683-685
375 5595 381 5606 .
397 5593 403 5606 .
422 5553 579 5622 praeelams
598 5551 673 5606 Beda
690 5551 816 5606 sacerdos
832 5555 836 5618 Ι
852 5593 857 5605 .
871 5594 876 5605 .
890 5555 953 5622 post
971 5550 1081 5606 heroico
1099 5550 1202 5605 cecinit
1218 5551 1353 5606 miracula
1371 5569 1459 5617 versu,
1479 5553 1538 5606 742.
1607 5556 1634 5622 9)
1654 5556 1667 5607 1
1689 5555 1764 5610 Patr.
1783 5558 1807 5618 1,
1827 5557 1858 5608 ll

209 5656 442 5726 praenunciantur
460 5673 506 5708 eas
525 5655 644 5724 quaein
663 5656 773 5711 Christo
792 5659 857 5710 sunt
875 5657 1024 5727 passiones,
1043 5657 1072 5710 et
1090 5656 1253 5724 posteriores
1272 5654 1382 5725 glorias.

279 5755 382 5806 Poenas
395 5765 478 5806 aarum
491 5765 550 5804 rrvr
561 5755 686 5806 Creonnn
699 5755 719 5804 1.
1619 5753 1655 5805 30
