4988 6434
481 429 520 484 v]
1199 426 1427 482 PROOEMIVM.

479 628 563 699 satis
594 597 971 716 balsamumque
1006 625 1043 694 in
1077 623 1258 696 verborum
1294 625 1421 714 soranis
1453 622 1695 714 inaequalibus
1729 623 1952 694 libramorum
1984 623 2139 694 incuriae

481 748 618 840 saepius
654 745 843 819 indulserit
876 745 1051 836 cucullaque
1087 745 1193 832 vitia,
1228 742 1404 815 nonnullis
1440 744 1600 831 resectis,
1635 745 1823 815 eticmmum
1849 743 2036 817 maaca.
2091 743 2140 816 At

480 874 689 960 quantopere
715 865 820 938 libros
845 868 1101 958 manuscriptos
1128 863 1171 936 ab
1198 863 1387 936 editoribus
1404 862 1583 955 prioribus
1600 863 1769 936 adhibitos
1795 871 1856 937 ant
1873 867 2025 938 nondum
2043 871 2140 938 notos

482 987 685 1078 inoestiqare
719 988 817 1058 uisus
855 1008 950 1074 snm,
986 1009 1148 1078 maqnnm
1183 991 1297 1056 tannen
1332 987 1526 1056 carminum
1557 1008 1741 1057 nnmerum
1767 1009 1809 1058 ea
1835 982 1936 1059 libris
1961 986 2140 1079 impressis

481 1108 573 1180 omni
599 1107 753 1181 codicum
788 1129 851 1197 ape
878 1108 1058 1179 destitutus
1094 1105 1176 1198 quin
1201 1112 1389 1197 repeterem
1413 1105 1496 1194 fieri
1527 1127 1596 1177 non
1616 1105 1742 1198 potuit.
1795 1106 1865 1180 Sed
1890 1110 1993 1180 etiam
2020 1131 2140 1182 uersam

481 1228 617 1301 moliare
648 1228 794 1315 fortuna
827 1226 864 1297 in
890 1227 1100 1299 membranis
1134 1223 1231 1297 nobis
1262 1230 1406 1312 seruati,
1442 1227 1483 1298 de
1517 1226 1638 1318 quibus
1676 1227 1715 1297 in
1741 1228 1890 1300 arcbiaii
1914 1233 2026 1303 nostri
2050 1237 2139 1303 tomo

481 1351 601 1442 quinto
627 1348 742 1437 fusius
769 1347 835 1438 aqi,
873 1349 1109 1420 emendatione
1136 1353 1197 1418 ant
1223 1346 1418 1419 coniectura
1445 1349 1644 1439 saepissime
1669 1347 1904 1440 indiquernnt.
1960 1351 2072 1440 Quam
2099 1349 2139 1422 ab

480 1492 554 1542 rem
579 1491 724 1561 maquo
749 1467 861 1561 operis
878 1470 987 1540 nostri
1005 1469 1178 1541 commodo
1196 1466 1315 1555 eoend,
1342 1469 1436 1559 qnod
1456 1467 1649 1540 Guilelmus
1667 1466 1892 1542 Wattenbacb
1910 1470 1962 1542 rei
1978 1470 2139 1544 metricae

482 1591 675 1681 coquitiane
702 1595 868 1662 accurata
895 1589 1037 1661 adiutus
1059 1589 1212 1681 plaqnlis
1238 1588 1394 1660 munibus
1411 1587 1491 1660 inde
1509 1613 1532 1658 a
1550 1587 1625 1658 XX
1631 1587 1742 1662 VIII.
1761 1591 1923 1682 inspectis
1939 1614 2008 1663 non
2019 1615 2139 1685 pauca

481 1713 562 1784 bene
589 1709 776 1784 corrcnnit
810 1709 933 1811 itaque
957 1709 1075 1782 multis
1106 1709 1278 1799 beneficiis
1314 1711 1353 1780 in
1385 1732 1437 1781 mc
1468 1709 1560 1780 alias
1590 1708 1738 1781 conlatis
1763 1733 1890 1783 nooum
1914 1714 2018 1804 idque
2044 1714 2140 1785 band

481 1834 641 1922 cuiquam
676 1832 851 1904 adiecerit.
906 1830 965 1903 Aa
991 1833 1149 1922 priorem
1184 1832 1286 1903 buins
1322 1827 1504 1901 uoluminis
1534 1835 1674 1921 partem
1706 1832 1778 1903 iam
1812 1831 1996 1905 Deccmbri
2026 1856 2140 1905 namne

476 1953 610 2047 publici
635 1952 723 2024 iuris
748 1953 883 2044 factam
909 1952 1163 2024 entendaudam
1193 1950 1340 2042 locisque
1362 1956 1546 2042 poctarum
1581 1955 1734 2022 aeterum
1759 1952 1990 2044 supplendam
2022 1953 2061 2025 V.
2096 1953 2136 2024 V.

481 2071 536 2148 Gl.
559 2073 638 2146 Iob.
661 2072 817 2145 Huemer
843 2078 875 2144 et
900 2069 1036 2144 Inrdaa
1061 2067 1201 2142 Traube
1227 2093 1292 2142 sua
1318 2076 1438 2162 sponte
1464 2076 1694 2161 accesserunt,
1722 2095 1869 2163 quorum
1893 2096 1997 2166 opera
2024 2074 2139 2164 maqni

481 2195 695 2268 aestimanda
725 2193 763 2264 in
797 2193 967 2266 addendis
993 2199 1093 2283 prato
1129 2192 1243 2263 animo
1280 2214 1364 2264 usus
1395 2213 1483 2264 sum.
1537 2189 1692 2263 Multum
1718 2192 1808 2265 cmm
1835 2196 2016 2284 intererat,
2050 2218 2139 2287 qnae

481 2315 636 2408 encncpla
656 2320 779 2408 pactae
804 2314 917 2385 nostri
942 2314 981 2385 in
1007 2313 1217 2386 carminibus
1243 2313 1409 2385 cudendis
1436 2313 1608 2383 imitando
1633 2316 1740 2386 sconti
1766 2315 1848 2404 siut,
1875 2323 2041 2407 quantum
2063 2317 2141 2407 pieri

470 2436 600 2530 potnit,
628 2437 676 2507 ad
702 2435 871 2526 liquidum
891 2434 1093 2526 perducere,
1120 2440 1158 2505 ut
1184 2456 1221 2505 eo
1248 2433 1442 2504 studiorum
1464 2434 1570 2505 medii
1588 2435 1664 2506 acoi
1676 2433 1961 2528 pbilaloqicarum
1978 2437 2141 2511 latonae

479 2579 604 2630 nonam
630 2557 737 2628 lucem
764 2554 966 2644 affmamus.
1020 2553 1140 2644 Neq'ue
1165 2553 1323 2626 inrrnrdo
1349 2552 1528 2643 affirmari
1547 2560 1670 2645 potest,
1698 2556 1787 2629 branc
1817 2557 1980 2650 sylloqen,
2006 2559 2043 2630 in
2071 2583 2141 2652 qna

481 2683 603 2751 anneta
636 2676 783 2750 cuiusuis
819 2675 1016 2766 arqnmenti
1044 2679 1210 2766 poemata
1235 2673 1410 2766 complecti
1439 2673 1477 2744 iu
1512 2678 1629 2747 animo
1656 2682 1742 2766 erat,
1769 2678 1934 2751 historiae
1961 2679 2140 2752 literarum

480 2798 607 2871 iuniori
633 2801 712 2870 rasni
738 2796 827 2887 fore,
854 2817 958 2887 qnam
978 2795 1146 2887 politicae
1173 2818 1260 2886 quac
1289 2795 1426 2867 diedur.

585 2934 745 3028 Lonqum
780 2939 830 3007 cst
864 2955 979 3005 mones
1013 2935 1109 3005 viros
1140 2934 1256 3005 doctos
1288 2955 1509 3023 enumcrare,
1543 2934 1602 3025 qui
1632 2936 1687 3007 ael
1713 2935 1919 3011 bibliothecis
1946 2941 2140 3031 ctpatriae

482 3064 622 3131 nostrae
648 3063 680 3129 et
705 3063 880 3128 terrarum
906 3059 1103 3126 ceterarum
1130 3056 1262 3146 apertis
1295 3053 1349 3127 acl
1376 3055 1552 3128 codicibus
1578 3057 1754 3148 indaqatis
1780 3059 1991 3150 conlatisque
2018 3059 2141 3152 optime

482 3186 554 3251 tam
580 3178 622 3250 dc
648 3173 745 3248 noma
772 3197 876 3266 quam
903 3177 945 3246 dc
972 3197 1072 3266 opere
1098 3181 1215 3247 nostro
1239 3178 1342 3267 qraoi
1368 3199 1410 3248 ac
1428 3174 1601 3249 laborioso
1619 3185 1828 3262 meruerunt.
1887 3179 2024 3252 Utinam
2053 3204 2141 3272 quae

481 3300 543 3372 bac
568 3304 660 3370 tomo
686 3293 877 3369 enbibeums
905 3317 1020 3387 quem,
1051 3294 1082 3366 si
1107 3293 1199 3366 uires
1225 3301 1409 3386 suppetant
1437 3296 1528 3368 alter
1554 3320 1634 3370 mon
1659 3299 1900 3389 subsequetur,
1935 3300 2069 3372 cumlio
2096 3301 2140 3372 ab

482 3421 531 3494 eis
551 3418 722 3512 praestito
749 3441 819 3491 non
839 3416 1041 3508 iudiqniorn
1066 3416 1270 3504 oimrrntur,
1297 3416 1423 3508 bneque
1449 3418 1678 3509 fundamento
1704 3421 1796 3492 iacto
1822 3420 1992 3510 amandae,
2021 3421 2140 3514 quibus

482 3541 689 3633 asperqitur,
716 3562 739 3609 a
757 3538 845 3610 viris
863 3536 1108 3610 eruditioribus
1125 3538 1361 3628 deterqantnr.
1415 3538 1456 3611 Si
1482 3539 1566 3632 quid
1582 3539 1744 3613 utilitatis
1768 3543 1807 3613 in
1834 3565 1871 3614 eo
1888 3544 1997 3616 inesse
2015 3543 2140 3616 barum

482 3683 600 3734 rerum
633 3660 882 3732 existimatores
907 3657 1151 3746 indicaverint,
1185 3658 1278 3750 quod
1312 3659 1395 3731 utta
1428 3682 1499 3731 non
1525 3659 1683 3750 cordidit,
1716 3666 1754 3732 nt
1780 3661 1978 3734 Mauricius
2006 3663 2141 3756 Haupt,

482 3783 677 3855 studiorum
705 3801 861 3852 meorum
888 3779 1061 3871 quondam
1091 3776 1269 3851 benevolus
1303 3778 1441 3869 fautor,
1474 3781 1565 3853 burae
1598 3803 1715 3853 eorum
1740 3779 1892 3870 fructum
1921 3784 2140 3875 quantulam·

482 3927 624 3996 cumque
655 3904 729 3993 ipse
749 3901 966 3993 perciperet,
999 3900 1186 3971 admodum
1214 3901 1322 3972 doleo.
1375 3896 1558 3974 Caeterum
1590 3924 1667 3974 cum
1694 3900 1814 3974 Oridia
1841 3903 1955 3976 dicere
1982 3902 2082 3976 liccat
2108 3909 2154 3975 ct

481 4024 568 4096 mibi
591 4030 623 4096 ct
642 4022 765 4115 poetis,
794 4042 879 4112 quos
905 4016 948 4090 ab
972 4019 1096 4111 Elysio
1122 4020 1187 4092 buc
1213 4023 1389 4094 revocavi:

794 4201 865 4268 Nea
888 4199 1020 4281 dubito,
1046 4202 1125 4288 quin
1148 4201 1214 4267 sint
1237 4208 1271 4268 at
1294 4203 1328 4268 in
1351 4203 1413 4270 hoa
1435 4224 1501 4268 non
1522 4224 1628 4290 pauca
1649 4203 1762 4271 libello

878 4319 1042 4385 Barbara:
1064 4341 1131 4386 non
1154 4320 1295 4387 hominis
1318 4324 1415 4410 culpa
1437 4322 1497 4390 aad
1518 4324 1581 4390 ista
1602 4325 1676 4391 loci.

483 4618 623 4694 Dabam
640 4621 685 4694 H
685 4621 768 4693 alis
785 4619 964 4692 Senonum
983 4619 1096 4700 VIII.
1114 4621 1200 4695 Kal.
1220 4621 1346 4696 Iunias
1363 4619 1462 4696 1881

697 4744 736 4813 in
753 4741 869 4834 m'qilia
886 4742 1093 4816 mamma
1110 4743 1251 4817 dopmni.
