4612 6420
634 425 911 482 INSCRIPTIONES
930 428 1122 483 ECCLESIAE
1140 430 1273 484 SANCTI
1290 430 1455 486 VEDASTI.

466 617 520 660 xlv
555 597 617 662 AD
641 599 770 665 ARAM
794 601 1067 666 SANOTORUM
1090 603 1314 669 IOHANNIS
1337 604 1396 669 ΕΤ
1418 604 1605 671 ΜΑΤΗΕΙ.

576 720 650 785 Ηοο
674 723 846 806 symmista
869 724 924 788 dei
946 731 1058 788 teneat
1082 726 1184 789 altare
1208 724 1383 806 Iohannes,

659 824 812 890 Matheus
837 828 1005 892 emeritis
1030 834 1124 892 ornet
1146 836 1179 892 et
1205 828 1275 912 ipse
1301 829 1378 892 suis.

575 925 622 989 IIi
645 929 806 1014 scripsere
830 929 961 1013 quidem
985 929 1107 994 Christi
1131 952 1224 995 sacra
1246 937 1341 1015 gesta
1364 933 1517 1014 tonantis,

657 1029 865 1117 Quapropter
885 1033 1010 1117 pariter
1033 1033 1114 1097 haec
1138 1040 1230 1098 tenet
1253 1055 1310 1098 ara
1332 1034 1424 1098 duos.

441 1275 443 1278 ·
516 1263 559 1306 xv
592 1242 655 1306 AD
678 1243 807 1306 ARAM
832 1243 1111 1309 SANCTORUM
1135 1246 1257 1311 PIATI
1281 1247 1338 1310 ET
1362 1246 1560 1314 GEORGII.

573 1361 686 1425 Piatus
710 1368 832 1446 martyr
855 1363 1021 1448 victorque
1047 1363 1209 1450 Georgius
1233 1388 1322 1430 aram

654 1465 868 1530 Praesentem
893 1473 1036 1546 teneant,
1061 1470 1156 1532 ambo
1179 1471 1242 1555 piis
1265 1471 1401 1534 meritis.

576 1564 639 1638 Qui
661 1589 720 1653 pro
743 1591 823 1654 poce
848 1568 902 1633 dei
924 1571 1073 1634 vicerunt
1095 1573 1220 1657 proelia
1245 1573 1367 1650 mundi,

659 1670 702 1733 Et
724 1692 875 1744 meruere
901 1695 1038 1750 socrum,
1063 1697 1136 1738 rore
1160 1676 1307 1756 rubente,
1331 1678 1453 1762 polum.

345 1903 398 1946 xvr
433 1883 496 1946 AD
520 1886 649 1950 ARAM
674 1887 947 1953 SANOTORUM
970 1889 1219 1954 LAURENTII
1243 1890 1468 1956 IOHANNIS
1492 1890 1550 1954 ET
1572 1888 1720 1954 PAULI.

573 2007 749 2082 lohannes
772 2008 894 2073 Paulus
919 2011 1051 2095 pariter,
1076 2011 1273 2075 Laurentius
1297 2020 1395 2097 atque

655 2110 859 2176 Conserrent
881 2134 971 2176 oram
995 2114 1078 2177 hanc
1103 2115 1281 2180 miserante
1305 2115 1378 2195 deo,

571 2213 635 2277 Hic
658 2215 779 2279 laevita
802 2216 873 2294 fuit,
897 2217 945 2279 illi
969 2216 1028 2280 scd
1051 2218 1210 2300 sanguine
1234 2217 1363 2290 fratres,

651 2316 808 2400 Martyrio
832 2320 891 2381 toti
916 2340 1017 2404 regna
1040 2320 1138 2384 beata
1160 2326 1282 2384 tenent.

337 2546 403 2590 xvn
438 2527 486 2591 IN
509 2528 762 2594 AECCLESIA
787 2532 949 2597 SANOTI
973 2533 1112 2610 PETRI,
1132 2536 1181 2599 IN
1202 2533 1399 2599 PARIETE
1424 2532 1726 2597 SCRIBENDUM.

571 2650 725 2736 Claviger
746 2653 920 2717 aethereus
945 2661 1055 2719 servat
1078 2656 1132 2740 qui
1155 2657 1302 2740 regmina
1326 2655 1419 2736 eccli,
1494 2654 1498 2662 '

655 2755 790 2820 Solvere
814 2778 963 2841 quaeque
987 2759 1097 2844 piacet
1119 2766 1218 2844 atque
1241 2761 1343 2844 ligare
1367 2765 1496 2845 potens,

569 2858 719 2922 Piscator
741 2860 913 2944 quondam,
938 2863 1021 2925 caeli
1043 2884 1129 2927 nunc
1152 2864 1272 2928 ianitor
1293 2865 1408 2944 almus,

655 2963 848 3027 Accolesiac
871 2965 1034 3050 princeps,
1057 2974 1170 3051 pastor
1193 2974 1227 3031 et
1250 2969 1321 3053 ipse
1345 2967 1460 3046 bonus,

502 3091 513 3126 s
571 3065 631 3130 Oui
655 3065 869 3151 Christusque
893 3090 985 3132 suum
1010 3070 1205 3133 servendum
1230 3070 1329 3135 tradit
1352 3071 1437 3135 ovile
1448 3070 1469 3150 ¹,

655 3168 742 3232 Dum
766 3170 851 3234 redit
873 3170 913 3234 ad
936 3173 1038 3257 patris
1062 3195 1163 3258 regna
1185 3175 1283 3238 beata
1305 3175 1365 3240 sui.

570 3272 598 3336 Ο
621 3273 756 3337 nimium
779 3273 869 3352 felix,
892 3281 979 3338 totus
1002 3296 1100 3359 quem
1123 3277 1229 3361 diligit
1252 3277 1356 3340 orbis:

654 3377 740 3441 Huic
765 3377 914 3442 Christus
937 3399 1056 3442 nomen
1078 3379 1198 3443 Petrus
1221 3379 1342 3442 habere
1364 3378 1464 3443 dedit.

569 3478 643 3544 Hoc
666 3481 789 3565 pictate
813 3502 872 3544 sna
893 3482 1061 3567 templum,
1084 3503 1210 3566 precor,
1234 3481 1376 3567 undique
1401 3483 1520 3567 cingat,

489 3606 513 3642 ιο
655 3585 873 3668 Adventuque
896 3605 955 3648 suo
979 3591 1129 3669 protegat
1152 3591 1250 3668 atque
1273 3591 1377 3669 regat.

569 3686 802 3771 Auxiliumque
827 3687 895 3751 suis
918 3687 1047 3750 famulis
1070 3693 1236 3772 protector
1259 3689 1291 3751 in
1314 3689 1370 3752 illo

652 3791 810 3866 Perierat,
835 3798 868 3854 et
889 3791 1042 3875 precibus
1066 3789 1152 3854 adsit
1174 3791 1296 3877 ubique
1320 3793 1393 3877 piis.

568 3895 780 3960 Destruotum
803 3895 940 3957 flammis
963 3901 1179 3958 renovaverat
1201 3895 1263 3958 hoc
1289 3916 1417 3980 quoque
1440 3895 1545 3976 Rado,

654 3998 715 4062 eui
738 4019 817 4082 rogo
840 3997 1025 4062 mercedem
1048 3997 1163 4062 reddat
1186 4005 1219 4062 et
1242 3999 1313 4084 ipse
1336 3999 1464 4064 Petrus.

686 4243 762 4287 xvrn
797 4221 859 4286 AD
883 4221 1012 4290 ARAM
1035 4221 1197 4285 SANCTI
1219 4219 1365 4287 PETRI.

567 4343 662 4406 Hanc
687 4364 815 4428 quoque
840 4349 988 4407 servator
1010 4342 1126 4427 templi
1148 4341 1309 4406 tutabitur
1331 4363 1420 4406 aram

649 4443 821 4510 Ecclesiae
843 4446 996 4530 princeps
1019 4445 1120 4508 totius
1145 4445 1216 4530 ipse
1240 4443 1303 4508 dci.

566 4546 710 4611 Adiuvat
733 4553 831 4633 atque
854 4547 916 4612 deo
941 4547 1071 4611 Christo
1093 4546 1145 4611 hic
1169 4552 1246 4610 vota
1271 4547 1427 4626 ferentes,

452 4637 454 4644 ’
649 4650 826 4716 Laetemur
849 4673 980 4738 semper
1002 4651 1089 4715 illius
1112 4656 1148 4715 ut
1171 4651 1307 4716 meritis.

698 4893 752 4937 xnr
788 4871 850 4936 AD
874 4871 1003 4936 ARAM
1028 4871 1190 4936 SANCTI
1212 4871 1359 4938 PAULI.

565 4995 634 5059 Ara
656 4994 787 5079 quidem
810 5015 967 5080 praesens
991 4999 1118 5056 sacrate
1141 4999 1191 5057 cst
1214 4993 1345 5056 nomine
1368 4992 1474 5074 Pauli,

649 5095 712 5169 Qui
735 5098 874 5183 populos
897 5096 1009 5160 mundi
1033 5095 1127 5159 duxit
1149 5095 1190 5159 ad
1213 5101 1302 5158 astra
1324 5095 1401 5180 poli,

566 5199 729 5264 Gentibus
754 5205 788 5263 et
810 5198 951 5284 populis,
974 5198 1085 5282 regnis
1109 5204 1206 5281 atque
1230 5197 1365 5261 urbibus
1389 5198 1452 5262 iste

648 5300 679 5366 A
702 5301 833 5366 domino
858 5303 982 5367 clectus
1007 5301 1122 5365 doctor
1143 5299 1265 5385 ubique
1289 5299 1360 5364 fuit.

305 5460 379 5466 --—---.
729 5460 1740 5467 mmmm.

314 5561 325 5625 ΙΙ
347 5559 676 5627 [x1v13llicscribcreA
775 5557 1200 5628 ttixv]11‘latoniusmartyro
1296 5557 1307 5622 ΙΙ
1329 5557 1558 5626 [xvn]12snisQ
1643 5559 1677 5612 13
1695 5562 1850 5624 Dirutqu

304 5726 330 5794 1)
348 5727 408 5781 ron.
426 5730 467 5794 21,
486 5727 596 5782 15-17.
