4666 6406
1081 387 1287 444 THEODULFI
1306 389 1480 444 cunutus.

1177 681 1327 790 rtur.

1067 860 1128 932 DE
1155 858 1487 934 TALAMASGA1.

816 1008 916 1072 Pusio
939 1028 1100 1094 personae
1124 1029 1197 1072 cum
1221 1009 1344 1072 vultum
1369 1007 1503 1072 obducit
1525 1009 1666 1083 inanem,

903 1109 998 1183 Quod
1022 1111 1142 1190 tremit,
1165 1110 1241 1174 hine
1265 1116 1383 1184 terret;
1407 1109 1491 1195 quod
1514 1111 1609 1195 fugit,
1634 1109 1709 1174 iude
1734 1111 1836 1196 fuget.

819 1213 926 1278 Oredo
949 1221 983 1278 et
1007 1219 1190 1299 prostratus
1214 1213 1325 1282 ieeuit.
1349 1213 1539 1299 palmesque
1563 1211 1713 1290 tetendit,
1734 1269 1739 1278 .

902 1315 988 1382 Ante
1012 1315 1253 1403 redemptorem
1274 1316 1411 1404 parvule
1433 1316 1580 1384 membre
1602 1335 1747 1381 movens.
1855 1311 1856 1316 ’

1077 1539 1249 1546 ..ρ-.-.ψ
1261 1539 1276 1544 .-
1289 1539 1484 1546 μ,.--,----.-.--.

1216 1775 1340 1841 LVIII.

1038 1915 1225 1990 VERSUS
1254 1917 1302 1990 IN
1330 1917 1524 1990 ALTARI.

821 2071 894 2135 Hoc
917 2071 1019 2134 altare
1044 2069 1113 2148 tibi,
1139 2069 1221 2133 ceeIi
1245 2075 1417 2154 terraeque
1442 2075 1578 2146 creator,

901 2172 1083 2239 Teudulfus
1106 2179 1182 2238 uoto
1206 2193 1346 2237 cernuus
1371 2193 1450 2236 erno
1473 2173 1539 2257 pio.

820 2277 894 2342 Iioe
918 2298 1009 2362 rogo,
1033 2277 1180 2362 quisquis
1204 2276 1275 2340 edis
1298 2276 1444 2340 referens
1465 2296 1557 2339 suere
1580 2274 1666 2339 dona
1681 2296 1849 2362 precesve,

902 2380 952 2445 Tu
974 2386 1194 2445 memoresto
1218 2381 1295 2460 mei,
1321 2380 1349 2443 si
1371 2378 1453 2443 deus
1478 2379 1548 2465 ipse
1572 2379 1631 2444 tui.

752 2507 764 2544 s
822 2483 951 2564 Pastor,
975 2504 1053 2548 oves
1076 2483 1200 2547 domini
1223 2483 1361 2571 dapibus
1385 2483 1462 2547 hine
1485 2504 1584 2569 pesce
1608 2481 1768 2567 superuis,

904 2584 986 2658 Quis
1008 2586 1064 2672 pie
1086 2586 1152 2650 vite
1176 2585 1281 2662 detur,
1305 2587 1377 2672 quis
1401 2593 1492 2673 patet
1513 2587 1589 2651 euIe
1611 2586 1675 2651 dei.

822 2688 885 2753 nst
908 2710 1008 2775 super
1030 2695 1119 2753 estre
1141 2690 1215 2776 pius
1239 2696 1362 2777 pastor,
1387 2711 1450 2776 quo
1473 2690 1638 2776 pascimur
1661 2709 1792 2753 omnes:

904 2789 1010 2863 Quem
1032 2791 1119 2868 dum,
1143 2798 1265 2877 pastor,
1289 2813 1392 2873 emes,
1417 2814 1493 2878 pere
1517 2813 1553 2856 es
1578 2799 1611 2856 et
1635 2793 1706 2878 ipse
1730 2791 1851 2876 gregis.

822 2893 937 2958 Cernis
961 2895 1168 2958 anhelantem
1194 2894 1255 2960 hoc
1280 2895 1321 2960 ed
1344 2917 1504 2982 praesepe
1528 2899 1716 2959 catervam?

742 3020 766 3058 ιο
908 2997 996 3060 Hine
1020 2987 1176 3062 elimeut'a
1198 2999 1275 3082 egui
1298 2999 1467 3084 sunguine,
1493 3018 1591 3062 cerne
1614 2997 1711 3083 cepit,

822 3099 938 3178 Quem,
962 3099 1059 3164 draco
1084 3122 1192 3182 saeve,
1216 3103 1340 3184 tremis,
1363 3103 1418 3187 qui
1441 3108 1484 3182 te,
1508 3101 1560 3165 leo
1583 3099 1719 3187 perfide,
1742 3100 1830 3181 vieit,

906 3202 1050 3266 Crimina
1072 3223 1132 3268 ceu
1155 3203 1267 3268 mundi
1290 3205 1344 3290 qui
1367 3206 1552 3270 inveterate
1573 3203 1658 3276 tulit,

822 3307 866 3372 Et
888 3328 948 3371 nos
972 3308 1127 3372 aethereo
1151 3313 1294 3394 potuque
1320 3309 1458 3394 ciboque
1483 3313 1619 3384 secreto,

905 3409 1033 3494 Hieque
1058 3430 1136 3474 suec
1159 3431 1293 3476 mensae
1317 3411 1512 3498 participare
1536 3409 1636 3473 dedit.

741 3536 764 3574 rs
822 3513 886 3587 Qui
902 3517 953 3577 est
967 3513 1030 3592 vie,
1053 3512 1130 3590 uita,
1155 3514 1253 3594 selus,
1278 3535 1351 3599 que,
1375 3513 1416 3578 ed
1432 3535 1539 3600 quem,
1562 3513 1596 3576 iu
1612 3533 1675 3598 qua
1697 3513 1799 3577 tutius
1822 3515 1900 3582 itur:

907 3617 989 3682 Cum
1012 3636 1075 3700 quo
1099 3621 1151 3680 est
1173 3616 1376 3700 regnandum
1399 3618 1463 3681 iem
1488 3617 1558 3680 siue
1582 3615 1646 3680 fine
1669 3614 1742 3701 piis.

1240 4073 1331 4141 LIX.

1084 4217 1133 4291 IN
1161 4217 1489 4292 XENODOCHIO.

821 4363 872 4428 En
895 4373 986 4451 petet
1009 4367 1072 4431 iste
1094 4367 1211 4432 domus
1234 4367 1392 4433 mediocri
1414 4371 1531 4431 exacte
1553 4374 1678 4452 paratu,

908 4469 1094 4556 Utcumque
1118 4472 1267 4535 humanis
1292 4470 1406 4535 usibus
1429 4476 1507 4556 epte
1529 4475 1649 4532 temen.

824 4569 929 4643 Quem
953 4572 1033 4639 deus
1057 4596 1132 4640 aree
1155 4576 1222 4662 poli
1246 4575 1386 4640 famulos
1409 4572 1594 4638 miserendo
1617 4574 1753 4638 revisat:

909 4675 1035 4741 Cunete
1058 4677 1196 4744 adverse
1219 4679 1322 4764 fuget,
1346 4698 1505 4765 prospere
1530 4683 1646 4741 cuncte
1668 4676 1763 4742 feret.

754 4797 766 4835 a
825 4777 888 4842 Hie
911 4779 1071 4866 puderet
1094 4803 1216 4862 verum,
1240 4783 1346 4868 pietes
1370 4781 1581 4867 probitasque
1605 4779 1799 4852 redundent,

910 4881 960 4946 Sit
982 4890 1114 4968 praesto
1137 4885 1223 4949 elme
1246 4885 1338 4965 fides,
1362 4891 1396 4949 et
1418 4883 1533 4970 procul
1556 4903 1652 4946 omne
1676 4881 1796 4947 nefes².

824 4982 984 5050 Esuriens
1008 4988 1132 5072 epulus,
1157 4987 1271 5052 sitiens
1295 4995 1419 5075 potum,
1441 4987 1563 5071 hospes
1587 4985 1761 5060 honorem;

910 5087 1025 5154 Nudus
1048 5090 1288 5176 operimentum
1310 5091 1363 5156 hic
1385 5090 1530 5177 reperire
1554 5095 1663 5174 queat.

568 5259 893 5268 -—..-—---—-—....---....
927 5263 1046 5272 .-—-.—..
1072 5267 1163 5272 --..—
1197 5267 1264 5274 ......-
1298 5265 1623 5272 .-.-.---·,...-,-.-...-..-..--
1639 5265 1672 5270 ..-

527 5375 629 5444 [LVIII]
664 5374 809 5431 3revehes
827 5379 854 5440 V,
873 5383 986 5438 reserens
1004 5401 1072 5435 corr.
1091 5385 1162 5437 Mab.
1267 5383 1374 5449 8Quee
1391 5386 1453 5436 dum
1469 5383 1497 5448 V,
1515 5385 1597 5448 Quem
1616 5383 1686 5435 Med.

561 5561 588 5632 1)
613 5563 658 5620 Dc
679 5577 742 5623 uoce
765 5567 917 5621 telamoseo
944 5567 1071 5634 (pudone
1101 5567 1221 5634 tarento)
1246 5567 1283 5636 cs.
1307 5568 1379 5622 Dice
1406 5568 1583 5626 wemereste
1610 5566 1659 5624 der
1685 5567 1802 5630 Roman.
1827 5543 1972 5648 Sprecbea
1996 5570 2014 5622 1
2039 5583 2060 5622 s.
2085 5582 2111 5634 u,

457 5663 606 5718 methea.
676 5667 704 5736 2)
724 5667 773 5723 Oe.
791 5669 852 5724 Art.
871 5671 931 5730 Aur.
950 5669 1055 5736 11,107
1073 5669 1117 5724 su
1135 5671 1230 5740 procul
1249 5653 1330 5726 omne
1347 5672 1431 5728 netes.
