4612 6414
446 1475 901 1640 VERSUS
956 1479 1118 1634 AD
1174 1476 1687 1643 EBONEM

714 1700 1429 1864 REMENSEM.

363 2097 543 2190 Euslrrhot
572 2127 647 2190 cliro
681 2128 714 2189 iu
748 2126 986 2189 Atticillarcusi
1021 2128 1093 2208 nort
1125 2127 1289 2190 &rurensis
1323 2127 1508 2191 coarcatcrio
1540 2127 1633 2191 cornu
1665 2129 1894 2209 concrepeliorruu

243 2227 401 2308 cprnpr'uS,
428 2250 517 2308 queue
538 2230 654 2294 Petrus
680 2229 776 2292 obbas
798 2227 982 2292 lllarlourico
1004 2228 1065 2292 Pio
1083 2228 1227 2308 principe
1249 2230 1306 2293 sub
1323 2231 1512 2310 porrtificutu
1533 2229 1654 2293 Eborrc‘s
1675 2230 1897 2311 archiepiscopi

245 2351 266 2391 u
289 2331 435 2394 monacho
456 2331 590 2412 carulum
611 2333 712 2396 literis
734 2331 841 2395 orrrcis
862 2332 1017 2414 elepantcr
1039 2333 1170 2394 cnoruru'
1192 2333 1330 2410 curuor't,
1361 2333 1501 2396 uersibus
1522 2333 1652 2396 heroicis
1674 2336 1714 2396 46
1737 2333 1774 2396 ‹lc
1796 2334 1897 2412 operis

244 2431 348 2496 irrdolc
366 2433 541 2513 praefatos.
587 2436 666 2516 ‘Quo
697 2435 731 2498 iu
759 2435 857 2500 coelice
887 2434 1001 2514 depicti
1027 2434 1211 2498 exhibentur
1237 2438 1383 2514 qamttuor
1409 2436 1617 2517 euuupelr'stuo
1638 2435 1839 2499 scribentium
1862 2434 1896 2497 iu

244 2554 358 2598 onmem
371 2557 440 2600 cum
457 2557 566 2617 pennu
587 2539 623 2602 iu
645 2560 742 2602 urorur
763 2541 800 2602 irc
822 2537 1008 2620 quibusdum
1029 2557 1069 2601 cc
1090 2537 1158 2600 illis
1180 2537 1224 2601 sic
1244 2555 1400 2616 expresso,
1423 2541 1459 2599 ut
1480 2537 1517 2601 de
1533 2557 1659 2618 pennae
1680 2557 1742 2601 usu
1763 2538 1799 2601 in
1820 2537 1896 2601 scri-

144 2661 146 2666 ⁴
245 2637 341 2702 heudo
363 2640 429 2704 illis
458 2641 645 2720 tem-poribus
674 2646 791 2723 recepto
818 2661 882 2706 uou
908 2641 999 2705 liccat
1026 2639 1189 2704 dubiture’.
1241 2638 1413 2720 Postquam
1435 2640 1503 2705 lob.
1526 2639 1686 2705 Mubtllou
1697 2641 1721 2723 ¹)
1753 2659 1897 2703 uersuum

245 2739 372 2804 illorum
392 2742 516 2822 puriores
537 2746 688 2823 specimen
710 2745 795 2808 dedit
818 2745 859 2830 (c.
885 2749 912 2821 1,
935 2741 1113 2827 8-15)²),
1145 2746 1268 2806 cunctos
1289 2763 1305 2806 c
1327 2741 1426 2806 codice
1447 2742 1512 2806 loru
1533 2743 1569 2806 iu
1592 2742 1802 2807 bibliothecam
1824 2743 1897 2806 cici-

244 2842 319 2905 tutis
348 2844 579 2924 Spurucceusia
608 2848 790 2930 (lipcruuy)
818 2848 975 2912 translato
996 2845 1157 2911 Paulinus
1183 2846 1282 2910 Puris
1304 2845 1398 2931 forus
1424 2845 1509 2910 uren
1520 2845 1563 2933 ³),
1592 2865 1668 2929 quos
1694 2846 1768 2911 usu-i
1793 2850 1898 2909 nostro

244 2943 401 3029 Alflredns
422 2947 565 3027 Sabeone,
594 2948 629 3013 V.
655 2950 701 3018 Cl.
725 2951 837 3016 iterum
857 2949 1030 3031 desuipsit.

613 3350 696 3430 Eho,
719 3349 886 3415 Remense
910 3349 1020 3428 decus,
1045 3351 1176 3435 praesul
1199 3354 1375 3435 pastorque
1400 3347 1587 3426 coruscue⁴,

554 3473 555 3482 ¹
615 3453 712 3518 Celsa
735 3459 768 3518 et
791 3455 880 3517 clara
903 3453 1002 3532 farus,
1027 3453 1148 3516 sanctis
1172 3475 1232 3538 per
1255 3453 1514 3532 saecularum,

613 3557 745 3621 Ordinis
769 3557 874 3622 omnis
898 3558 1013 3638 honos,
1035 3558 1224 3644 pariterque
1248 3557 1415 3643 piissimus
1437 3557 1544 3626 heros.

612 3663 721 3746 Atque
745 3662 795 3726 sui
819 3683 964 3754 compos,
988 3663 1065 3745 quin
1088 3668 1200 3725 noster
1222 3660 1264 3724 ad
1287 3661 1396 3725 omnia
1418 3666 1539 3738 eustos,

544 3814 548 3822 .
615 3766 811 3831 Pontificum
836 3767 975 3846 culmen,
1000 3787 1059 3829 seu
1081 3765 1175 3829 dulce
1200 3771 1233 3828 et
1256 3764 1366 3830 nobile
1390 3765 1509 3844 lumen,

613 3870 811 3934 Cunctorum
836 3869 1013 3954 specimen,
1036 3874 1246 3952 nostrumque
1271 3867 1414 3952 optabile
1437 3873 1580 3953 tegmen,

613 3972 658 4037 Et
680 3974 758 4037 cleri
782 3995 895 4037 norma
918 3979 952 4037 et
975 3973 1063 4056 vulgi
1087 3972 1142 4056 pia
1164 3971 1285 4035 famine
1308 3970 1423 4050 forma

613 4074 739 4141 Ductor
761 4077 983 4160 euangelicue,
1007 4075 1168 4160 praecelsi
1190 4073 1303 4157 regis⁵
1325 4073 1459 4152 amicus,

614 4183 712 4246 Hunc
736 4180 769 4244 in
792 4181 916 4244 honore
940 4179 994 4243 dei
1016 4179 1173 4263 Petrique
1198 4178 1230 4240 in
1255 4196 1365 4240 amore
1388 4174 1479 4239 beati

615 4285 750 4349 Librum
773 4283 869 4347 iussit
891 4283 954 4367 agi,
977 4284 1095 4368 plenus
1119 4280 1305 4366 spiraminis
1328 4279 1415 4343 almi.

616 4387 717 4452 Cuius
741 4387 782 4450 ad
805 4388 978 4473 imperium
1001 4386 1191 4451 accelerans
1214 4385 1373 4450 velociter
1395 4384 1497 4464 illum,

615 4490 712 4555 Abba
734 4490 867 4554 humilis
891 4496 1004 4555 noster
1026 4491 1145 4554 Petrus
1169 4487 1383 4576 placidusque
1406 4486 1585 4571 magister⁶

617 4593 734 4680 Coepit
756 4594 960 4674 anhelanter,
983 4593 1122 4680 perfecit
1146 4593 1272 4678 etipse
1296 4592 1482 4676 flagranter.
1617 4595 1618 4598 ’

614 4697 712 4762 Hunc
735 4719 813 4762 auro
837 4697 975 4761 interius
1000 4696 1122 4761 Christi
1145 4695 1313 4760 decoravit
1336 4693 1471 4772 amicus,

535 4824 558 4860 15
616 4801 726 4885 Atque
751 4799 850 4864 ebore
875 4801 1022 4863 exterius
1045 4799 1180 4885 pulchre
1205 4796 1386 4883 decompsit
1410 4796 1548 4881 opimus.

616 4903 671 4968 Sic
695 4910 728 4968 et
750 4909 786 4965 ut
809 4903 946 4978 ornavit,
970 4901 1101 4966 domino
1124 4901 1288 4984 Petroque
1313 4898 1444 4976 dicavit,

357 5196 381 5258 1)
402 5195 502 5248 Auuol.
525 5195 584 5247 ortt.
608 5193 634 5246 S.
654 5195 757 5249 Benaci.
777 5196 826 5261 ΙΙ,
848 5197 911 5258 508;
935 5195 979 5248 Dc
1000 5209 1030 5246 re
1052 5193 1161 5263 diplom.
1187 5191 1326 5260 supplem.
1346 5189 1454 5257 11,51·,
1478 5189 1515 5256 cf.
1532 5187 1639 5257 Voyopc
1664 5187 1745 5240 litter.
1771 5183 1804 5237 ur
1827 5183 1901 5237 dcun

249 5297 327 5365 relic.
338 5297 517 5352 Benedictius
535 5301 575 5366 ΙΙ,
589 5300 636 5352 78:
655 5317 693 5352 un
710 5303 780 5352 teuto
793 5299 840 5353 dee
853 5299 992 5368 eounpilca
1010 5298 1076 5352 ierit
1094 5313 1127 5351 en
1143 5298 1236 5350 lettres
1254 5294 1314 5347 rl'or
1331 5299 1356 5348 ct
1368 5293 1448 5346 d'uae
1461 5290 1554 5345 beaute
1572 5290 1735 5343 clrormoutc.
1787 5288 1816 5356 2)
1834 5287 1902 5341 ‘Alii

248 5415 346 5456 cuano
363 5400 434 5454 nuit
445 5402 631 5461 obseruatione
643 5409 693 5457 out
704 5402 886 5471 lucedipnum
898 5402 1053 5456 continent.
1124 5401 1151 5468 3)
1171 5397 1317 5453 Acodtmie
1336 5397 1383 5451 des
1401 5395 1587 5465 inscriptions,
1607 5392 1730 5461 Gornptcc
1746 5391 1850 5445 rendae
1873 5409 1899 5445 u.

251 5503 318 5557 1877
336 5509 355 5558 t.
377 5503 427 5568 VI,
445 5505 487 5558 98.
574 5506 603 5575 t)
621 5507 759 5560 816-835
776 5506 812 5574 cs.
833 5506 942 5559 Simeon
959 5503 1078 5573 Ludwip
1099 5503 1149 5557 der
1167 5503 1217 5557 hh.
1236 5505 1260 5566 I,
1278 5501 1320 5568 68,
1338 5499 1398 5554 207.
1485 5499 1513 5566 h)
1537 5494 1697 5551 Hludowo'ci
1718 5494 1901 5563 imperatoris.

238 5607 279 5674 ⁴6)
299 5606 444 5674 Mobillorn
461 5624 539 5676 quem
557 5609 642 5663 Poris
658 5615 770 5664 ramnus
789 5611 842 5675 est,
864 5607 1009 5662 Placidum
1027 5609 1189 5662 monachum
1208 5606 1286 5661 Petri
1303 5605 1411 5660 obbatis
1433 5605 1512 5657 iussu
1536 5599 1655 5654 codicem
1673 5598 1902 5653 Atticillurenaem

251 5727 384 5771 exorasse
402 5711 523 5776 coniecit,
543 5712 574 5766 id
591 5713 665 5782 quod
679 5713 802 5782 probare
819 5727 875 5766 non
889 5683 1013 5782 possum.
