4936 6406
533 399 739 454 THEODULFI
758 400 963 454 EPITAPHIA.
1001 399 1261 454 FRAGMENTUM
1279 397 1327 454 DE
1345 401 1455 455 vimus
1474 400 1722 456 GAPI'I'ALIBUS.
1860 405 1863 410 “
1889 407 1952 468 445

300 573 475 654 composuit.
529 574 716 656 Quibuscum
750 594 787 637 aa
814 575 1052 650 ¹comicum*arms‚
1086 595 1165 656 quae
1194 574 1295 638 uultus
1323 578 1493 655 temporum
1525 577 1608 640 uotis
1645 575 1801 658 iustpaita
1827 578 1955 656 proptor

300 676 476 760 argumenti
510 677 558 740 ool
593 677 739 741 diationis
771 677 1008 741 similitudimem
1041 677 1143 742 eodum
1176 679 1311 758 fortasse
1344 680 1475 757 ternpore
1511 678 1636 743 condita
1680 697 1744 743 ossa
1776 677 1954 742 viduantur.

299 779 423 844 Deinde
444 785 617 860 sequautur
640 780 707 858 itta,
731 800 811 860 puae
827 779 1017 862 amanum
1039 782 1198 868 episeopus
1221 781 1285 846 iam
1307 781 1480 859 ordinatus,
1503 781 1550 845 *uel
1565 780 1677 846 Caroto
1698 781 1745 846 eat
1767 779 1955 846 Htudomioo

300 884 473 964 trrrporauto
496 883 592 948 edidit
614 883 731 960 ordiam,
755 887 790 947 ut
810 884 875 947 diei
893 884 978 965 solet,
1001 883 1381 966 otrmmtoptcodispositm
1406 888 1471 946 teron
1492 884 1570 961 alia,
1592 905 1670 965 quaa
1692 884 1735 948 od
1748 886 1957 948 auuosoortos
2041 941 2044 946 .

301 1007 365 1050 uase
386 985 565 1071 auferenda,
596 988 668 1050 item
690 986 732 1050 ad
753 987 947 1068 episcopatus
976 991 1114 1068 tuamora
1132 985 1268 1070 fortasse
1289 987 1456 1068 pertiuout.
1501 987 1623 1070 Apurom
1644 987 1795 1053 claudant
1813 990 1957 1067 poemata

301 1091 407 1154 tristia
435 1094 528 1169 marro
556 1090 682 1166 acerba,
711 1090 824 1170 quibus
856 1089 1047 1169 theodulfus
1078 1089 1116 1152 da
1136 1109 1242 1170 poema
1273 1109 1337 1154 aare
1369 1091 1481 1154 >ezarita
1507 1095 1537 1154 ot
1563 1091 1599 1153 do
1627 1111 1747 1156 oaroouo
1775 1093 1956 1171 conquestus

301 1194 415 1258 aruioos
437 1192 607 1273 eorupooltut
632 1192 782 1257 Moduiut
803 1213 950 1273 respousa
971 1193 1098 1270 adiecto,
1121 1193 1253 1273 (tortique
1268 1192 1450 1273 append-iris
1473 1194 1535 1257 loeo
1555 1213 1663 1258 uorsus
1684 1193 1832 1259 tammulti
1845 1193 1958 1258 dubiae

302 1297 436 1378 oripim‘s
467 1300 495 1358 ot
527 1315 650 1358 aarurou
673 1295 846 1359 Pru-dentis
870 1301 981 1376 poetae
1009 1295 1152 1374 aspiratis
1182 1296 1225 1358 ad
1247 1294 1455 1360 Prudoutioou
1478 1297 1600 1374 adstruam
1627 1299 1662 1360 iu
1683 1319 1743 1378 quo
1767 1296 1957 1378 Tdaodutfus

296 1401 396 1480 pardo
418 1403 490 1464 auto
505 1399 670 1478 olofiruotus
685 1404 937 1463 arroumauoratur
959 1419 997 1462 ao
1018 1398 1079 1462 duo
1091 1401 1235 1478 poemata
1251 1398 1294 1460 od
1307 1398 1529 1464 Htudouuaum
1541 1399 1637 1463 Pium
1651 1399 1810 1480 Thoodutrt
1825 1403 1957 1480 touuporo

301 1503 393 1580 edita,
415 1523 547 1583 quartum
567 1502 702 1566 altimum
724 1501 906 1566 Mauricius
920 1503 1032 1583 Haupt
1054 1523 1093 1565 ea
1115 1503 1213 1566 aodioo
1228 1502 1390 1582 Lipsiousi
1411 1505 1463 1586 (os.
1486 1523 1584 1584 supra
1600 1524 1636 1584 p.
1660 1507 1712 1584 31,
1738 1503 1811 1588 167)
1830 1505 1958 1585 primm

300 1607 388 1686 toras
418 1606 503 1670 dedu
536 1603 696 1687 (Bamelute
729 1605 785 1669 olor
811 1605 926 1687 triuipl.
958 1607 1056 1670 sticds.
1084 1605 1250 1670 desumet.
1280 1605 1335 1669 dar·
1361 1607 1558 1684 Wisseusott.,
1575 1606 1657 1686 phil.
1679 1607 1750 1671 trist.
1781 1606 1828 1672 Ol.
1852 1607 1901 1684 II,
1926 1611 1956 1685 2,

302 1708 441 1788 Haupte'i
464 1709 612 1788 opusadu
637 1708 662 1784 I,
687 1709 774 1792 287).

759 2155 900 2220 Contriti
924 2163 957 2220 et
981 2155 1088 2219 cordis
1113 2178 1205 2222 saera
1228 2178 1343 2242 parare
1367 2157 1439 2221 deo.

668 2259 817 2322 Tristitia
839 2258 921 2322 haee
945 2259 1070 2323 ratione
1094 2260 1193 2345 riget,
1217 2261 1298 2325 haee
1322 2262 1396 2344 lege
1420 2266 1560 2338 tenetur,

752 2361 921 2424 Mentibus
945 2361 1026 2425 haee
1050 2364 1171 2426 sanetis
1196 2363 1315 2446 gaudia
1337 2385 1456 2448 magna
1479 2368 1582 2447 parat.

600 2487 611 2521 s
673 2463 834 2543 ‘Felices',
859 2464 964 2548 inquit
987 2464 1137 2528 domiuus
1162 2467 1253 2542 rex1,
1278 2467 1344 2551 ‘qui
1367 2467 1462 2530 modo
1486 2467 1583 2534 fletis.

752 2566 917 2652 Egregius
940 2568 1034 2632 vobis
1058 2581 1132 2654 post
1155 2571 1231 2654 quia
1254 2571 1337 2634 risus
1362 2571 1444 2634 erit?

668 2670 733 2734 Cor
755 2671 914 2755 sapientis
937 2670 993 2736 ubi
1018 2672 1150 2757 sapiens
1174 2674 1395 2738 moestissima
1418 2674 1502 2737 dixit

752 2774 819 2838 Res
845 2783 905 2846 ost,
930 2785 962 2838 et
986 2775 1076 2843 stulti
1102 2783 1176 2840 sunt
1199 2777 1255 2840 ubi
1278 2778 1365 2841 laeta
1389 2776 1529 2861 quidem.

666 2877 794 2964 Nempe
818 2879 863 2942 ait
887 2887 920 2942 et
943 2878 1089 2960 *Miseriss
1115 2879 1320 2944 venerandus
1344 2879 1544 2966 apostolus²‚
1570 2883 1650 2944 ‘este

586 3005 610 3039 ro
749 2981 791 3045 Et
814 2983 932 3046 vestris
957 2982 1072 3047 sedeat
1094 2984 1262 3068 plangere,
1287 2985 1365 3048 flere
1392 2985 1518 3048 animis.

669 3084 835 3170 Suscipiat
858 3087 964 3149 laetus
989 3088 1075 3149 uisus
1100 3095 1133 3150 et
1155 3087 1275 3171 gaudia
1298 3109 1428 3152 moeror

751 3189 893 3267 Vestra,
919 3189 978 3252 sed
1002 3189 1081 3253 haee
1106 3196 1262 3273 satagens
1285 3189 1436 3275 dogmata
1462 3197 1575 3255 saneta
1591 3189 1698 3254 dabat.
1732 3247 1733 3252 ,

669 3289 787 3354 Omnia
810 3292 882 3376 quis
905 3293 1045 3376 propriis
1068 3293 1191 3376 poterit
1214 3293 1400 3358 describere
1428 3294 1535 3372 cartis,

751 3392 843 3466 Quae
868 3393 907 3456 de
931 3394 992 3457 hac
1017 3415 1051 3457 re
1076 3397 1216 3479 sparsim
1240 3397 1363 3481 pagina
1386 3405 1500 3460 sauata
1522 3397 1628 3461 eanit'?
1692 3455 1701 3470 ,

587 3517 610 3553 u
668 3496 795 3576 Altera,
819 3517 915 3580 quam
938 3499 1044 3582 gignit
1068 3498 1157 3562 furor
1181 3507 1214 3564 ot
1237 3501 1385 3564 confusio
1409 3487 1539 3580 mentisss

751 3599 982 3685 Segnitiosque
1007 3622 1140 3680 nocens,
1166 3604 1212 3666 nil
1235 3605 1369 3667 rationis
1393 3603 1529 3668 habens.

666 3702 739 3767 Non
764 3705 909 3768 animum
931 3705 1013 3769 haec
1036 3715 1164 3792 purgat,
1190 3707 1248 3771 sed
1272 3709 1382 3792 iniquo
1405 3707 1535 3771 turbine
1558 3705 1678 3781 turbat,

751 3807 857 3882 Quem
880 3810 1011 3874 turbare
1035 3811 1132 3888 valet,
1157 3813 1341 3876 emaculare
1365 3812 1488 3897 nequit.

666 3909 762 3976 Hane
785 3912 875 3976 fovet
897 3914 1059 3984 anxietas,
1083 3914 1167 3978 hana
1191 3914 1377 4001 desperatio
1401 3915 1515 4000 gignit,

752 4011 869 4102 Deque
894 4018 944 4080 sui
969 4017 1053 4100 nigri
1075 4018 1207 4082 flumine
1231 4019 1326 4082 laetis
1350 4020 1417 4082 alit.

667 4120 799 4185 Tertius
823 4120 987 4186 horrenda
1010 4123 1156 4186 exoritur
1178 4122 1293 4188 modus
1318 4122 1486 4209 improbus
1510 4123 1568 4202 im,

750 4223 895 4310 Gignere
919 4227 995 4310 quin
1020 4226 1118 4290 etiam
1142 4227 1260 4292 damna
1284 4227 1406 4292 eaduea
1430 4228 1546 4291 solent.

667 4327 749 4392 Cum
772 4328 937 4393 desiderio
961 4335 1011 4394 est
1033 4351 1125 4394 meus
1148 4337 1205 4395 aut
1228 4333 1380 4418 perculsa
1402 4331 1530 4408 timore,

750 4432 904 4520 Carpitur
926 4443 982 4498 aut
1005 4456 1102 4499 eaeeo
1127 4434 1294 4500 desidiosa
1315 4455 1406 4519 rogo.

585 4557 609 4591 a
665 4534 728 4599 Est
750 4535 941 4622 plerumque
966 4560 1024 4602 sua
1050 4539 1096 4601 sia
1120 4545 1298 4604 excaecata
1320 4539 1439 4618 furore,

749 4638 794 4702 Ut
817 4640 861 4704 sit
885 4640 962 4725 quid
985 4641 1073 4706 dieat
1096 4643 1219 4722 nescia,
1244 4643 1296 4705 vel
1320 4641 1398 4726 quid
1420 4647 1508 4726 agat.

666 4740 726 4804 Est
749 4747 784 4805 et
807 4742 839 4806 ei
862 4743 932 4806 sine
957 4743 1049 4808 clade
1073 4742 1177 4824 dolor,
1200 4745 1271 4808 sine
1295 4743 1425 4808 nomine
1451 4762 1590 4822 moeror,

747 4841 867 4908 Intima
890 4844 950 4910 sed
973 4846 1080 4910 cordis
1104 4847 1236 4911 nubilus
1261 4868 1351 4910 error
1373 4845 1482 4911 habet.

665 4949 762 5015 Hane
778 4951 874 5017 moda
889 4974 1022 5017 somnus
1038 4953 1148 5034 habet,
1166 4954 1262 5018 modo
1279 4953 1371 5018 tarda
1385 4953 1517 5018 silentia
1533 4957 1700 5037 prensant,

583 5075 609 5112 :u
753 5054 911 5119 Ambulat
934 5063 968 5120 et
991 5056 1100 5121 stertit
1110 5057 1132 5136 ³,
1157 5063 1335 5121 murmurat
1358 5064 1455 5142 atque
1480 5061 1576 5120 tacet.

309 5385 311 5396 ,
368 5344 399 5412 [1]
419 5365 449 5398 eu
467 5349 577 5400 editione
596 5349 729 5400 ,S'irmendi
742 5371 772 5415 p.
786 5348 836 5401 227
856 5353 872 5400 l.
893 5354 913 5400 V
932 5371 953 5402 e.
972 5353 995 5402 ll
1014 5354 1053 5403 De
1071 5361 1167 5419 septem
1186 5354 1256 5405 vitiis
1268 5355 1427 5420 capitalibus.
1457 5355 1556 5406 Desunt
1566 5357 1681 5421 pleurimo
1696 5355 1721 5405 S·
1790 5353 1961 5406 maburtius

405 5483 432 5552 1)
457 5483 526 5538 Luc.
546 5485 615 5548 6,21
642 5485 734 5548 Beati,
760 5486 807 5555 qui
831 5505 905 5542 nune
927 5488 1014 5552 fletis,
1044 5489 1110 5558 quia
1132 5489 1267 5542 ridebitis.
1350 5489 1377 5557 2)
1403 5490 1461 5542 Ine.
1480 5490 1533 5552 4,9
1551 5489 1644 5544 Miseri
1664 5493 1753 5545 utute
1771 5493 1799 5543 et
1818 5491 1913 5561 lugete
1932 5493 1960 5543 et

296 5586 418 5656 plomte:
437 5587 508 5640 risus
527 5593 622 5642 vester
642 5589 670 5641 in
690 5590 797 5644 luctuum
810 5597 990 5647 eonvertatur
1008 5597 1036 5648 et
1053 5594 1187 5664 gaudium
1201 5595 1230 5647 in
1244 5609 1414 5660 moerorem.¹
1469 5595 1496 5660 3)
1509 5595 1615 5665 Euporo.
1636 5595 1717 5650 Tolet.
1728 5593 1807 5662 1V,a
1826 5593 1960 5648 Ambulat

297 5693 325 5744 et
344 5691 447 5746 strauit.
