4574 6442
933 395 1084 454 PAULINI
1093 395 1354 464 AQUILEOENSIS
1373 395 1549 452 CARMINA.

808 575 837 636 7.
859 571 982 638 Turres
1013 571 1192 652 Stratonis,
1223 572 1337 636 limitis
1364 572 1572 658 principium,

862 673 1007 740 Soithiae
1031 682 1154 753 metas,
1184 674 1316 740 Tratiae
1344 676 1400 760 qui
1423 675 1586 740 cardinem

860 797 881 840 a
903 797 939 841 se
969 782 1154 862 sequestrat
1182 784 1320 862 utraque
1348 778 1487 843 confinia

860 879 942 943 haec
972 879 1096 944 Austro
1125 879 1247 962 reddit,
1276 880 1359 946 haee
1388 880 1533 946 refundit
1559 881 1698 960 Boreae,

864 981 969 1047 tendit
1000 982 1041 1046 ad
1070 990 1197 1069 portas,
1224 1005 1308 1070 quae
1337 984 1490 1049 dicuntur
1522 983 1673 1070 Caspiae.

807 1120 837 1184 8.
860 1118 1043 1184 Liburnum
1070 1121 1184 1200 litus¹,
1213 1142 1277 1206 quo
1306 1120 1491 1186 redundant
1518 1123 1631 1200 maria,

861 1243 955 1287 mons
986 1223 1136 1304 inimice,
1167 1224 1353 1289 Laurentus
1382 1226 1437 1310 qui
1464 1225 1593 1306 diceris,

861 1348 920 1392 vos
944 1349 1043 1414 super
1064 1349 1219 1414 umquam
1242 1328 1355 1404 imber,
1378 1351 1444 1410 ros,
1468 1351 1529 1394 nec
1552 1329 1663 1416 pluvia

860 1428 1079 1511 descendant,
1106 1431 1205 1496 flores
1233 1453 1294 1497 nec
1323 1433 1422 1498 tellus
1449 1454 1631 1519 purpureos

862 1533 1041 1617 germinet,
1070 1534 1189 1598 humus
1218 1555 1280 1600 neo
1309 1535 1434 1599 fruetus
1464 1535 1622 1600 triticeos.

807 1673 837 1733 9.
859 1669 977 1735 Ulmus
1011 1692 1071 1736 neo
1099 1672 1200 1737 vitem
1227 1679 1391 1757 gemmato
1420 1694 1494 1737 oum
1522 1673 1676 1760 pampino

862 1781 1026 1840 sustentet
1035 1776 1057 1854 ²,
1084 1796 1165 1839 uvas
1191 1797 1253 1840 nec
1284 1777 1317 1840 in
1344 1777 1443 1841 ramis
1470 1777 1622 1864 pendeat.

862 1877 1014 1943 frondeat
1039 1878 1120 1943 fieus
1150 1879 1237 1944 sicco
1267 1901 1399 1966 semper
1427 1881 1547 1966 stipite,

862 1979 946 2046 ierat
974 2003 1036 2046 nec
1062 1983 1164 2047 rubus
1196 1984 1284 2047 mala
1311 1983 1421 2067 granis
1444 1983 1601 2064 Punicas,

861 2090 990 2169 promat
1017 2085 1140 2149 insutus
1172 2106 1232 2150 nec
1265 2087 1383 2171 globus
1412 2090 1621 2168 castaneas‘,

789 2227 837 2286 to.
861 2221 928 2287 Ubi
957 2221 1076 2288 cecidit
1103 2223 1153 2287 vir
1180 2223 1274 2288 fortis
1305 2224 1339 2288 in
1367 2225 1493 2311 proelio

862 2325 967 2410 clipeo
994 2324 1114 2406 fracto,
1145 2331 1316 2390 cruentata
1343 2326 1516 2413 romphea:

861 2428 997 2492 lanceae
1027 2448 1154 2492 summo
1185 2434 1318 2493 retunso
1345 2450 1420 2493 nam
1447 2430 1554 2494 iaculo

863 2531 993 2616 sagittis
1020 2530 1145 2595 fossum
1174 2530 1283 2596 fundis
1312 2553 1394 2596 saxa
1421 2532 1519 2597 fortia

862 2654 982 2720 corpus
1013 2634 1134 2698 iniecta
1163 2634 1357 2699 contrivisse
1388 2635 1516 2703 dicitur.

790 2775 838 2839 11.
862 2770 940 2836 Heu
969 2793 1038 2851 me,
1065 2792 1163 2856 quam
1192 2771 1307 2837 durum
1331 2793 1494 2858 quamque
1517 2774 1610 2839 triste
1639 2776 1811 2839 nuntinm⁵

862 2875 919 2939 illa
946 2875 1007 2940 sub
1035 2875 1088 2939 die
1117 2874 1269 2940 deflenda
1299 2877 1501 2961 percrepuit:

862 2998 938 3041 nam
970 2978 1093 3042 clamor
1120 2984 1196 3042 ante
1225 2975 1384 3041 orrendus
1412 2998 1473 3063 per
1500 2978 1627 3064 plateas

861 3080 1004 3145 lacrimis
1032 3080 1150 3166 dignus
1180 3080 1305 3160 sonuit,
1335 3101 1432 3165 quam
1462 3081 1569 3145 tristia

862 3185 935 3250 eius
965 3205 1025 3271 per
1052 3183 1154 3249 verba
1178 3205 1267 3249 mors
1296 3190 1385 3250 esset
1414 3185 1576 3271 exposita.

790 3325 839 3389 12.
861 3321 1003 3405 Matres,
1031 3323 1157 3402 mariti,
1186 3322 1295 3409 pueri,
1324 3323 1507 3402 iuvencule,

860 3425 999 3508 domini,
1030 3426 1133 3506 servi,
1162 3447 1263 3491 sexus
1295 3426 1417 3507 omnis,
1443 3433 1558 3490 tenera

860 3537 953 3596 aetas
980 3530 1154 3618 pervalde,
1185 3530 1391 3596 sacerdotum
1417 3530 1530 3595 inolita

861 3641 1008 3716 caterva,
1037 3635 1157 3721 pugnis
1185 3634 1331 3698 sauciata
1359 3641 1493 3720 pectora

862 3738 1006 3804 crinibus
1034 3739 1136 3802 vulsis
1165 3737 1336 3802 ululabant
1366 3737 1498 3823 pariter.
1528 3791 1530 3796 .

790 3878 840 3941 13.
861 3875 954 3941 Deus
983 3880 1135 3953 aeterne,
1168 3873 1238 3937 limi
1266 3873 1321 3958 qui
1352 3872 1393 3939 de
1420 3875 1555 3959 pulvere

861 3980 1033 4066 plasmasti
1059 3985 1149 4042 tuam
1177 3978 1300 4063 primos
1327 3976 1369 4042 sd
1399 3976 1574 4063 imaginem

860 4091 1013 4172 parentes
1032 4081 1190 4162 nostros,
1219 4103 1278 4168 per
1308 4103 1391 4167 quos
1421 4103 1535 4148 omnes
1565 4083 1732 4166 morimur,

860 4188 979 4252 misisti
1008 4193 1100 4251 tuum
1127 4184 1186 4250 sed
1213 4185 1370 4250 dilectum
1399 4185 1511 4266 lilium,

860 4292 999 4356 vivimus
1032 4310 1145 4355 omnes
1174 4311 1234 4376 per
1264 4310 1361 4375 quem
1390 4290 1593 4356 mirabiliter.

520 4475 708 4482 -,,.........,...-.
721 4475 762 4482 ..-
773 4471 1016 4480 ..-.-.—-..--.-.-..-
1028 4471 1042 4474 -
1058 4470 1142 4475 -„..-..
1164 4471 1171 4474 -
1189 4469 1202 4474 -
1219 4471 1224 4473 .
1245 4469 1284 4474 -.....
1300 4471 1304 4474 .
1330 4470 1379 4474 .-...
1396 4471 1402 4474 -
1497 4471 1502 4476 .
1545 4473 1550 4476 .
1642 4475 1655 4479 .-
1681 4477 1696 4480 ..
1743 4477 1779 4482 ...,
1791 4479 1800 4482 -
1812 4477 1818 4482 .
1833 4478 1961 4484 ..-—--.

515 4592 557 4660 7,1
586 4595 674 4645 Turno
700 4592 726 4642 B
822 4591 946 4642 Stridonis
972 4589 1037 4640 corsi.
1065 4587 1184 4638 maroa
1278 4589 1371 4639 liruidis
1398 4589 1424 4638 B
1567 4587 1609 4655 72
1636 4592 1709 4644 aitiae
1735 4603 1815 4646 metra
1840 4597 1928 4646 stratis
1953 4595 1991 4660 B,
2021 4597 2072 4647 scit

412 4682 534 4733 biametas
551 4681 642 4731 straoie
660 4679 694 4730 M
825 4674 867 4742 8,1
886 4676 1005 4728 Libioum
1024 4671 1091 4724 ΜΒ
1170 4675 1295 4726 redundat
1312 4674 1338 4724 B
1454 4673 1497 4740 82
1514 4678 1610 4728 inimici
1628 4673 1696 4728 ΜΒ
1821 4679 1864 4745 8‚4
1882 4699 2026 4749 purpureus
2044 4682 2072 4734 B

413 4766 457 4833 8‚5
474 4768 568 4819 tricena
581 4766 606 4817 B
709 4761 1288 4831 9,1gemanovergeminocma1umeu
1390 4759 1433 4827 9,2
1449 4764 1597 4830 pondeatB
1691 4763 1734 4830 9‚3
1751 4766 1890 4817 frondeaB
1937 4785 1964 4819 se
1982 4785 2027 4834 por
2045 4767 2072 4818 Β

411 4851 455 4918 9,4
473 4855 527 4905 sera
544 4850 580 4904 Μ
682 4848 725 4916 ab
748 4853 798 4901 Pro
821 4857 918 4916 martyr
939 4857 1014 4900 sutus
1033 4846 1068 4899 M
1186 4845 1375 4912 lutosarum
1398 4850 1522 4916 rumphea
1539 4850 1565 4899 B
1685 4848 1744 4916 10‚3
1760 4861 1862 4904 retunso
1880 4853 1905 4902 B
1991 4871 2024 4904 na
2036 4851 2076 4905 M

411 4935 472 5000 10,4
489 4939 562 4992 fundi
580 4938 605 4989 B
683 4934 796 4988 saxitM
900 4933 959 5000 10‚5
977 4936 1077 5002 ingesta
1095 4931 1131 4984 M
1233 4931 1290 5000 ll,l
1310 4951 1351 4986 ms
1369 4952 1416 4985 om.
1430 4935 1462 4984 M
1478 4937 1597 4987 nuntium
1616 4933 1657 5000 M,
1687 4939 1801 4989 noscitur
1820 4937 1845 4987 Β
1948 4936 2007 5004 ll,2
2024 4941 2072 4990 sed

411 5026 465 5076 diss
482 5023 509 5074 B
612 5021 672 5087 lid)
688 5024 745 5075 eiua
763 5039 795 5074 ex
814 5031 900 5074 uestra
918 5023 943 5072 B
1016 5023 1170 5088 extemplsta
1187 5020 1213 5070 B
1296 5018 1376 5084 ,123
1393 5030 1420 5073 et
1436 5039 1511 5088 asper
1528 5023 1603 5074 ualde
1616 5022 1641 5072 B
1746 5021 1804 5086 13,5
1822 5041 1954 5091 perquam
1967 5022 2002 5075 M

516 5194 542 5260 1)
570 5192 713 5246 Eiaburds'
731 5207 795 5247 ann.
815 5193 866 5246 799
889 5191 985 5246 Ericus
1075 5189 1151 5260 apud
1170 5189 1373 5252 Tharsatieam,
1395 5189 1545 5244 Liburniae
1569 5191 1712 5246 civitatem
1735 5192 1844 5246 insidiis
1866 5193 2071 5263 oppidanorum

411 5295 582 5365 interceptus
606 5299 692 5365 atque
716 5293 880 5350 interiectus
904 5297 958 5356 est;
988 5293 1052 5347 Vita
1069 5293 1173 5348 Korob'
1189 5293 1231 5348 M.
1250 5309 1272 5347 o.
1293 5293 1326 5348 13
1351 5293 1381 5347 in
1405 5294 1540 5348 Liburnia
1561 5295 1641 5350 iuxta
1665 5296 1871 5360 Tharsatioarn,
1898 5297 2070 5351 maritimam

411 5399 562 5454 civitatem.
632 5401 660 5468 2)
682 5399 725 5469 Cf.
745 5399 861 5453 Paulini
879 5399 958 5467 epist.
976 5397 1023 5452 ad.
1041 5397 1131 5451 Corol.
1150 5395 1190 5450 M.
1210 5395 1292 5466 (Opp.
1308 5414 1338 5466 p.
1358 5398 1432 5464 l9¹l2
1464 5397 1560 5453 vineta
1577 5400 1711 5455 mellifluo
1729 5404 1870 5470 gemmato
1889 5417 2021 5470 suspensa
2040 5401 2071 5454 in

411 5502 546 5572 pampino
574 5521 691 5558 svamm
718 5501 839 5557 ubertim
867 5501 964 5569 copiae
983 5500 1206 5554 rubescant.
1293 5501 1320 5569 3)
1350 5501 1393 5569 Cf.
1421 5517 1509 5572 supro
1532 5521 1562 5573 p.
1580 5504 1614 5557 43
1631 5521 1656 5558 o.
1675 5506 1707 5558 ll
1735 5505 1841 5560 Punica
1868 5507 1942 5559 mala
1959 5506 2071 5562 rubent.

410 5607 438 5674 4)
463 5605 621 5676 Vero-Eoi.
646 5607 712 5672 VII,
730 5607 764 5662 53
782 5608 929 5660 castaneae
948 5604 1081 5658 hirsutae.
1152 5605 1180 5672 ὁ)
1199 5603 1344 5660 Einbordi
1360 5621 1424 5658 aaa.
1443 5605 1460 5659 1.
1474 5606 1491 5659 1.
1509 5607 1626 5677 Accepit
1649 5609 1735 5664 etiam
1754 5610 1861 5664 tristem
1880 5609 2011 5664 nuntium
2035 5609 2072 5664 de

411 5708 522 5764 Geroldi
541 5713 570 5764 et
587 5710 659 5764 Erici
679 5709 805 5764 interitu.
