4598 6414
999 369 1179 430 tunultu
1197 369 1336 432 VERSUS
1355 369 1497 432 unnim.

796 549 924 635 Totque
947 551 1050 630 viros,
1074 557 1182 615 tantos
1205 550 1346 615 famulos
1368 565 1428 636 per
1451 551 1560 638 sqeclo
1581 550 1715 626 beatos;

797 653 902 728 Quom
924 655 1065 741 legimus
1089 655 1235 720 tenuisse
1259 662 1357 742 ceput
1378 655 1472 740 regui
1495 656 1600 720 omnis
1623 655 1696 721 Eoi.

839 845 841 848 Ι
865 758 956 823 Tunc
986 779 1059 824 sero
1090 758 1222 824 rediens
1248 759 1394 823 basileus
1416 759 1508 823 Leo¹
1531 759 1664 824 mandat
1687 767 1719 824 et
1742 761 1824 848 ipse,

794 861 840 925 Ut
862 863 995 927 veniant
1017 863 1135 927 fratres
1159 861 1201 926 ad
1225 883 1351 926 summa
1374 862 1496 948 palatia
1521 863 1618 948 regis.

793 965 859 1029 Hic
882 967 1044 1050 loquitur,
1068 966 1121 1030 hic
1145 965 1185 1030 de
1209 965 1325 1030 Karoli
1347 973 1418 1030 orat
1441 965 1507 1030 vita
1528 988 1588 1052 per
1609 987 1716 1037 evum,

796 1069 846 1133 Ac
870 1074 1023 1135 natorum
1047 1069 1129 1149 eius,
1154 1070 1239 1134 sacri
1263 1071 1360 1133 simul
1383 1068 1506 1133 ordinis
1530 1070 1645 1147 omnis,

791 1170 835 1235 Et
858 1173 973 1258 populi
995 1193 1181 1238 memorans
1204 1173 1405 1238 Francorum
1427 1191 1507 1237 voce
1531 1172 1683 1257 benigna

862 1274 893 1337 A
917 1295 980 1359 quo
1004 1274 1104 1338 laxati
1130 1275 1241 1360 pelagi
1263 1273 1425 1361 profunda
1447 1274 1621 1339 trabebant

793 1379 987 1464 Aequoreus
1016 1399 1196 1464 cursusque
1225 1387 1343 1458 ratem,
1374 1400 1448 1442 cum
1476 1380 1558 1444 iems
1585 1380 1656 1444 lere
1681 1381 1781 1446 venit.

795 1482 876 1557 Quis
899 1489 1070 1548 ventorum
1100 1483 1214 1547 avidas
1242 1505 1368 1570 pennas
1396 1489 1444 1549 tot
1467 1484 1577 1549 dicere
1602 1486 1737 1550 suffert?

796 1585 840 1649 Et
862 1607 927 1650 non
952 1588 1090 1652 miretur
1112 1594 1240 1652 tentum
1264 1588 1458 1673 crepitantia
1480 1587 1575 1651 lore?

713 1711 724 1746 c
794 1688 990 1754 Terribilem
1015 1691 1090 1755 hinc
1114 1692 1255 1755 sonitum
1278 1691 1396 1756 fluctus
1419 1690 1625 1776 redduntque
1653 1693 1780 1774 marini,

795 1792 876 1857 Inde
899 1800 1077 1879 trucesque
1101 1800 1203 1859 ratem
1227 1795 1378 1879 quatiunt
1402 1801 1434 1858 et
1457 1795 1586 1860 viscera
1608 1796 1695 1859 vires

794 1895 935 1961 Ventris,
971 1897 1034 1962 His
1057 1899 1224 1982 maiorque
1248 1905 1354 1962 metus
1378 1919 1451 1962 cum
1474 1906 1525 1963 est
1547 1900 1660 1962 mortis
1682 1920 1823 1980 amarae,

793 2000 888 2065 Vatis
912 2023 982 2066 sum
1005 2001 1076 2081 tibi,
1101 2009 1212 2066 sancte
1235 2009 1345 2086 pater:
1370 2000 1453 2064 ‘Non
1477 2001 1616 2086 effugies
1639 2010 1674 2066 tu

793 2105 890 2186 Hinc,
914 2106 977 2170 nisi
1001 2104 1207 2191 perfundaris
1230 2105 1340 2190 aquis,
1363 2103 1483 2168 nimbis
1508 2105 1647 2184 satieris,

797 2208 841 2272 Et
863 2209 971 2293 fugies
991 2208 1139 2288 Mauros,
1163 2213 1291 2271 metuas
1316 2206 1451 2270 Salaros
1475 2207 1673 2291 rigidosque.

794 2311 844 2376 Tu
867 2312 997 2376 cumulo
1019 2312 1095 2390 tela,
1119 2318 1156 2375 ut
1179 2310 1327 2374 Maurum
1352 2311 1481 2395 iugules
1505 2311 1725 2384 metuendum,

796 2415 902 2488 Quem
924 2415 1021 2479 nobis
1045 2421 1206 2478 monstrat
1227 2419 1352 2499 protus,
1376 2434 1470 2497 quem
1493 2414 1624 2477 flamina
1647 2415 1779 2480 tollunt:

794 2516 909 2582 Tende
933 2539 1055 2598 orcum,
1078 2518 1184 2581 donec
1207 2537 1435 2602 percurramus
1458 2537 1547 2581 mere
1571 2537 1678 2582 cursu.

796 2621 855 2686 Sta
876 2624 991 2708 procul
1014 2643 1034 2686 a
1056 2630 1154 2701 terra,
1179 2622 1369 2685 Solavorum
1391 2623 1487 2686 litore
1509 2622 1631 2706 linqnc,

796 2727 972 2790 Pelliculas
996 2724 1132 2789 tendant
1153 2724 1271 2788 fratres
1293 2725 1485 2808 pluviasque
1510 2726 1692 2810 repellant’.

863 2829 943 2893 Post
967 2849 1112 2907 vernum,
1138 2848 1211 2891 sero
1235 2827 1323 2908 licet,
1346 2826 1540 2911 Italiamque
1564 2829 1723 2892 virentem

792 2933 862 2997 Nos
886 2933 1096 3022 pervadimus
1119 2933 1204 2997 hanc
1229 2934 1348 2998 cursim
1372 2932 1550 3020 rapidoque
1574 2936 1693 3014 volatu,

794 3035 945 3101 Silvestri
968 3037 1008 3101 ed
1032 3037 1165 3122 dignam
1187 3037 1386 3103 aeclesiam²
1409 3039 1513 3102 sancti
1535 3047 1760 3124 properantes

793 3139 900 3205 Obvia
923 3142 987 3206 iarn
1011 3149 1076 3205 stat
1099 3149 1212 3206 sancta
1235 3142 1352 3207 cohors
1376 3141 1511 3205 fratrum
1535 3142 1631 3206 simul
1654 3144 1759 3207 omnis

793 3244 951 3318 Flebilis;
976 3246 1129 3330 egregius
1152 3251 1265 3331 pastor
1286 3244 1461 3309 lacrimans
1484 3244 1693 3308 lacrimantes

795 3347 954 3434 Suscipit;
979 3348 1086 3414 orbati
1109 3349 1254 3434 gaudent
1276 3348 1317 3413 dc
1341 3348 1464 3433 sospite
1488 3351 1590 3432 patre.

793 3451 922 3516 Gaudia
943 3450 1143 3539 perfundunt
1165 3453 1328 3530 lacrimas,
1352 3451 1427 3535 quio
1449 3451 1517 3514 leta
1538 3456 1669 3514 caterva

793 3554 969 3620 Germanis
992 3555 1172 3635 monachis,
1195 3554 1343 3640 patribus
1366 3553 1445 3617 dant
1466 3553 1577 3617 hassia
1599 3553 1726 3618 blando.

861 3659 960 3724 Abba
983 3679 1088 3740 meus,
1112 3660 1198 3724 letus
1222 3679 1356 3722 maneas
1381 3655 1634 3721 cumfratribus
1658 3659 1789 3732 olmis³;

793 3763 884 3829 Inter
907 3785 989 3849 quos
1013 3763 1122 3827 fratris
1146 3783 1330 3826 memorare
1353 3761 1465 3846 tuique
1488 3760 1606 3823 murini

791 3868 842 3932 Tu
865 3868 1011 3954 dignere,
1034 3873 1141 3954 pater,
1164 3888 1250 3930 nuno
1275 3865 1425 3942 exiliens,
1449 3863 1545 3928 modo
1568 3866 1681 3944 tristis,

792 3971 907 4036 Frater
930 3992 1057 4056 egoque
1081 3978 1169 4048 tuus,
1193 3970 1346 4054 quoniam
1370 3989 1455 4032 nuno
1479 3969 1586 4032 tristia
1609 3991 1716 4056 carpo,

792 4073 900 4138 Triste
924 4074 1036 4159 polum
1061 4073 1163 4153 fratri,
1186 4071 1302 4135 Karoli
1325 4071 1401 4155 quia
1423 4077 1527 4135 morte
1551 4072 1679 4157 fatigor.

791 4176 860 4241 Nos
884 4182 1043 4259 utrosque
1067 4175 1148 4239 deus
1172 4175 1286 4258 iungat
1308 4174 1431 4259 pariter
1455 4173 1525 4238 sine
1548 4174 1611 4239 line

710 4300 735 4338 oo
796 4280 878 4343 Cum
901 4279 1026 4344 Kerolo
1050 4277 1212 4362 quondam
1237 4298 1314 4361 rege
1339 4283 1372 4339 et
1396 4297 1469 4338 oum
1492 4277 1647 4342 fratribus
1669 4279 1774 4342 almis.

1048 4456 1064 4460 —
1073 4454 1471 4461 -——-——-—-—-·-—·————--—-——
1477 4454 1647 4462 --——.-

533 4575 567 4627 47
585 4579 638 4628 fras
655 4577 681 4626 T
728 4575 826 4626 balacia
850 4574 875 4624 T
939 4571 973 4624 48
992 4575 1027 4624 Hi
1039 4574 1167 4638 aloquitur·
1184 4571 1208 4621 T
1255 4571 1329 4623 ch
1341 4571 1368 4636 T,
1386 4574 1419 4624 sit
1436 4572 1500 4622 coni.
1513 4572 1605 4638 Haupt
1682 4569 1845 4625 tunctorum
1860 4575 1885 4624 T
1948 4573 1983 4626 50
2000 4578 2045 4627 Est
2060 4577 2085 4626 Τ

425 4658 457 4711 51
478 4660 641 4726 laxatislaff.
694 4660 855 4713 trabebatM
870 4660 898 4722 Τ,
915 4660 1049 4711 trabebant
1061 4658 1153 4724 Haupt
1220 4656 1254 4707 52
1267 4659 1358 4725 ignem
1376 4659 1404 4722 T,
1421 4660 1476 4710 iens
1489 4659 1526 4722 M,
1544 4677 1579 4709 an
1592 4658 1724 4723 (lilicms'l
1748 4660 1813 4710 dieo.
1883 4659 1918 4712 55
1934 4663 2038 4712 nominis
2059 4662 2084 4710 Τ

425 4745 460 4797 ot
476 4763 616 4812 crucesque
635 4746 663 4809 T,
679 4747 849 4812 lucesqucdl
897 4748 996 4798 uincere
1013 4746 1038 4795 Τ
1133 4743 1166 4796 57
1184 4747 1264 4796 maior
1281 4747 1325 4811 qui
1343 4745 1367 4794 Τ
1415 4747 1543 4797 anrureM
1554 4746 1579 4795 Τ
1660 4745 1695 4797 58
1712 4765 1758 4798 nos
1776 4748 1800 4797 T
1892 4747 1926 4799 59
1944 4751 2042 4800 sacierit
2059 4749 2084 4797 Τ

343 4840 345 4844 “
425 4830 460 4882 60
482 4835 598 4899 Effugia
621 4833 645 4882 T
692 4833 891 4900 regidosqueT
990 4830 1231 4883 demonstrem
1278 4840 1367 4898 protus
1377 4832 1408 4881 M
1421 4832 1449 4894 Τ,
1466 4841 1555 4899 portus
1570 4834 1644 4896 eoa,
1662 4835 1778 4899 protinus
1803 4834 1861 4902 Iq-ff'.
1916 4837 2045 4886 flammina
2060 4835 2084 4884 T

426 4917 459 4970 64
477 4928 532 4970 atra
549 4919 573 4968 Τ
625 4919 715 4984 linque
727 4919 761 4969 Μ
852 4917 885 4970 65
904 4919 1231 4985 Pelliculas-pluuiaeque
1248 4935 1296 4968 om.
1315 4919 1339 4966 Τ
1386 4920 1510 4985 repellunt
1527 4919 1551 4968 T
1625 4917 1801 4970 lillecclcsianr
1820 4921 1845 4970 T
1917 4919 2080 4972 bononiam

425 5013 475 5057 slat
486 5005 520 5054 M
532 5005 561 5069 T,
573 5007 655 5057 Obvia
667 5006 717 5056 iarn
732 5005 822 5072 Haupt
879 5008 953 5058 chors
969 5006 1115 5067 T‚colroors
1126 5005 1158 5054 M
1238 5001 1271 5055 70
1283 5007 1417 5071 aegregius
1436 5005 1459 5054 T
1536 5003 1566 5054 'll
1581 5007 1625 5056 des
1637 5008 1732 5072 sospite
1747 5005 1772 5054 Τ
1849 5003 1882 5056 72
1894 5007 2004 5057 lacrimis
2018 5006 2076 5073 [aff.

426 5088 459 5141 73
482 5091 596 5142 busiaT
719 5089 753 5141 74
775 5093 900 5143 Obtamus
920 5093 988 5144 let-ua
1007 5093 1030 5141 T
1147 5088 1180 5141 75
1203 5091 1339 5141 memorale
1357 5091 1382 5139 Τ
1503 5088 1536 5141 76
1559 5109 1609 5142 uon
1633 5093 1741 5143 exiliens
1759 5093 1783 5141 Τ
1899 5091 1931 5142 l'r'
1958 5093 2077 5158 quonium

424 5179 531 5229 tristicia
542 5178 581 5242 M,
598 5178 719 5245 quonium
737 5195 789 5228 nou
806 5180 899 5230 tritinia
918 5179 942 5228 Τ
1043 5176 1076 5229 78
1093 5179 1178 5229 Drirte
1196 5177 1220 5225 T
1285 5178 1371 5243 polum
1382 5176 1454 5239 MT,
1472 5177 1533 5242 polii
1546 5177 1605 5242 Ioff.
1711 5175 1746 5228 80
1763 5179 1870 5229 condem
1888 5179 1912 5227 T

529 5349 557 5416 1)
575 5347 632 5401 Leo
645 5349 676 5404 V.
694 5348 853 5418 imperator,
871 5347 922 5400 813
940 5348 995 5401 Iul.
1015 5345 1142 5400 11-820.
1213 5347 1241 5410 2)
1261 5307 1399 5399 ecclesiam
1413 5346 1503 5398 sancti
1521 5346 1647 5402 Silvestrc'
1664 5347 1896 5402 ll'ormntuloncm.
1967 5347 1994 5414 3)
2014 5348 2077 5402 Kal.

425 5452 546 5521 Aequati
563 5469 589 5505 a.
608 5453 659 5505 814
678 5452 865 5506 Hludowicuc
883 5449 967 5503 Petro
989 5451 1084 5504 alrbota'
1105 5450 1337 5504 cornurutata'onem
1360 5465 1419 5503 cum
1437 5450 1603 5504 ammonae
1622 5453 1769 5506 Brinienoi
1785 5453 1890 5520 factoro
1907 5453 2078 5520 confirmavit

425 5558 529 5624 (Siclcl
546 5558 617 5610 Aeto
638 5555 780 5610 Ludowici
798 5556 850 5616 12).

1055 5711 1365 5758 ...m-..W
1404 5727 1432 5732 .-
1459 5724 1508 5738 ..,,..
