4612 6420
1021 395 1243 453 ANGILBERTI
1262 396 1437 454 CARMINA.

778 571 848 636 Vos
870 571 951 635 mihi
972 594 1059 636 nunc
1081 574 1202 639 misero
1224 575 1322 640 mites
1346 581 1452 639 estote
1476 575 1615 660 patroni,

864 674 1062 741 Criminibus
1086 679 1216 742 veniam
1238 679 1376 764 poscite,
1400 701 1532 764 quaeso,
1555 680 1648 744 meis.

693 799 718 838 ss
776 779 905 862 Magna,
929 800 1014 859 reor,
1036 779 1130 844 robis
1153 787 1255 845 restet
1277 782 1359 863 leus,
1382 783 1497 866 gloria,
1519 803 1666 847 meroes:

861 881 1018 970 Serrulus
1041 889 1076 947 ut
1098 890 1210 948 vester
1232 885 1265 948 in
1288 905 1369 950 nece
1392 905 1457 949 non
1480 891 1604 971 pereat.

753 983 899 1070 Quisque
922 986 1013 1070 legat
1035 985 1175 1066 titulum,
1190 986 1294 1064 *dieat
1316 1009 1450 1073 precor:
1474 987 1671 1072 ‘Angilherti

857 1088 1017 1173 Pauperis
1041 1110 1079 1154 ae
1102 1090 1224 1171 miseri,
1250 1089 1389 1172 Christe,
1413 1097 1576 1155 memento
1599 1091 1667 1154 tui'.

775 1190 824 1255 Sit
844 1190 1019 1257 benedicta
1042 1191 1156 1257 domus
1180 1193 1262 1258 haee
1285 1199 1410 1279 perte,
1435 1193 1574 1271 Christe,
1598 1215 1778 1279 precamur,

689 1312 716 1352 ao
858 1293 905 1358 Ut
926 1295 1060 1360 veniant
1083 1295 1187 1360 servis
1209 1295 1264 1360 hic
1286 1303 1343 1360 tua
1365 1296 1451 1360 dona
1473 1297 1549 1360 tuis.

1032 1501 1442 1510 ...ψ-*Μ

1202 1689 1262 1756 IV.

776 1822 895 1888 Omnia
917 1845 1000 1909 quae
1024 1827 1131 1891 cernis
1156 1848 1281 1891 summo
1304 1831 1462 1914 renovata
1484 1825 1614 1906 decore,

859 1926 1003 1992 Interius
1027 1930 1185 2014 templum
1208 1929 1396 1994 exteriusve
1420 1950 1558 2002 sacrum,

771 2028 986 2116 Angilbertus
1010 2053 1110 2096 ovans
1132 2033 1199 2097 iam
1221 2033 1300 2098 iecit
1323 2054 1433 2098 amore
1456 2039 1594 2118 paterno

858 2132 1061 2216 Samiorum,
1084 2135 1207 2220 pariter
1230 2137 1446 2222 perpetuique
1470 2135 1534 2214 dei,

703 2256 715 2295 ι
771 2235 846 2300 Νοιι
869 2257 1006 2322 parcens
1030 2238 1147 2323 opibus
1173 2239 1322 2324 propriis.
1367 2237 1453 2302 Nam
1476 2237 1631 2323 quidquid
1656 2238 1802 2304 habebat

856 2339 1028 2405 Ecclesiae
1052 2342 1145 2427 larga
1166 2343 1232 2406 iam
1253 2343 1378 2428 pietate
1403 2340 1502 2407 dedit.

771 2444 884 2527 Etru,
909 2466 1002 2510 serve
1026 2445 1090 2526 dei,
1115 2447 1250 2512 veniens
1273 2446 1405 2511 aliunde
1428 2447 1544 2528 vietor,

858 2547 952 2613 Haec
975 2549 1047 2612 loca
1069 2570 1222 2635 percurre
1246 2550 1382 2636 pulchra
1403 2549 1606 2630 monasterii,

771 2649 1005 2735 Ecclesiasque
1029 2650 1084 2716 dei
1107 2650 1225 2717 devoto
1249 2659 1383 2737 pectore
1408 2652 1531 2717 Christi

690 2773 715 2812 ιο
785 2743 786 2746 '
857 2752 975 2833 Cerne,
998 2753 1098 2819 decus
1121 2755 1246 2818 varium
1269 2776 1329 2841 per
1350 2755 1483 2841 pietatis
1507 2776 1600 2841 opus.

773 2855 911 2943 Semper
934 2857 968 2921 in
992 2879 1047 2922 ore
1071 2864 1127 2922 tuo
1152 2857 1281 2923 Christo
1305 2851 1357 2922 dio
1381 2859 1522 2923 maxime
1545 2858 1671 2940 laudes,

858 2959 952 3024 Talia
975 2960 1031 3044 qui
1053 2962 1158 3025 voluit
1179 2983 1278 3047 posse
1303 2983 1397 3027 suum
1419 2961 1587 3027 famulum.

771 3063 913 3149 Dicque:
939 3063 1021 3129 ‘Tuo
1046 3085 1141 3129 servo
1165 3066 1311 3149 requiem
1334 3065 1391 3146 da,
1423 3065 1568 3146 Christe,
1593 3085 1778 3152 supernam,

856 3167 997 3233 Nomine
1022 3169 1076 3253 qui
1099 3168 1178 3232 fecit
1200 3168 1283 3233 haec
1306 3169 1457 3255 speciosa
1479 3169 1556 3233 tu0.'

693 3294 716 3333 ιι
772 3271 907 3356 Vosque
931 3270 985 3336 dei
1007 3271 1120 3336 famuli
1142 3292 1201 3357 pro
1224 3272 1281 3336 illo
1304 3270 1498 3338 intercedite
1523 3270 1664 3359 semper,

857 3373 903 3438 Ut
925 3374 1083 3438 famulum
1106 3374 1258 3440 Christus
1282 3381 1392 3441 servet
1414 3375 1535 3460 ubique
1559 3397 1662 3440 suum.

770 3476 838 3543 Det
860 3477 991 3542 veniam
1014 3478 1187 3559 scelerum,
1211 3486 1378 3545 aeternam
1402 3480 1590 3564 tribuatque
1614 3480 1773 3546 salutem¹

460 3901 466 3912 ι
506 3841 541 3894 27
558 3844 709 3911 Angilberto
730 3842 752 3905 Q
855 3841 889 3895 28
907 3846 1030 3912 Pauperis
1047 3829 1104 3910 ὀρ,
1121 3862 1152 3896 ac
1169 3845 1247 3896 Frob.

473 3927 531 3997 [IV]
566 3929 646 3982 edidit
666 3930 839 3993 Qreercetooua
850 3947 879 3995 p.
899 3929 1035 3983 1697-98
1051 3949 1077 3983 rr.
1097 3933 1180 3983 CXVI
1272 3931 1285 3983 l
1305 3932 1522 3985 renumerata
1540 3930 1696 3993 renouataQ
1791 3929 1883 3984 Tinde
1905 3933 1934 3999 Q,
1952 3935 2055 3988 aliunde

403 4033 469 4068 corr.
488 4015 599 4068 Froben.
618 4013 661 4081 (II,
679 4013 740 4082 552)
862 4015 896 4069 10
913 4021 1001 4071 uarius
1016 4018 1045 4080 Q,
1063 4020 1164 4071 varium
1182 4019 1260 4070 Frob.
1385 4017 1418 4070 15
1436 4020 1476 4071 dei
1495 4059 1520 4071 ..
1540 4037 1593 4086 pro,
1612 4019 1680 4070 deest
1697 4019 1786 4070 famuli
1803 4021 1843 4070 cel
1860 4021 1923 4086 qaid
1939 4023 2056 4087 simileQ

510 4186 536 4253 1)
553 4184 635 4240 Addo
652 4185 697 4240 tic
714 4200 821 4255 uersas,
840 4185 895 4255 qai,
914 4185 1052 4256 Hortalfo
1069 4191 1144 4256 teste,
1162 4189 1192 4242 ia
1209 4204 1296 4257 capso
1313 4205 1408 4252 careo,
1425 4187 1456 4242 ia
1474 4205 1529 4257 qao
1540 4187 1670 4241 Richarit
1687 4203 1749 4242 ossa
1769 4188 1863 4242 Caroli
1878 4188 1958 4245 iussa
1975 4193 2055 4247 eollo-

400 4289 464 4341 eoto
480 4293 567 4354 aaut,
585 4289 679 4344 nareis
696 4289 785 4344 literis
805 4289 906 4358 scalpti
924 4296 1001 4344 eram
1020 4290 1158 4359 (Chresto.
1174 4289 1277 4345 Centul.
1296 4293 1333 4343 ΙΙ
1347 4306 1368 4344 c.
1381 4290 1406 4355 6,
1425 4291 1555 4360 Dachery
1567 4289 1660 4358 Spicil.
1676 4291 1717 4345 ed.
1729 4292 1826 4356 altll,
1841 4293 1900 4356 307,
1919 4295 2055 4354 Mobilloa

401 4392 474 4446 Aeta
490 4391 542 4447 SS.
559 4407 629 4447 soce.
649 4395 694 4458 ΙΙ,
714 4394 737 4458 1,
755 4393 814 4458 199,
832 4391 886 4462 IV,
906 4393 929 4458 1,
948 4394 1019 4462 118):

944 4515 1171 4570 EPl'l'APHIUM
1190 4516 1322 4571 SANCTI
1340 4514 1513 4570 RICHARII.

637 4634 674 4688 In
695 4635 808 4689 from
831 4635 989 4705 ,epulori¹
1228 4620 1328 4673 Plenus
1347 4617 1507 4689 apostolicis
1525 4616 1677 4670 virtutibus
1695 4619 1780 4684 atque
1797 4617 1924 4685 loquelis,

402 4719 494 4773 Aurea
511 4720 659 4774 caelestem
675 4721 837 4775 thesaurum
855 4723 981 4793 contegit
999 4740 1069 4776 uma
1298 4707 1436 4760 Caelestes
1454 4704 1546 4758 tenuit
1564 4720 1672 4772 semper
1688 4703 1718 4756 in
1736 4720 1783 4757 ore
1802 4703 1894 4774 dapes.

469 4805 609 4860 Cultorem
628 4805 1063 4873 domini,nomineRicha1ium,
1463 4808 1500 4861 In
1524 4807 1638 4860 latere
1662 4806 1816 4861 sinistro.

404 4890 554 4945 Stemmate
573 4893 725 4961 praecelso,
744 4910 827 4962 quem
845 4894 964 4949 Centulu
981 4894 1100 4964 protulit
1117 4894 1180 4964 ista,
1228 4893 1300 4947 Huic
1318 4893 1439 4947 Karolus
1457 4893 1586 4963 princeps
1605 4892 1774 4964 condignum
1792 4895 1885 4947 mente
1903 4894 2027 4966 benigna

471 4977 580 5046 Quique
598 4978 652 5034 loci
670 4981 765 5049 pastor
782 4979 877 5034 floruit
895 4981 1032 5050 egregius.
1296 4979 1446 5034 Perticiens
1464 4979 1613 5048 templum,
1632 4978 1758 5034 condidit
1776 4981 1804 5033 et
1822 4981 1971 5047 tumulum,

644 5082 681 5136 Ῑ,1
706 5082 816 5136 lawe
839 5083 968 5138 demo,
1224 5066 1293 5119 Post
1311 5082 1462 5136 sexagenos
1481 5068 1510 5119 et
1528 5067 1639 5119 centum
1658 5065 1768 5120 circiter
1785 5083 1880 5131 annos,

400 5166 565 5221 posthabsto
583 5168 694 5234 mundi,
713 5187 768 5239 quo
786 5168 886 5239 grandi
905 5171 995 5234 supp,
1014 5170 1117 5225 honore
1294 5155 1362 5208 Cum
1381 5151 1486 5207 domini
1504 5151 1624 5204 famulus
1642 5151 1753 5222 integer
1770 5154 1861 5206 exstat
1879 5152 1978 5209 adhuc.

469 5253 585 5322 Amplas
603 5253 718 5309 divitias
736 5255 843 5325 sprevit
859 5272 952 5310 amore
970 5255 1023 5310 dei.
1471 5255 1510 5308 In
1533 5256 1648 5308 fronte
1671 5256 1801 5324 pedum.

400 5338 453 5392 Hic
471 5357 570 5408 corpus
588 5340 730 5410 proprium
749 5341 881 5411 frangens
899 5342 1050 5397 certamine
1068 5343 1135 5408 diro,
1228 5341 1317 5412 Ipsius
1335 5344 1368 5395 ut
1386 5340 1492 5395 meritis
1511 5341 1604 5410 capiat
1623 5341 1754 5395 caelestia
1771 5349 1866 5411 regna,

470 5425 520 5478 Vir
536 5425 599 5495 pius
617 5428 646 5480 et
663 5443 782 5497 magnus
800 5444 908 5498 semper
925 5428 955 5482 in
973 5429 1039 5483 orbe
1057 5428 1134 5483 cluit.
1296 5429 1449 5498 Regnaque
1468 5427 1634 5481 lhaucorum
1653 5444 1721 5496 pace
1734 5428 1845 5496 quietus
1859 5431 1934 5498 agat.
1953 5430 2050 5484 Amen.

560 5528 597 5582 In
618 5528 765 5584 culmine
788 5547 885 5585 arcae
907 5531 1057 5601 desuper.
1583 5528 1689 5583 Alibi.

398 5614 451 5670 Hic
467 5613 556 5670 vitam
573 5615 688 5679 fimetis,
707 5616 848 5686 reparavit
865 5616 973 5670 lumina
991 5616 1087 5686 caecis,
1221 5615 1346 5684 Semper,
1365 5618 1474 5678 sancte,
1493 5616 1569 5680 tuos,
1588 5615 1714 5680 Richari,
1732 5619 1847 5686 protege
1865 5634 1965 5684 servos,

467 5701 648 5772 Leprosisque
667 5701 740 5756 salus
758 5703 810 5758 hoc
827 5703 969 5758 refovente
987 5702 1068 5758 redit.
1223 5701 1385 5755 Abstractos
1403 5704 1477 5756 terra
1495 5701 1590 5770 capiat
1607 5701 1734 5756 caelestis
1753 5706 1785 5756 ut
1803 5703 1874 5758 aula.
