4694 6428
617 411 667 465 ΑΙ)
684 411 888 468 EPISCOPUM
908 413 1094 479 QUENDAM,
1113 412 1162 468 AD
1180 413 1453 470 Aualnnunuun.

573 585 710 649 Rustica
732 585 827 649 turba
850 593 906 650 tuo
930 585 1056 652 habitet
1079 588 1306 674 subtegmine
1329 611 1509 676 nunquam:

490 711 515 746 ιι
660 687 710 751 Sit
732 689 870 774 procul¹
895 711 913 752 e
936 696 1025 753 tecta
1049 691 1172 754 rustica
1195 692 1292 756 turba
1315 700 1381 757 tua.

571 790 730 874 Protegat
754 799 852 876 atque
876 798 969 876 regat
993 791 1115 856 Christi
1138 799 1171 857 te
1195 796 1302 878 gratia
1324 817 1464 882 semper.

655 893 738 957 Cum
762 894 860 957 sociis
883 894 1007 980 pariter
1028 901 1181 980 protegat
1203 903 1301 981 atque
1328 905 1432 983 regat.

961 1288 1102 1353 XXXV.

572 1408 708 1472 Praesul
732 1414 849 1482 amate,
872 1427 998 1492 precor,
1021 1417 1136 1494 pergat
1159 1410 1241 1474 baec
1264 1411 1390 1475 cartula
1412 1417 1531 1492 tecam,

656 1511 708 1574 Sis
731 1531 855 1575 memor
876 1517 913 1574 ut
933 1513 1045 1597 patris,
1069 1514 1202 1598 praesul
1225 1520 1344 1593 amate,
1367 1535 1490 1600 precor.

571 1613 623 1678 Tu
644 1613 724 1678 mihi
747 1613 852 1678 dulcis
875 1634 976 1686 arnor.
999 1614 1056 1692 fili,
1079 1636 1139 1701 per
1162 1616 1295 1680 saecula
1317 1617 1417 1694 salve,

655 1716 806 1780 Christus
830 1717 863 1780 in
886 1723 1054 1782 aeternum
1080 1719 1122 1782 sit
1145 1718 1206 1782 tibi
1229 1716 1333 1782 dulcis
1357 1739 1458 1782 amor.

502 1844 514 1878 a
573 1821 710 1907 Semper
733 1821 766 1884 in
789 1842 844 1885 are
869 1828 925 1884 tna
949 1829 1105 1887 resonent
1128 1825 1182 1908 pia
1205 1823 1306 1887 verba
1328 1824 1452 1903 salutis,

656 1923 744 1987 Laus
769 1923 899 1987 Christo
924 1932 1056 1989 resonet
1079 1946 1210 2010 semper
1232 1925 1266 1988 in
1289 1946 1344 1990 are
1368 1931 1435 1989 tua.

572 2027 722 2104 Pectore,
745 2034 866 2107 mente,
890 2049 988 2092 manu
1010 2028 1139 2092 miseris
1164 2029 1281 2092 salatia
1302 2036 1444 2113 praesta,

655 2129 793 2215 Semper
816 2151 890 2193 ama
912 2130 1078 2195 Christum
1101 2138 1245 2216 pectore,
1269 2139 1391 2208 mente,
1414 2153 1522 2195 manu.

571 2232 731 2296 Omnibus
753 2239 823 2296 esta
846 2241 952 2317 pater,
975 2241 1096 2320 pastor,
1119 2235 1314 2320 patriarcha,
1338 2235 1501 2314 sacerdos,

490 2359 514 2396 ro
656 2336 872 2420 Pauperibus,
896 2338 1026 2402 miseris
1049 2339 1200 2403 amnibus
1224 2345 1294 2403 esta
1317 2346 1420 2424 pater.
1444 2341 1448 2350 '

571 2439 622 2504 Si·
646 2440 748 2503 decus
772 2440 942 2520 ccclesiae,
966 2427 1091 2506 cunctis
1116 2447 1150 2505 et
1172 2441 1276 2505 farma
1299 2442 1425 2522 salutis.

656 2541 700 2605 ut
723 2549 820 2627 caput
843 2549 876 2606 et
899 2550 1019 2622 austae,
1044 2545 1089 2606 sis
1114 2544 1214 2608 decus
1238 2545 1409 2610 ecclesiae.

569 2644 684 2708 Gratia
707 2665 834 2708 summa
856 2644 910 2709 dei
932 2651 1041 2710 tecum
1065 2647 1239 2711 comitetur
1261 2647 1393 2733 ubique,

651 2746 783 2832 Augeat
806 2754 838 2812 et
860 2749 985 2812 meritis
1007 2751 1113 2834 gratia
1136 2771 1261 2814 summa
1283 2750 1348 2815 dei.

487 2874 511 2911 a
568 2851 641 2931 Dio,
666 2872 756 2935 rogo,
779 2857 975 2937 perpetuum
997 2853 1119 2939 pueris,
1142 2874 1225 2939 puer
1246 2854 1370 2934 inclite,
1395 2854 1495 2925 salve.

648 2955 837 3040 Albinaque
860 2958 933 3020 vale
956 2955 1020 3036 dio,
1045 2978 1134 3042 rogo,
1157 2964 1362 3044 perpetuum.

566 3058 670 3122 Laeta
692 3057 763 3123 dies
786 3059 896 3122 veniat
918 3059 1014 3124 nabis
1038 3060 1099 3124 sub
1122 3060 1252 3126 nomine
1275 3069 1397 3128 nostra.

649 3160 796 3225 Aeterna
820 3168 853 3225 et
876 3162 968 3226 vobis
992 3163 1080 3227 laeta
1103 3163 1172 3227 dies
1195 3165 1315 3228 veniat.

567 3265 617 3328 Sit
639 3264 699 3328 tibi
722 3286 799 3328 cura
821 3265 896 3342 mei,
921 3273 1013 3330 curet
1036 3272 1069 3330 te
1094 3266 1243 3331 Christus
1268 3267 1404 3352 ubique:

485 3391 510 3427 ro
652 3366 714 3431 nst
735 3367 816 3432 mihi
838 3389 917 3432 cura
939 3370 997 3446 tui,
1021 3371 1065 3434 sit
1087 3370 1148 3434 tibi
1172 3392 1250 3435 cura
1272 3371 1347 3437 mei.

948 3778 1106 3844 XXXVI.

565 3896 657 3969 Quae
680 3898 783 3984 cupis,
806 3905 843 3962 ut
865 3900 985 3981 veniat,
1009 3901 1122 3966 venias
1145 3922 1206 3966 nec
1230 3907 1320 3965 carta
1343 3907 1468 3968 cavete.

647 4000 698 4065 Ne
721 4001 833 4066 Musas
856 4009 984 4088 mergat
1007 4004 1132 4090 sospito
1155 4004 1227 4068 dira
1248 4009 1332 4067 tuas.

563 4104 650 4169 Dum
674 4104 785 4168 Moses
807 4106 944 4191 pelagus
966 4107 1080 4193 virgae
1103 4107 1216 4171 divisit
1239 4108 1272 4171 in
1295 4109 1372 4184 ictu,

646 4206 709 4271 Dic
732 4208 836 4272 semel
859 4216 915 4272 aut
937 4208 989 4273 bis
1013 4210 1040 4274 si
1063 4210 1206 4296 percutit
1228 4209 1299 4295 ipsc
1323 4209 1439 4273 sinam.

821 4427 1073 4434 .-——-.--—-..-.
1083 4429 1089 4433 .
1101 4429 1111 4433 -
1132 4429 1223 4434 --.--.

934 4605 1112 4672 XXXVII.

560 4725 676 4790 Dulcis
699 4725 869 4790 Homere²
891 4726 975 4805 vale,
998 4726 1107 4789 valeat
1129 4731 1186 4788 tua
1208 4727 1274 4790 rita
1297 4747 1357 4811 per
1378 4747 1506 4804 aevum,

649 4829 787 4915 Semper
809 4829 843 4891 in
866 4835 1045 4908 aeternum,
1068 4828 1173 4892 duleis
1196 4827 1341 4893 Homere
1364 4829 1448 4893 vale.

559 4929 753 4995 Pectoribus
777 4936 909 4995 maneat
931 4929 1036 4995 dulcis
1060 4929 1193 4996 dilectio
1216 4930 1350 5010 nostris,

643 5033 684 5098 In
705 5035 827 5100 nostris
852 5033 1005 5098 Christus
1028 5035 1219 5121 pectoribus
1242 5039 1383 5098 maneat.

265 5288 382 5355 [XXXV]
418 5293 457 5342 ed.
473 5293 495 5355 Q
508 5312 536 5359 p.
556 5291 624 5346 1740
641 5314 666 5344 ιι.
685 5297 814 5346 CCLXIII
904 5293 1056 5346 ichartula
1077 5298 1100 5357 Q
1204 5292 1237 5345 lti
1256 5293 1351 5343 Albine
1369 5309 1471 5358 quoque
1493 5293 1522 5356 Q,
1541 5291 1687 5357 Albinaque
1706 5290 1734 5340 F
1743 5309 1771 5357 p.
1791 5289 1843 5341 233

266 5375 396 5443 [XXXVI]
423 5380 490 5430 adid.
506 5381 528 5442 Q
542 5398 569 5445 p.
582 5379 648 5432 1741
661 5399 687 5431 ιι.
699 5383 821 5446 (nuxV,
831 5383 874 5432 ubi
886 5382 961 5432 atiud
974 5399 1078 5432 carnaco
1092 5381 1176 5446 (injio
1188 5397 1213 5430 ιι.
1227 5376 1376 5440 XXXVIII)
1389 5395 1445 5428 αιιιι
1458 5378 1505 5428 boc
1517 5377 1590 5427 haud
1600 5387 1666 5428 recte.
1679 5377 1847 5442 conianyiurr.

265 5461 409 5528 [XXXVII]
451 5467 506 5516 aine
523 5466 595 5516 ιίιιιίο
620 5465 774 5532 Ιιζῄιιὶειιιὺι
801 5468 880 5518 coclea
907 5466 970 5532 Iiep.
990 5463 1013 5532 I,
1032 5465 1076 5530 74)
1097 5468 1123 5532 s.
1142 5464 1227 5530 6220
1248 5481 1278 5528 p.
1297 5460 1365 5513 1743
1386 5481 1412 5512 ιι.
1434 5464 1548 5513 I'CLXX
1655 5463 1667 5514 l
1688 5465 1798 5513 Homero
1819 5463 1848 5526 Q,

195 5551 275 5600 amice
294 5549 317 5599 11
454 5548 471 5600 2
489 5551 599 5601 Homero
620 5552 653 5616 Q,
671 5554 751 5604 amice
771 5552 795 5602 J.
932 5551 957 5617 3,
975 5550 993 5604 4
1010 5552 1094 5602 valeat
1114 5551 1144 5612 Q,
1161 5557 1261 5601 maneat
1276 5547 1297 5597 L

299 5705 324 5770 1)
344 5704 391 5756 Or.
410 5705 469 5758 Art.
489 5704 548 5756 Αιιι.
567 5701 611 5770 ΙΙ,
631 5703 680 5756 107
699 5702 742 5756 Sit
760 5703 856 5772 procul
875 5719 956 5756 omne
974 5703 1059 5757 nefas.
1162 5703 1189 5770 2)
1208 5703 1227 5756 i.
1246 5717 1267 5752 r.
1285 5699 1450 5766 Anpr'lbertr.

1588 5793 1640 5848 32I
