4666 6406
1061 397 1268 453 THEODULFI
1286 399 1464 456 CARMINA.

799 567 953 636 Pluribus
976 571 1010 635 in
1033 572 1132 638 rebus
1154 571 1256 640 babet
1278 575 1340 640 hoc
1362 574 1602 662 pulcherrimus
1624 577 1714 659 ordo,

882 673 957 740 Hoc
980 675 1079 740 etiam
1102 676 1224 763 eloquii
1247 678 1350 764 pollet
1372 679 1405 743 in
1428 681 1613 764 artasatis,

730 796 755 833 s*
800 775 921 863 Ampla
942 779 1061 864 quibus
1084 800 1198 846 sacrae
1222 781 1401 868 scripturae
1425 789 1519 869 prata
1540 782 1733 866 redundent,

877 881 922 946 Et
943 903 1060 948 nemus
1084 884 1256 951 ambroseo
1279 885 1383 972 spirat
1405 885 1505 951 odore
1527 887 1628 972 pium.

798 983 893 1051 Haec
916 1008 979 1072 ego
1003 987 1079 1054 dum
1101 989 1217 1071 lustro,
1240 988 1317 1054 dum
1339 1010 1400 1076 per
1422 990 1559 1055 violaria
1582 1011 1686 1072 curro,

880 1087 971 1162 Quas
993 1091 1093 1157 vebat
1115 1091 1168 1158 bic
1192 1093 1340 1158 calathus
1362 1113 1472 1178 ungue
1495 1092 1605 1158 recido
1628 1114 1720 1158 rosas
1732 1094 1754 1159 ¹.

797 1189 894 1257 Hanc
917 1199 1031 1258 sancto
1055 1197 1195 1281 sumpsit
1218 1196 1324 1261 sancti
1347 1195 1389 1262 de
1410 1195 1563 1282 dogmate
1586 1195 1692 1280 Pauli,

717 1314 742 1352 ro
883 1294 978 1361 Illius
1000 1298 1090 1362 misit
1112 1298 1198 1384 quod
1221 1299 1315 1364 stilus
1337 1298 1528 1364 Arcadicus.

798 1397 1022 1486 Compositam
1044 1408 1256 1489 sanctamque
1280 1409 1375 1468 ornat
1397 1423 1549 1468 sermone
1572 1403 1746 1489 loquelam,

876 1504 1056 1591 Postquam
1077 1507 1216 1573 virtutes
1239 1507 1444 1573 enumeravit
1465 1508 1522 1573 ito.

798 1606 870 1681 Quo
893 1607 989 1674 dictis
1012 1611 1114 1676 variis
1136 1617 1291 1697 aptantur
1313 1610 1402 1676 dicta
1423 1609 1590 1692 decenter,

883 1711 1008 1778 Sensus
1031 1721 1065 1780 et
1088 1715 1241 1801 egregiae
1264 1713 1418 1802 panditur
1439 1713 1519 1780 ordo
1541 1715 1626 1782 viae.

716 1835 740 1873 1⁵
800 1813 902 1897 ‘Vos’,
924 1815 1001 1898 ait²,
1024 1818 1203 1884 ‘hortamur
1224 1840 1266 1884 ne
1288 1839 1309 1883 a
1329 1817 1434 1898 vobis,
1456 1817 1552 1905 plebs
1574 1819 1630 1905 pia
1651 1818 1797 1902 fratrum,

878 1917 985 2006 Capta
1006 1921 1050 1986 sit
1072 1921 1106 1986 in
1128 1943 1268 1988 vacuum
1290 1922 1396 2008 gratia
1418 1928 1532 1987 sancta
1554 1922 1618 1988 dei.

795 2020 945 2110 Nempe’‚
969 2025 1025 2106 ait,
1049 2024 1180 2107 ‘audivi
1203 2031 1307 2107 vates,
1329 2031 1363 2090 te
1386 2032 1535 2111 tempore
1557 2033 1661 2111 grato,

877 2126 1031 2214 Hincque
1052 2127 1106 2194 die
1130 2128 1238 2194 studui
1260 2128 1347 2194 forre
1369 2129 1485 2193 salutis
1509 2149 1615 2215 opem.

794 2227 890 2294 Nunc
911 2251 998 2296 nunc
1020 2252 1098 2298 ecce
1120 2238 1222 2319 patet,
1244 2237 1337 2318 patet
1358 2231 1561 2317 acceptabile
1584 2239 1725 2319 tempus,

714 2353 740 2391 20
883 2333 1128 2420 Gratificaeque
1151 2333 1223 2400 diss
1246 2353 1325 2399 ecce
1348 2333 1463 2398 salutis
1485 2333 1590 2400 adest.

794 2435 924 2504 Nullius
948 2444 982 2504 et
1002 2439 1084 2504 nulli
1105 2439 1272 2504 maculans
1295 2437 1434 2503 offensio
1457 2436 1563 2519 detur,

879 2539 931 2607 Ne
954 2541 1071 2607 merito
1093 2547 1240 2606 nostrum
1262 2540 1328 2605 vile
1352 2540 1395 2604 sit
1416 2539 1569 2606 officium.

795 2644 957 2732 Aptemus
980 2645 1040 2712 sed
1061 2666 1122 2712 nos
1145 2644 1193 2711 sic
1216 2645 1315 2711 rebus
1337 2644 1372 2708 in
1394 2644 1555 2726 omnibus,
1579 2647 1685 2710 omnis

876 2749 999 2815 Nostra
1022 2750 1065 2815 sit
1086 2755 1123 2815 ut
1145 2749 1264 2815 summi
1286 2748 1384 2814 turba
1405 2749 1554 2814 ministra
1574 2748 1638 2816 dci.

711 2874 737 2912 rs
794 2853 939 2918 Plurima
960 2860 998 2918 ut
1020 2855 1054 2919 in
1076 2853 1172 2919 nobis
1195 2854 1307 2939 vigeat
1328 2852 1498 2939 patientia,
1522 2873 1586 2938 quo
1610 2874 1670 2919 nos

877 2957 988 3023 Turbo
1010 2958 1156 3044 procella
1177 2957 1255 3022 mali
1277 2979 1343 3022 non
1365 2977 1521 3042 superare
1544 2963 1653 3041 queat.

794 3059 947 3127 Oonditio
968 3081 1030 3127 nos
1052 3062 1133 3127 dura
1154 3080 1318 3148 premens,
1340 3060 1493 3146 augustia
1515 3059 1661 3141 laedens,

877 3163 1058 3231 Pravorum
1080 3165 1231 3252 impietas
1254 3165 1325 3229 iure
1348 3162 1516 3251 probando
1540 3163 1650 3230 beent.

793 3266 969 3334 Carcasum
991 3268 1024 3334 iu
1047 3268 1180 3350 inluvie,
1204 3289 1264 3334 seu
1287 3266 1502 3332 seditionibus
1525 3268 1615 3350 atris,

711 3391 736 3428 ³⁰
879 3370 1044 3438 Scandere
1066 3379 1225 3459 purgatos
1248 3373 1373 3438 caelica
1395 3393 1498 3457 regna
1519 3370 1626 3438 docet.

792 3473 914 3541 Nostra
935 3477 1116 3542 laborifluis
1139 3477 1182 3541 sit
1203 3497 1297 3542 mens
1321 3476 1468 3542 exercita
1492 3475 1613 3557 curis⁸,

877 3579 987 3646 Simus
1011 3588 1045 3646 et
1066 3581 1244 3660 insomnes,
1268 3601 1324 3644 oon
1347 3579 1390 3644 sit
1412 3586 1446 3644 et
1469 3600 1565 3644 omne
1588 3578 1679 3665 vigil.

791 3681 970 3750 Munditias
994 3685 1037 3750 sit
1060 3685 1154 3750 nobis
1178 3690 1279 3760 caste,
1304 3683 1442 3748 scientie
1464 3683 1592 3766 sollers,

872 3787 1095 3873 Longanimes
1118 3788 1231 3870 simus,
1254 3787 1382 3868 etsinc
1405 3786 1501 3852 sorde
1523 3787 1598 3851 luis.

710 3910 735 3950 ss
792 3890 954 3977 Mensque
976 3892 1089 3978 iugum
1112 3891 1236 3958 domini
1259 3890 1379 3956 referat
1400 3889 1578 3975 tranquilla
1599 3911 1699 3956 suave
1707 3891 1730 3972 ⁴,

874 3994 1033 4060 Flaminis
1055 4000 1092 4060 ut
1115 3995 1218 4061 sancti
1242 4015 1373 4061 sumere
1395 3993 1481 4059 dona
1504 4001 1612 4080 queat.

791 4095 864 4172 Quo
885 4119 951 4164 non
974 4099 1070 4165 fictus
1093 4121 1185 4166 amor
1207 4098 1260 4180 sit,
1285 4097 1344 4164 sed
1366 4096 1500 4164 dilectio
1523 4119 1612 4181 vera,

872 4200 920 4266 Ut
940 4201 1046 4289 possit
1067 4224 1165 4269 verus
1189 4223 1268 4268 mox
1290 4201 1367 4267 dare
1390 4222 1470 4267 vera
1491 4222 1601 4266 sonus.

788 4303 828 4370 In
850 4305 973 4372 virtute
996 4305 1060 4387 dei,
1084 4327 1148 4391 qua
1171 4313 1289 4372 cuncta
1312 4311 1424 4371 creata
1445 4311 1613 4391 reguntur,

706 4429 733 4469 so
878 4409 970 4484 Quae
989 4430 1138 4476 convexa
1160 4411 1238 4497 poli,
1262 4431 1347 4492 rura,
1370 4409 1567 4494 Thetimque
1591 4409 1702 4474 tenet’.

787 4511 909 4600 Incipit
931 4513 1091 4600 oppositis
1114 4515 1180 4578 iam
1202 4535 1289 4580 nunc
1312 4533 1479 4600 opponere
1502 4511 1672 4598 quaedam,

870 4614 1009 4682 Comere
1032 4623 1067 4682 ct
1089 4617 1256 4702 eloquium
1279 4617 1326 4682 sic
1346 4616 1493 4682 variante
1518 4615 1603 4680 stilo.

526 4977 553 5046 1)
574 4975 639 5034 Vco.
658 4978 776 5035 Fortun.
797 4977 863 5033 Vita
879 4975 908 5033 S.
927 4977 1014 5033 Mart.
1035 4978 1111 5045 117,ss
1131 4978 1232 5048 Ungue
1249 4976 1342 5032 recido
1360 4995 1435 5033 rosas
1453 4982 1483 5033 et
1500 4993 1550 5048 per
1567 4976 1686 5033 violaria
1703 4995 1790 5034 curro.
1861 4980 1889 5048 2)
1906 4979 1924 5033 ἓ
1944 4979 2003 5035 Cor.
2023 4979 2074 5044 o‚1

424 5077 596 5136 Adiuvsntes
620 5084 715 5137 autem
734 5083 924 5147 exhortamur,
946 5099 982 5137 ne
1004 5081 1035 5136 in
1059 5099 1178 5137 vacuum
1200 5071 1322 5152 grisiam
1344 5081 1389 5135 dei
1407 5081 1557 5151 recipiatis.
1596 5081 1681 5136 alit
1697 5081 1784 5137 enim:
1805 5082 1941 5152 Tempore
1958 5085 2075 5154 accepto

423 5181 553 5236 exaudivi
579 5187 621 5249 te,
655 5188 684 5240 et
710 5185 740 5240 in
764 5184 810 5240 die
833 5185 932 5240 solutis
955 5184 1051 5239 adiuvi
1076 5187 1113 5239 te.
1166 5183 1236 5239 Ecce
1259 5202 1334 5262 nunc
1356 5187 1467 5255 tempus
1488 5184 1674 5256 acceptabile,
1702 5202 1765 5241 ecce
1786 5204 1861 5242 nunc
1885 5186 1944 5240 dies
1966 5185 2074 5241 salutis.

421 5285 439 5338 3
456 5286 569 5341 Nemini
591 5287 690 5344 dantes
708 5289 794 5344 ullam
813 5289 1004 5355 offensionem,
1029 5292 1062 5345 ut
1079 5307 1136 5345 non
1153 5290 1329 5361 vituperetur
1345 5289 1530 5345 ministerium
1547 5293 1685 5355 nostrum
1702 5291 1720 5346 4
1738 5288 1786 5345 sed
1803 5290 1833 5345 in
1852 5289 1979 5345 omnibus
1997 5289 2075 5343 exhi·

421 5387 535 5446 beamus
556 5395 665 5448 nosmet
687 5393 762 5464 ipsos
786 5393 859 5449 siout
881 5393 924 5448 dei
945 5393 1087 5449 ministros
1105 5394 1136 5448 in
1153 5395 1243 5449 multa
1261 5395 1414 5464 patientia,
1433 5395 1463 5449 in
1481 5395 1722 5464 tribulationibus,
1746 5394 1776 5449 in
1794 5395 2021 5466 necessitatibus,
2043 5397 2074 5450 in

420 5493 571 5585 angustiis,
588 5497 606 5550 5
624 5495 654 5550 in
672 5496 772 5568 plagis,
789 5496 820 5551 in
838 5496 1002 5562 carceribus,
1020 5496 1050 5550 in
1062 5497 1256 5564 seditionibus,
1273 5497 1304 5552 in
1322 5497 1472 5564 laboribus,
1490 5499 1520 5553 in
1539 5498 1653 5569 vigiliis,
1670 5500 1701 5554 in
1719 5498 1839 5564 ieiuniis,
1857 5499 1875 5554 6
1892 5499 1921 5553 in
1934 5499 2074 5564 castitate,

420 5595 449 5650 in
468 5596 594 5664 scientio,
612 5599 642 5652 in
660 5598 884 5669 longanimitate,
903 5599 933 5654 in
951 5599 1099 5664 suavitate,
1117 5599 1148 5653 in
1166 5601 1267 5670 spiritu
1285 5604 1390 5668 sancto,
1408 5601 1439 5655 in
1458 5602 1575 5656 caritate
1593 5619 1649 5656 non
1667 5601 1740 5668 licta,
1759 5603 1775 5656 ‘l
1793 5602 1823 5655 in
1842 5595 1925 5656 verbo
1938 5602 2074 5667 veritatis,

419 5699 449 5753 in
467 5700 573 5754 uirtute
591 5701 645 5758 dei.
714 5703 741 5769 3)
767 5703 843 5775 Vcrp.
862 5705 928 5759 Aeo.
942 5703 1035 5772 Vnus
1053 5704 1175 5758 exercito
1192 5705 1273 5760 curis.
1327 5705 1356 5773 4)
1374 5705 1477 5761 Marto.
1496 5706 1698 5775 11,301ugum
1717 5705 1791 5760 enim
1810 5723 1902 5760 rusum
1921 5723 2004 5760 suave
2023 5708 2072 5762 cst.
