4694 6428
1093 408 1243 463 ALCUINI
1260 407 1436 463 CARMINA.

1119 767 1124 776 ·
1223 754 1302 819 VH.

854 895 995 979 Magna¹
1019 893 1149 978 quidem
1172 892 1291 978 pavido
1314 892 1451 978 praebet
1472 891 1590 956 fiducia
1612 891 1688 965 vati,

855 995 1005 1061 Condere
1029 995 1205 1060 subdulces
1229 997 1328 1060 mrali
1351 995 1493 1060 carmine
1516 993 1642 1074 laudes,

854 1099 968 1164 Iudice
992 1119 1053 1164 nec
1077 1097 1176 1164 etiam
1199 1097 1343 1184 trepidat
1366 1102 1398 1162 te
1422 1096 1531 1162 dicere
1555 1097 1679 1177 Musas,
1747 1083 1763 1090 ’

854 1202 943 1266 Dum
965 1207 1052 1266 tacet
1074 1201 1131 1265 illa
1153 1201 1274 1287 magis:
1298 1200 1400 1266 laedit
1422 1223 1498 1265 nam
1520 1200 1602 1264 tibia
1623 1199 1754 1279 mundo,

858 1306 951 1380 Quae
974 1304 1049 1368 miri
1071 1305 1179 1369 timuit
1201 1304 1289 1390 regis
1312 1305 1446 1370 laudare
1470 1302 1662 1390 triumphos,

855 1406 1015 1473 Ludendo
1038 1407 1170 1494 penitus
1193 1413 1296 1472 totum
1320 1429 1379 1472 seu
1401 1407 1490 1472 serre
1513 1428 1572 1494 per
1594 1406 1715 1472 orbem.

856 1512 885 1576 Ο
908 1513 966 1576 lux
989 1510 1207 1592 Ausonidum,
1230 1511 1320 1576 mitis
1342 1516 1436 1598 pater
1458 1511 1569 1575 inclite
1593 1508 1716 1590 mundi,

856 1615 929 1680 Hos
952 1616 1027 1700 lege
1050 1614 1220 1680 Musarum
1243 1615 1397 1694 calamos,
1421 1635 1512 1699 rogo,
1535 1635 1616 1700 pace
1641 1634 1771 1678 serena:

855 1718 990 1783 Flavius
1013 1718 1151 1783 Anicius
1175 1717 1316 1783 Carlns²
1338 1719 1462 1782 laetare
1485 1717 1644 1804 tropaeis!

860 1821 955 1886 Tibia
976 1842 1063 1886 nunc
1086 1821 1184 1885 variis
1209 1822 1312 1888 libeat
1334 1823 1450 1886 vittata
1473 1822 1601 1886 coronis

855 1923 950 1989 Haec
974 1923 1045 2004 tibi,
1069 1945 1128 1989 rex
1152 1923 1243 2004 felix,
1266 1924 1354 2010 picto
1377 1931 1534 1989 renovata
1556 1925 1674 2002 colore,

857 2027 949 2101 Quae
973 2034 1006 2092 te
1029 2027 1149 2092 Pieriis
1172 2025 1327 2092 decantat
1349 2027 1500 2092 versibus
1523 2033 1645 2092 auctor.

855 2129 997 2194 Nomina
1021 2129 1123 2215 digna
1147 2136 1277 2216 patrum
1299 2136 1455 2196 venerato
1478 2151 1601 2217 ponere
1623 2130 1694 2215 regi

856 2232 930 2298 Hac
953 2232 1035 2298 libct
1058 2233 1092 2296 in
1115 2232 1222 2314 Musa,
1246 2253 1328 2318 quos
1351 2233 1463 2314 nobis,
1486 2254 1620 2318 magne,
1644 2233 1784 2312 reducis,

858 2335 908 2400 Tu
931 2341 1026 2421 pater
1048 2356 1067 2399 o
1088 2336 1225 2422 patriae,
1249 2335 1351 2402 docus
1374 2343 1408 2402 et
1431 2336 1568 2400 victoria
1591 2343 1708 2401 tecum.

860 2437 944 2523 Spes
967 2438 1097 2503 miseris
1122 2446 1155 2504 et
1179 2445 1270 2504 certa
1292 2440 1391 2520 salus,
1415 2460 1434 2503 o
1458 2461 1587 2525 semper
1609 2446 1715 2504 arcto.

856 2541 932 2606 Rex
955 2541 1039 2626 pius,
1062 2542 1123 2606 hos
1147 2542 1247 2608 etiam
1270 2564 1385 2608 versus
1409 2549 1515 2608 tutare
1539 2544 1700 2608 canentis:

857 2644 992 2709 Flavius
1014 2644 1153 2709 Anicius
1177 2645 1304 2724 Carlus,
1327 2667 1387 2732 per
1410 2647 1543 2710 saecula
1565 2646 1671 2711 salve!

859 2747 936 2812 Iure
960 2754 1034 2811 tuas
1057 2746 1177 2812 iterum
1200 2755 1353 2838 resonato
1377 2749 1487 2814 fistula
1509 2748 1634 2826 laudes,

860 2850 951 2935 Lege
975 2855 1009 2915 et
1032 2848 1188 2930 Castalia,
1211 2850 1330 2915 Pithco
1354 2871 1414 2916 seu
1439 2850 1606 2915 carmine³
1628 2848 1720 2914 ludit.

860 2953 888 3019 Ο
912 2953 1013 3019 docus
1037 2973 1133 3018 omne
1157 2954 1223 3019 tuis
1234 2955 1259 3036 ⁴,
1282 2955 1370 3019 ritae
1398 2955 1456 3019 lux
1478 2953 1622 3018 maxima
1643 2959 1785 3029 nostrae,

861 3057 995 3144 Subque
1018 3063 1076 3122 tuo
1099 3058 1240 3123 mundus
1262 3058 1413 3124 flectatur
1434 3078 1555 3144 pronus
1579 3078 1701 3139 amore,

859 3161 1106 3248 Magnanimum
1130 3183 1243 3247 regem
1266 3169 1299 3226 te
1323 3162 1421 3226 claris
1443 3160 1555 3226 laudet
1576 3161 1609 3226 in
1632 3161 1714 3228 odis.

857 3263 919 3345 En,
942 3272 978 3329 tu
1000 3263 1173 3329 laudantes
1196 3265 1310 3340 vincis,
1334 3263 1392 3329 sed
1415 3285 1474 3328 rex
1496 3264 1592 3345 bone,
1615 3285 1730 3330 versus

863 3367 1032 3433 Virtutum
1055 3367 1181 3432 meritis
1204 3366 1325 3431 mundo
1348 3373 1384 3430 tu
1407 3366 1561 3453 praecipe
1585 3368 1684 3433 solus.

859 3471 983 3557 Magna
1005 3471 1093 3536 salus
1116 3457 1294 3552 hominuin,
1319 3471 1409 3536 celsa
1430 3470 1554 3557 pietate
1577 3470 1703 3550 beatus,

860 3575 995 3639 Flavius
1017 3574 1156 3638 Anicius
1180 3574 1306 3652 Carlns,
1329 3574 1390 3638 tibi
1413 3573 1557 3638 carmina
1579 3572 1658 3637 dixi.

860 3677 1010 3764 Suscipe,
1035 3699 1095 3742 rex
1110 3699 1239 3764 magne,
1260 3676 1430 3762 Dryadum
1453 3675 1494 3741 dc
1516 3676 1647 3741 nomine
1663 3676 1785 3756 Musas,

865 3783 956 3858 Quas
980 3783 1041 3847 tibi
1063 3783 1205 3847 ruricola
1228 3781 1350 3862 statuit,
1374 3801 1426 3862 en,
1449 3779 1531 3844 tibia
1552 3800 1661 3845 versu.

783 3907 810 3944 so
868 3884 944 3966 Sed,
968 3906 1059 3970 rogo,
1081 3890 1249 3971 pastorum
1272 3885 1403 3970 placeat
1426 3882 1590 3948 Saxonica
1613 3904 1721 3969 penna

863 3988 928 4054 Pro
952 3994 1018 4070 tua,
1042 4009 1167 4053 summe
1190 3993 1295 4074 pater,
1320 4007 1339 4050 o
1362 3987 1434 4050 laus
1456 3986 1605 4051 bonitate
1629 4008 1756 4067 screno,

864 4090 936 4154 Iam
958 4111 1046 4155 nunc
1069 4111 1168 4154 ausus
1193 4111 1282 4155 eram
1305 4089 1427 4154 ruralia
1450 4109 1582 4154 currere
1604 4095 1707 4175 prata,

861 4193 908 4257 Ut
930 4193 1065 4257 calamis
1088 4193 1186 4258 flores
1208 4198 1377 4278 pastomm
1399 4212 1490 4256 more
1514 4190 1670 4256 rubentes

864 4295 1055 4382 Colligerim
1080 4295 1179 4380 capiti
1202 4294 1278 4360 diuo
1302 4294 1501 4381 conpingcrc
1525 4299 1623 4358 serta.

776 4421 802 4459 ss
859 4398 967 4464 Sanus
990 4398 1105 4464 adesto
1128 4403 1256 4484 potens,
1280 4405 1349 4464 toto
1374 4398 1445 4463 sine
1467 4398 1531 4463 fine
1554 4398 1674 4463 valeto.

512 4692 579 4760 [vll]
616 4697 679 4747 Item
698 4695 789 4762 loseph
808 4693 834 4744 B
848 4695 871 4759 f.
893 4691 951 4744 125³
1055 4689 1090 4744 35
1107 4709 1225 4743 omsaam
1243 4693 1444 4744 acrostichontm
1461 4693 1524 4744 baec
1540 4701 1576 4745 est
1593 4693 1755 4758 explanatio:

927 4779 1020 4830 Ducite
1038 4795 1109 4829 nunc
1126 4779 1181 4846 regi
1198 4780 1285 4846 pronis
1303 4795 1371 4829 nova
1389 4795 1496 4830 munera
1514 4779 1604 4830 Musis.

925 4865 1035 4932 Pupliua
1052 4865 1183 4916 Albinual
1200 4866 1275 4916 Carlo
1292 4865 1356 4916 haec
1373 4865 1470 4931 inclyta
1488 4866 1556 4916 lusit

924 4951 1008 5001 Dicite
1025 4951 1092 5002 laeta
1109 4953 1176 5003 bono
1194 4968 1294 5002 mecum
1312 4951 1387 5002 modo
1404 4952 1517 5002 carmina
1533 4951 1595 5018 regi.

437 5043 575 5100 praetcrea
592 5052 679 5088 aaran
698 5031 722 5100 9,
743 5031 784 5101 18,
803 5031 837 5086 27
855 5034 942 5086 eodem
960 5035 1037 5087 modo
1055 5037 1140 5088 colore
1157 5037 1237 5088 rubro
1255 5036 1454 5102 distinpuaatar.

552 5203 579 5270 1)
600 5203 770 5273 Quamquam
787 5203 837 5257 hoc
855 5219 964 5259 carmen
982 5206 1012 5259 in
1029 5205 1123 5259 codice
1134 5204 1255 5274 Iossplta
1267 5203 1455 5274 adscribatur,
1474 5221 1492 5258 a
1504 5218 1559 5272 quo
1571 5207 1702 5272 quattuor
1714 5201 1784 5270 q‘ucc
1791 5197 1964 5270 ffloeccduat
1976 5205 2118 5258 carmina

441 5305 592 5375 composita
600 5311 666 5360 suat
676 5307 775 5375 (supro
780 5322 809 5375 p.
821 5306 977 5376 tot-159),
989 5308 1108 5362 Alcaico
1113 5308 1210 5377 potius
1220 5307 1420 5376 desiccandam
1429 5323 1488 5362 csse
1497 5323 1531 5360 ea
1543 5306 1669 5361 versibus
1682 5305 1846 5360 acrostichis
1859 5301 2002 5358 evidenter
2011 5305 2118 5363 elucet.

441 5409 468 5476 2)
497 5409 574 5462 Haec
597 5408 761 5479 coyaomiac
783 5408 839 5462 iam
865 5415 944 5463 secto
965 5411 1073 5465 saeculo
1096 5412 1274 5480 imperotores
1298 5425 1436 5465 assumere
1463 5410 1538 5464 soliti
1556 5414 1643 5462 aaut.
1662 5407 1782 5462 WATT.
1890 5406 1918 5470 3)
1949 5407 1995 5474 Os.
2014 5425 2117 5478 supra

441 5528 469 5580 p.
487 5512 538 5565 221
557 5527 582 5564 o.
599 5510 641 5565 at.
753 5510 782 5579 t)
810 5510 889 5581 Very.
907 5511 970 5566 Ecl.
994 5513 1023 5576 V,
1046 5513 1081 5567 34
1104 5515 1136 5568 tu
1154 5513 1237 5568 decus
1255 5529 1337 5568 omne
1354 5511 1418 5568 tuis.
1524 5511 1551 5578 5)
1578 5508 1963 5584 0s.p.221v.28Puplins
1983 5511 2118 5576 Albinus

443 5612 620 5668 meminit..
