<?xml version="1.0" encoding="UTF-8"?>
<!DOCTYPE html PUBLIC "-//W3C//DTD XHTML 1.0 Transitional//EN"
    "http://www.w3.org/TR/xhtml1/DTD/xhtml1-transitional.dtd">
<html xmlns="http://www.w3.org/1999/xhtml" xml:lang="en" lang="en">
 <head>
  <title>
</title>
<meta http-equiv="Content-Type" content="text/html;charset=utf-8" />
  <meta name='ocr-system' content='tesseract 3.04.00' />
  <meta name='ocr-capabilities' content='ocr_page ocr_carea ocr_par ocr_line ocrx_word'/>
</head>
<body>
  <div class='ocr_page' id='page_1' title='image "./monumentagerman01unkngoog/monumentagerman01unkngoog_0626.png"; bbox 0 0 4612 6414; ppageno 0'>
   <div class='ocr_carea' id='block_1_1' title="bbox 789 373 1320 466">
    <p class='ocr_par' dir='ltr' id='par_1_1' title="bbox 789 373 1320 466">
     <span class='ocr_line' id='line_1_1' title="bbox 789 373 1320 466; baseline 0.006 -3"><span class='ocrx_word' id='word_1_1' title='bbox 789 373 897 464; x_wconf 79' lang='lat' dir='ltr'><strong>Lissn</strong></span> <span class='ocrx_word' id='word_1_2' title='bbox 915 410 955 464; x_wconf 72' lang='lat' dir='ltr'><strong>nr</strong></span> <span class='ocrx_word' id='word_1_3' title='bbox 974 407 1153 464; x_wconf 69' lang='lat' dir='ltr'><strong>connisus</strong></span> <span class='ocrx_word' id='word_1_4' title='bbox 1172 408 1320 466; x_wconf 73' lang='lat' dir='ltr'><strong>nonnul.</strong></span> 
     </span>
    </p>
   </div>
   <div class='ocr_carea' id='block_1_2' title="bbox 657 646 1458 716">
    <p class='ocr_par' dir='ltr' id='par_1_2' title="bbox 657 646 1458 716">
     <span class='ocr_line' id='line_1_2' title="bbox 657 646 1458 716; baseline 0.004 -3"><span class='ocrx_word' id='word_1_5' title='bbox 657 669 688 714; x_wconf 83' lang='lat' dir='ltr'><strong>vr</strong></span> <span class='ocrx_word' id='word_1_6' title='bbox 732 646 901 712; x_wconf 75' lang='lat' dir='ltr'>INCIPIT</span> <span class='ocrx_word' id='word_1_7' title='bbox 923 646 1181 713; x_wconf 77' lang='lat' dir='ltr'><strong>PRAEFATIO</strong></span> <span class='ocrx_word' id='word_1_8' title='bbox 1205 648 1255 713; x_wconf 88' lang='lat' dir='ltr'><strong>IN</strong></span> <span class='ocrx_word' id='word_1_9' title='bbox 1277 647 1458 716; x_wconf 80' lang='lat' dir='ltr'>FIGURA.</span> 
     </span>
    </p>
   </div>
   <div class='ocr_carea' id='block_1_3' title="bbox 512 766 1536 2198">
    <p class='ocr_par' dir='ltr' id='par_1_3' title="bbox 512 766 1536 2198">
     <span class='ocr_line' id='line_1_3' title="bbox 595 766 1249 855; baseline 0.003 -23"><span class='ocrx_word' id='word_1_10' title='bbox 595 766 718 832; x_wconf 84' lang='lat' dir='ltr'><strong>Ordine</strong></span> <span class='ocrx_word' id='word_1_11' title='bbox 742 767 859 832; x_wconf 86' lang='lat' dir='ltr'><strong>bifario</strong></span> <span class='ocrx_word' id='word_1_12' title='bbox 883 767 1121 855; x_wconf 89' lang='lat' dir='ltr'><strong>quadripertita</strong></span> <span class='ocrx_word' id='word_1_13' title='bbox 1143 770 1249 853; x_wconf 82' lang='lat' dir='ltr'><strong>figura</strong></span> 
     </span>
     <span class='ocr_line' id='line_1_4' title="bbox 592 870 1433 960; baseline 0.004 -26"><span class='ocrx_word' id='word_1_14' title='bbox 592 955 595 960; x_wconf 66' lang='lat'><em>,</em></span> <span class='ocrx_word' id='word_1_15' title='bbox 677 870 717 934; x_wconf 90' lang='lat' dir='ltr'><strong>In</strong></span> <span class='ocrx_word' id='word_1_16' title='bbox 741 877 867 958; x_wconf 79' lang='lat' dir='ltr'>septem</span> <span class='ocrx_word' id='word_1_17' title='bbox 891 875 1017 936; x_wconf 87' lang='lat' dir='ltr'><strong>tontum</strong></span> <span class='ocrx_word' id='word_1_18' title='bbox 1039 872 1189 958; x_wconf 89' lang='lat' dir='ltr'><strong>partibus</strong></span> <span class='ocrx_word' id='word_1_19' title='bbox 1212 879 1290 959; x_wconf 91' lang='lat' dir='ltr'><strong>apta</strong></span> <span class='ocrx_word' id='word_1_20' title='bbox 1313 880 1433 939; x_wconf 88' lang='lat' dir='ltr'><strong>manet.</strong></span> 
     </span>
     <span class='ocr_line' id='line_1_5' title="bbox 595 971 1397 1060; baseline 0.002 -23"><span class='ocrx_word' id='word_1_21' title='bbox 595 971 735 1060; x_wconf 75' lang='lat' dir='ltr'>Saepius</span> <span class='ocrx_word' id='word_1_22' title='bbox 758 973 791 1036; x_wconf 91' lang='lat' dir='ltr'><strong>in</strong></span> <span class='ocrx_word' id='word_1_23' title='bbox 814 972 915 1038; x_wconf 81' lang='lat' dir='ltr'><strong>verbo</strong></span> <span class='ocrx_word' id='word_1_24' title='bbox 939 974 1092 1042; x_wconf 72' lang='lat' dir='ltr'><strong>discurrit</strong></span> <span class='ocrx_word' id='word_1_25' title='bbox 1113 976 1245 1041; x_wconf 89' lang='lat' dir='ltr'><strong>nomine</strong></span> <span class='ocrx_word' id='word_1_26' title='bbox 1270 975 1397 1059; x_wconf 88' lang='lat' dir='ltr'><strong>crebro,</strong></span> 
     </span>
     <span class='ocr_line' id='line_1_6' title="bbox 677 1075 1351 1164; baseline 0.01 -24"><span class='ocrx_word' id='word_1_27' title='bbox 677 1075 795 1141; x_wconf 81' lang='lat' dir='ltr'><strong>Rarior</strong></span> <span class='ocrx_word' id='word_1_28' title='bbox 816 1077 850 1141; x_wconf 91' lang='lat' dir='ltr'><strong>in</strong></span> <span class='ocrx_word' id='word_1_29' title='bbox 873 1077 1008 1162; x_wconf 86' lang='lat' dir='ltr'><strong>reliquis</strong></span> <span class='ocrx_word' id='word_1_30' title='bbox 1031 1078 1179 1164; x_wconf 88' lang='lat' dir='ltr'><strong>partibus</strong></span> <span class='ocrx_word' id='word_1_31' title='bbox 1203 1079 1351 1147; x_wconf 86' lang='lat' dir='ltr'><strong>efficitur.</strong></span> 
     </span>
     <span class='ocr_line' id='line_1_7' title="bbox 524 1178 1470 1270; baseline 0.008 -30"><span class='ocrx_word' id='word_1_32' title='bbox 524 1202 536 1240; x_wconf 78' lang='lat' dir='ltr'><strong>a</strong></span> <span class='ocrx_word' id='word_1_33' title='bbox 595 1178 640 1243; x_wconf 84' lang='lat' dir='ltr'><strong>Et</strong></span> <span class='ocrx_word' id='word_1_34' title='bbox 662 1179 803 1266; x_wconf 90' lang='lat' dir='ltr'><strong>primum</strong></span> <span class='ocrx_word' id='word_1_35' title='bbox 826 1181 945 1266; x_wconf 89' lang='lat' dir='ltr'><strong>simplo</strong></span> <span class='ocrx_word' id='word_1_36' title='bbox 968 1181 1085 1267; x_wconf 81' lang='lat' dir='ltr'><strong>iungit,</strong></span> <span class='ocrx_word' id='word_1_37' title='bbox 1108 1189 1184 1268; x_wconf 88' lang='lat' dir='ltr'><strong>post</strong></span> <span class='ocrx_word' id='word_1_38' title='bbox 1205 1185 1336 1248; x_wconf 89' lang='lat' dir='ltr'><strong>nomine</strong></span> <span class='ocrx_word' id='word_1_39' title='bbox 1360 1182 1470 1270; x_wconf 89' lang='lat' dir='ltr'><strong>duplo,</strong></span> 
     </span>
     <span class='ocr_line' id='line_1_8' title="bbox 676 1281 1429 1370; baseline 0.008 -24"><span class='ocrx_word' id='word_1_40' title='bbox 676 1281 723 1346; x_wconf 91' lang='lat' dir='ltr'><strong>Ut</strong></span> <span class='ocrx_word' id='word_1_41' title='bbox 745 1283 832 1349; x_wconf 89' lang='lat' dir='ltr'><strong>bene</strong></span> <span class='ocrx_word' id='word_1_42' title='bbox 856 1285 1046 1370; x_wconf 88' lang='lat' dir='ltr'><strong>conpositus</strong></span> <span class='ocrx_word' id='word_1_43' title='bbox 1069 1286 1215 1370; x_wconf 88' lang='lat' dir='ltr'><strong>postulat</strong></span> <span class='ocrx_word' id='word_1_44' title='bbox 1237 1285 1316 1352; x_wconf 88' lang='lat' dir='ltr'><strong>ordo</strong></span> <span class='ocrx_word' id='word_1_45' title='bbox 1340 1307 1429 1352; x_wconf 88' lang='lat' dir='ltr'><strong>suus.</strong></span> 
     </span>
     <span class='ocr_line' id='line_1_9' title="bbox 594 1386 1487 1477; baseline 0.004 -27"><span class='ocrx_word' id='word_1_46' title='bbox 594 1386 743 1451; x_wconf 80' lang='lat' dir='ltr'><strong>Territus</strong></span> <span class='ocrx_word' id='word_1_47' title='bbox 767 1393 820 1451; x_wconf 89' lang='lat' dir='ltr'><strong>est</strong></span> <span class='ocrx_word' id='word_1_48' title='bbox 842 1387 989 1472; x_wconf 85' lang='lat' dir='ltr'><strong>pavidus,</strong></span> <span class='ocrx_word' id='word_1_49' title='bbox 1012 1388 1152 1474; x_wconf 81' lang='lat' dir='ltr'><strong>pavidus</strong></span> <span class='ocrx_word' id='word_1_50' title='bbox 1174 1391 1367 1477; x_wconf 88' lang='lat' dir='ltr'><strong>perterritus</strong></span> <span class='ocrx_word' id='word_1_51' title='bbox 1389 1390 1487 1470; x_wconf 83' lang='lat' dir='ltr'><strong>idem,</strong></span> 
     </span>
     <span class='ocr_line' id='line_1_10' title="bbox 673 1487 1377 1576; baseline 0.007 -23"><span class='ocrx_word' id='word_1_52' title='bbox 673 1487 851 1576; x_wconf 80' lang='lat' dir='ltr'><strong>Inpavidus</strong></span> <span class='ocrx_word' id='word_1_53' title='bbox 873 1490 1012 1576; x_wconf 85' lang='lat' dir='ltr'><strong>pavidus</strong></span> <span class='ocrx_word' id='word_1_54' title='bbox 1035 1493 1119 1557; x_wconf 86' lang='lat' dir='ltr'><strong>alter</strong></span> <span class='ocrx_word' id='word_1_55' title='bbox 1142 1500 1176 1557; x_wconf 89' lang='lat' dir='ltr'><strong>et</strong></span> <span class='ocrx_word' id='word_1_56' title='bbox 1197 1493 1282 1558; x_wconf 87' lang='lat' dir='ltr'><strong>alter</strong></span> <span class='ocrx_word' id='word_1_57' title='bbox 1304 1493 1377 1558; x_wconf 89' lang='lat' dir='ltr'><strong>erit.</strong></span> 
     </span>
     <span class='ocr_line' id='line_1_11' title="bbox 593 1591 1440 1682; baseline 0.004 -25"><span class='ocrx_word' id='word_1_58' title='bbox 593 1591 772 1659; x_wconf 79' lang='lat' dir='ltr'><strong>Conficitur</strong></span> <span class='ocrx_word' id='word_1_59' title='bbox 794 1593 926 1659; x_wconf 90' lang='lat' dir='ltr'><strong>tandem</strong></span> <span class='ocrx_word' id='word_1_60' title='bbox 950 1615 1070 1660; x_wconf 90' lang='lat' dir='ltr'><strong>nomen</strong></span> <span class='ocrx_word' id='word_1_61' title='bbox 1093 1595 1306 1682; x_wconf 86' lang='lat' dir='ltr'><strong>expluribus</strong></span> <span class='ocrx_word' id='word_1_62' title='bbox 1328 1617 1440 1678; x_wconf 89' lang='lat' dir='ltr'><strong>unum,</strong></span> 
     </span>
     <span class='ocr_line' id='line_1_12' title="bbox 512 1695 1351 1785; baseline 0.002 -25"><span class='ocrx_word' id='word_1_63' title='bbox 512 1719 536 1760; x_wconf 80' lang='lat' dir='ltr'><strong>ro</strong></span> <span class='ocrx_word' id='word_1_64' title='bbox 678 1695 724 1762; x_wconf 92' lang='lat' dir='ltr'><strong>Ut</strong></span> <span class='ocrx_word' id='word_1_65' title='bbox 746 1717 823 1783; x_wconf 88' lang='lat' dir='ltr'><strong>pars</strong></span> <span class='ocrx_word' id='word_1_66' title='bbox 847 1719 865 1762; x_wconf 91' lang='lat' dir='ltr'><strong>c</strong></span> <span class='ocrx_word' id='word_1_67' title='bbox 889 1698 1001 1763; x_wconf 89' lang='lat' dir='ltr'><strong>multis</strong></span> <span class='ocrx_word' id='word_1_68' title='bbox 1024 1698 1174 1785; x_wconf 90' lang='lat' dir='ltr'><strong>partibus</strong></span> <span class='ocrx_word' id='word_1_69' title='bbox 1196 1720 1263 1764; x_wconf 91' lang='lat' dir='ltr'><strong>una</strong></span> <span class='ocrx_word' id='word_1_70' title='bbox 1285 1699 1351 1764; x_wconf 90' lang='lat' dir='ltr'><strong>fiat.</strong></span> 
     </span>
     <span class='ocr_line' id='line_1_13' title="bbox 593 1799 1536 1888; baseline 0.004 -25"><span class='ocrx_word' id='word_1_71' title='bbox 593 1799 711 1864; x_wconf 87' lang='lat' dir='ltr'><strong>Iuncta</strong></span> <span class='ocrx_word' id='word_1_72' title='bbox 733 1801 831 1865; x_wconf 88' lang='lat' dir='ltr'><strong>simul</strong></span> <span class='ocrx_word' id='word_1_73' title='bbox 852 1809 1019 1884; x_wconf 85' lang='lat' dir='ltr'><strong>resonant,</strong></span> <span class='ocrx_word' id='word_1_74' title='bbox 1042 1807 1198 1888; x_wconf 86' lang='lat' dir='ltr'><strong>repetunt</strong></span> <span class='ocrx_word' id='word_1_75' title='bbox 1220 1802 1383 1868; x_wconf 90' lang='lat' dir='ltr'><strong>disiuncta</strong></span> <span class='ocrx_word' id='word_1_76' title='bbox 1404 1825 1536 1867; x_wconf 88' lang='lat' dir='ltr'><strong>suarum</strong></span> 
     </span>
     <span class='ocr_line' id='line_1_14' title="bbox 676 1899 1413 1994; baseline 0.007 -27"><span class='ocrx_word' id='word_1_77' title='bbox 676 1903 778 1990; x_wconf 83' lang='lat' dir='ltr'><strong>Signa</strong></span> <span class='ocrx_word' id='word_1_78' title='bbox 799 1910 1010 1992; x_wconf 86' lang='lat' dir='ltr'><strong>potestatum,</strong></span> <span class='ocrx_word' id='word_1_79' title='bbox 1034 1927 1117 1992; x_wconf 88' lang='lat' dir='ltr'><strong>qnae</strong></span> <span class='ocrx_word' id='word_1_80' title='bbox 1141 1912 1277 1972; x_wconf 88' lang='lat' dir='ltr'><strong>tenuere</strong></span> <span class='ocrx_word' id='word_1_81' title='bbox 1300 1899 1413 1994; x_wconf 86' lang='lat' dir='ltr'><strong>prius.¹</strong></span> 
     </span>
     <span class='ocr_line' id='line_1_15' title="bbox 593 2007 1395 2095; baseline 0.004 -24"><span class='ocrx_word' id='word_1_82' title='bbox 593 2007 647 2072; x_wconf 86' lang='lat' dir='ltr'><strong>Sic</strong></span> <span class='ocrx_word' id='word_1_83' title='bbox 670 2009 795 2095; x_wconf 88' lang='lat' dir='ltr'><strong>poteris</strong></span> <span class='ocrx_word' id='word_1_84' title='bbox 819 2009 930 2094; x_wconf 89' lang='lat' dir='ltr'><strong>plores</strong></span> <span class='ocrx_word' id='word_1_85' title='bbox 953 2009 1040 2074; x_wconf 90' lang='lat' dir='ltr'><strong>iuste</strong></span> <span class='ocrx_word' id='word_1_86' title='bbox 1064 2030 1251 2095; x_wconf 81' lang='lat' dir='ltr'><strong>conponere</strong></span> <span class='ocrx_word' id='word_1_87' title='bbox 1273 2017 1395 2095; x_wconf 87' lang='lat' dir='ltr'><strong>partes,</strong></span> 
     </span>
     <span class='ocr_line' id='line_1_16' title="bbox 676 2110 1366 2198; baseline 0.004 -24"><span class='ocrx_word' id='word_1_88' title='bbox 676 2110 712 2175; x_wconf 83' lang='lat' dir='ltr'><strong>Si</strong></span> <span class='ocrx_word' id='word_1_89' title='bbox 734 2110 969 2196; x_wconf 87' lang='lat' dir='ltr'><strong>dcconpositse</strong></span> <span class='ocrx_word' id='word_1_90' title='bbox 992 2113 1043 2177; x_wconf 89' lang='lat' dir='ltr'><strong>ius</strong></span> <span class='ocrx_word' id='word_1_91' title='bbox 1066 2113 1211 2178; x_wconf 87' lang='lat' dir='ltr'><strong>retinere</strong></span> <span class='ocrx_word' id='word_1_92' title='bbox 1234 2119 1366 2198; x_wconf 84' lang='lat' dir='ltr'><strong>queant.</strong></span> 
     </span>
    </p>
   </div>
   <div class='ocr_carea' id='block_1_4' title="bbox 937 2271 1204 2280">
    <p class='ocr_par' dir='ltr' id='par_1_4' title="bbox 937 2271 1204 2280">
     <span class='ocr_line' id='line_1_17' title="bbox 937 2271 1204 2280; baseline 0.004 -3"><span class='ocrx_word' id='word_1_93' title='bbox 937 2273 942 2277; x_wconf 93' lang='lat'>.</span> <span class='ocrx_word' id='word_1_94' title='bbox 956 2271 1204 2280; x_wconf 60' lang='lat' dir='ltr'><em>..w—...—</em></span> 
     </span>
    </p>
   </div>
   <div class='ocr_carea' id='block_1_5' title="bbox 612 2385 1491 2454">
    <p class='ocr_par' dir='ltr' id='par_1_5' title="bbox 612 2385 1491 2454">
     <span class='ocr_line' id='line_1_18' title="bbox 612 2385 1491 2454; baseline 0 -1"><span class='ocrx_word' id='word_1_95' title='bbox 612 2407 653 2454; x_wconf 86' lang='lat' dir='ltr'><strong>vu</strong></span> <span class='ocrx_word' id='word_1_96' title='bbox 696 2385 758 2452; x_wconf 81' lang='grc' dir='ltr'><strong>ΒΕ</strong></span> <span class='ocrx_word' id='word_1_97' title='bbox 782 2385 982 2452; x_wconf 78' lang='lat' dir='ltr'>CASIBUS.</span> <span class='ocrx_word' id='word_1_98' title='bbox 1027 2385 1199 2452; x_wconf 81' lang='lat' dir='ltr'>INCIPIT</span> <span class='ocrx_word' id='word_1_99' title='bbox 1221 2385 1491 2453; x_wconf 79' lang='lat' dir='ltr'>PRAEFATIO.</span> 
     </span>
    </p>
   </div>
   <div class='ocr_carea' id='block_1_6' title="bbox 505 2509 1495 4138">
    <p class='ocr_par' dir='ltr' id='par_1_6' title="bbox 505 2509 1495 4138">
     <span class='ocr_line' id='line_1_19' title="bbox 591 2509 1387 2595; baseline 0.001 -20"><span class='ocrx_word' id='word_1_100' title='bbox 591 2509 731 2575; x_wconf 81' lang='lat' dir='ltr'><strong>Ossibus</strong></span> <span class='ocrx_word' id='word_1_101' title='bbox 753 2515 869 2574; x_wconf 86' lang='lat' dir='ltr'><strong>ornata</strong></span> <span class='ocrx_word' id='word_1_102' title='bbox 890 2510 1084 2595; x_wconf 79' lang='lat' dir='ltr'><strong>praelucent</strong></span> <span class='ocrx_word' id='word_1_103' title='bbox 1105 2511 1238 2576; x_wconf 91' lang='lat' dir='ltr'><strong>nomina</strong></span> <span class='ocrx_word' id='word_1_104' title='bbox 1261 2519 1387 2593; x_wconf 63' lang='lat' dir='ltr'><strong>cuncta</strong></span> 
     </span>
     <span class='ocr_line' id='line_1_20' title="bbox 674 2614 1425 2700; baseline 0.005 -21"><span class='ocrx_word' id='word_1_105' title='bbox 674 2614 767 2690; x_wconf 83' lang='lat' dir='ltr'><strong>Quae</strong></span> <span class='ocrx_word' id='word_1_106' title='bbox 789 2615 879 2680; x_wconf 87' lang='lat' dir='ltr'><strong>vario</strong></span> <span class='ocrx_word' id='word_1_107' title='bbox 902 2635 1025 2699; x_wconf 83' lang='lat' dir='ltr'><strong>genere</strong></span> <span class='ocrx_word' id='word_1_108' title='bbox 1048 2615 1162 2700; x_wconf 81' lang='lat' dir='ltr'><strong>lingua</strong></span> <span class='ocrx_word' id='word_1_109' title='bbox 1183 2615 1302 2680; x_wconf 89' lang='lat' dir='ltr'><strong>Latina</strong></span> <span class='ocrx_word' id='word_1_110' title='bbox 1324 2622 1425 2684; x_wconf 89' lang='lat' dir='ltr'><strong>tenet.</strong></span> 
     </span>
     <span class='ocr_line' id='line_1_21' title="bbox 589 2718 1391 2802; baseline 0.001 -19"><span class='ocrx_word' id='word_1_111' title='bbox 589 2719 629 2784; x_wconf 91' lang='lat' dir='ltr'><strong>ln</strong></span> <span class='ocrx_word' id='word_1_112' title='bbox 651 2739 787 2784; x_wconf 88' lang='lat' dir='ltr'><strong>numero</strong></span> <span class='ocrx_word' id='word_1_113' title='bbox 811 2739 906 2782; x_wconf 88' lang='lat' dir='ltr'><strong>casus</strong></span> <span class='ocrx_word' id='word_1_114' title='bbox 930 2724 1025 2784; x_wconf 87' lang='lat' dir='ltr'><strong>sexto</strong></span> <span class='ocrx_word' id='word_1_115' title='bbox 1050 2718 1254 2784; x_wconf 87' lang='lat' dir='ltr'><strong>concluditur</strong></span> <span class='ocrx_word' id='word_1_116' title='bbox 1276 2721 1391 2802; x_wconf 86' lang='lat' dir='ltr'><strong>omnis,</strong></span> 
     </span>
     <span class='ocr_line' id='line_1_22' title="bbox 674 2821 1348 2889; baseline -0.001 -2"><span class='ocrx_word' id='word_1_117' title='bbox 674 2821 741 2888; x_wconf 83' lang='lat' dir='ltr'><strong>Sed</strong></span> <span class='ocrx_word' id='word_1_118' title='bbox 765 2823 874 2887; x_wconf 87' lang='lat' dir='ltr'><strong>varius</strong></span> <span class='ocrx_word' id='word_1_119' title='bbox 897 2823 1022 2888; x_wconf 90' lang='lat' dir='ltr'><strong>calamo</strong></span> <span class='ocrx_word' id='word_1_120' title='bbox 1045 2824 1083 2887; x_wconf 88' lang='lat' dir='ltr'><strong>fit</strong></span> <span class='ocrx_word' id='word_1_121' title='bbox 1104 2823 1255 2889; x_wconf 87' lang='lat' dir='ltr'><strong>titulante</strong></span> <span class='ocrx_word' id='word_1_122' title='bbox 1279 2844 1348 2888; x_wconf 87' lang='lat' dir='ltr'><strong>suo.</strong></span> 
     </span>
     <span class='ocr_line' id='line_1_23' title="bbox 520 2925 1495 3012; baseline -0.001 -20"><span class='ocrx_word' id='word_1_123' title='bbox 520 2955 532 2992; x_wconf 79' lang='lat' dir='ltr'><strong>s</strong></span> <span class='ocrx_word' id='word_1_124' title='bbox 590 2925 675 2991; x_wconf 91' lang='lat' dir='ltr'><strong>Nam</strong></span> <span class='ocrx_word' id='word_1_125' title='bbox 696 2926 821 3012; x_wconf 89' lang='lat' dir='ltr'><strong>primus</strong></span> <span class='ocrx_word' id='word_1_126' title='bbox 844 2933 964 3007; x_wconf 89' lang='lat' dir='ltr'><strong>rectus,</strong></span> <span class='ocrx_word' id='word_1_127' title='bbox 987 2927 1149 2992; x_wconf 79' lang='lat' dir='ltr'><strong>vocitatur</strong></span> <span class='ocrx_word' id='word_1_128' title='bbox 1171 2926 1323 3012; x_wconf 89' lang='lat' dir='ltr'><strong>obliquus</strong></span> <span class='ocrx_word' id='word_1_129' title='bbox 1347 2931 1380 2991; x_wconf 90' lang='lat' dir='ltr'><strong>et</strong></span> <span class='ocrx_word' id='word_1_130' title='bbox 1402 2926 1495 3010; x_wconf 87' lang='lat' dir='ltr'><strong>alter,</strong></span> 
     </span>
     <span class='ocr_line' id='line_1_24' title="bbox 672 3029 1452 3115; baseline 0.003 -21"><span class='ocrx_word' id='word_1_131' title='bbox 672 3029 738 3095; x_wconf 92' lang='lat' dir='ltr'><strong>Hic</strong></span> <span class='ocrx_word' id='word_1_132' title='bbox 761 3030 902 3115; x_wconf 85' lang='lat' dir='ltr'><strong>genitus,</strong></span> <span class='ocrx_word' id='word_1_133' title='bbox 925 3051 1088 3115; x_wconf 85' lang='lat' dir='ltr'><strong>generans</strong></span> <span class='ocrx_word' id='word_1_134' title='bbox 1110 3029 1230 3096; x_wconf 89' lang='lat' dir='ltr'><strong>dicitur</strong></span> <span class='ocrx_word' id='word_1_135' title='bbox 1252 3030 1308 3095; x_wconf 89' lang='lat' dir='ltr'><strong>ille</strong></span> <span class='ocrx_word' id='word_1_136' title='bbox 1331 3036 1452 3096; x_wconf 89' lang='lat' dir='ltr'><strong>tamen.</strong></span> 
     </span>
     <span class='ocr_line' id='line_1_25' title="bbox 587 3132 1454 3221; baseline -0.001 -22"><span class='ocrx_word' id='word_1_137' title='bbox 587 3133 744 3199; x_wconf 79' lang='lat' dir='ltr'><strong>Continet</strong></span> <span class='ocrx_word' id='word_1_138' title='bbox 765 3134 819 3199; x_wconf 93' lang='lat' dir='ltr'><strong>hic</strong></span> <span class='ocrx_word' id='word_1_139' title='bbox 843 3133 983 3220; x_wconf 81' lang='lat' dir='ltr'><strong>propria,</strong></span> <span class='ocrx_word' id='word_1_140' title='bbox 1009 3133 1141 3221; x_wconf 86' lang='lat' dir='ltr'><strong>propris</strong></span> <span class='ocrx_word' id='word_1_141' title='bbox 1163 3132 1311 3198; x_wconf 91' lang='lat' dir='ltr'><strong>defendit</strong></span> <span class='ocrx_word' id='word_1_142' title='bbox 1332 3139 1366 3198; x_wconf 87' lang='lat' dir='ltr'><strong>et</strong></span> <span class='ocrx_word' id='word_1_143' title='bbox 1388 3134 1454 3214; x_wconf 86' lang='lat' dir='ltr'><strong>ille,</strong></span> 
     </span>
     <span class='ocr_line' id='line_1_26' title="bbox 670 3237 1346 3322; baseline -0.001 -19"><span class='ocrx_word' id='word_1_144' title='bbox 670 3238 716 3303; x_wconf 91' lang='lat' dir='ltr'><strong>Ut</strong></span> <span class='ocrx_word' id='word_1_145' title='bbox 738 3243 851 3302; x_wconf 89' lang='lat' dir='ltr'><strong>teneat</strong></span> <span class='ocrx_word' id='word_1_146' title='bbox 872 3237 1006 3322; x_wconf 88' lang='lat' dir='ltr'><strong>propria</strong></span> <span class='ocrx_word' id='word_1_147' title='bbox 1027 3237 1161 3302; x_wconf 89' lang='lat' dir='ltr'><strong>nomina</strong></span> <span class='ocrx_word' id='word_1_148' title='bbox 1183 3237 1252 3302; x_wconf 91' lang='lat' dir='ltr'><strong>iure</strong></span> <span class='ocrx_word' id='word_1_149' title='bbox 1277 3258 1346 3302; x_wconf 87' lang='lat' dir='ltr'><strong>sua.</strong></span> 
     </span>
     <span class='ocr_line' id='line_1_27' title="bbox 586 3339 1413 3425; baseline -0.002 -19"><span class='ocrx_word' id='word_1_150' title='bbox 586 3340 705 3406; x_wconf 88' lang='lat' dir='ltr'><strong>Omnia</strong></span> <span class='ocrx_word' id='word_1_151' title='bbox 727 3340 787 3404; x_wconf 88' lang='lat' dir='ltr'><strong>sub</strong></span> <span class='ocrx_word' id='word_1_152' title='bbox 810 3339 943 3425; x_wconf 90' lang='lat' dir='ltr'><strong>proprio</strong></span> <span class='ocrx_word' id='word_1_153' title='bbox 967 3339 1149 3405; x_wconf 89' lang='lat' dir='ltr'><strong>consistunt</strong></span> <span class='ocrx_word' id='word_1_154' title='bbox 1170 3340 1302 3405; x_wconf 88' lang='lat' dir='ltr'><strong>nomina</strong></span> <span class='ocrx_word' id='word_1_155' title='bbox 1324 3360 1413 3422; x_wconf 87' lang='lat' dir='ltr'><strong>casu,</strong></span> 
     </span>
     <span class='ocr_line' id='line_1_28' title="bbox 505 3441 1337 3529; baseline 0.005 -25"><span class='ocrx_word' id='word_1_156' title='bbox 505 3466 530 3504; x_wconf 81' lang='lat' dir='ltr'><strong>ro</strong></span> <span class='ocrx_word' id='word_1_157' title='bbox 672 3442 717 3508; x_wconf 86' lang='lat' dir='ltr'><strong>Et</strong></span> <span class='ocrx_word' id='word_1_158' title='bbox 740 3449 817 3507; x_wconf 90' lang='lat' dir='ltr'><strong>sunt</strong></span> <span class='ocrx_word' id='word_1_159' title='bbox 839 3441 981 3527; x_wconf 88' lang='lat' dir='ltr'><strong>obliquis</strong></span> <span class='ocrx_word' id='word_1_160' title='bbox 994 3442 1135 3508; x_wconf 84' lang='lat' dir='ltr'><strong>&#39;casibus</strong></span> <span class='ocrx_word' id='word_1_161' title='bbox 1159 3448 1236 3529; x_wconf 85' lang='lat' dir='ltr'><strong>apta</strong></span> <span class='ocrx_word' id='word_1_162' title='bbox 1258 3442 1337 3510; x_wconf 89' lang='lat' dir='ltr'><strong>suis.</strong></span> 
     </span>
     <span class='ocr_line' id='line_1_29' title="bbox 585 3545 1427 3633; baseline -0.001 -21"><span class='ocrx_word' id='word_1_163' title='bbox 585 3545 690 3612; x_wconf 87' lang='lat' dir='ltr'><strong>Multa</strong></span> <span class='ocrx_word' id='word_1_164' title='bbox 711 3552 938 3632; x_wconf 82' lang='lat' dir='ltr'><strong>monoptoton,</strong></span> <span class='ocrx_word' id='word_1_165' title='bbox 962 3546 1112 3632; x_wconf 92' lang='lat' dir='ltr'><strong>diptoton</strong></span> <span class='ocrx_word' id='word_1_166' title='bbox 1133 3547 1275 3633; x_wconf 87' lang='lat' dir='ltr'><strong>plurima</strong></span> <span class='ocrx_word' id='word_1_167' title='bbox 1298 3545 1427 3628; x_wconf 87' lang='lat' dir='ltr'><strong>cedunt,</strong></span> 
     </span>
     <span class='ocr_line' id='line_1_30' title="bbox 538 3650 1440 3738; baseline -0.001 -23"><span class='ocrx_word' id='word_1_168' title='bbox 538 3687 541 3694; x_wconf 92' lang='lat'>·</span> <span class='ocrx_word' id='word_1_169' title='bbox 669 3650 842 3736; x_wconf 89' lang='lat' dir='ltr'><strong>Triptoton</strong></span> <span class='ocrx_word' id='word_1_170' title='bbox 865 3651 961 3716; x_wconf 89' lang='lat' dir='ltr'><strong>titulo</strong></span> <span class='ocrx_word' id='word_1_171' title='bbox 983 3671 1045 3716; x_wconf 88' lang='lat' dir='ltr'><strong>nec</strong></span> <span class='ocrx_word' id='word_1_172' title='bbox 1067 3650 1176 3715; x_wconf 89' lang='lat' dir='ltr'><strong>minus</strong></span> <span class='ocrx_word' id='word_1_173' title='bbox 1198 3657 1276 3738; x_wconf 89' lang='lat' dir='ltr'><strong>apta</strong></span> <span class='ocrx_word' id='word_1_174' title='bbox 1297 3655 1440 3715; x_wconf 88' lang='lat' dir='ltr'><strong>manent.</strong></span> 
     </span>
     <span class='ocr_line' id='line_1_31' title="bbox 586 3752 1369 3840; baseline 0 -22"><span class='ocrx_word' id='word_1_175' title='bbox 586 3752 657 3820; x_wconf 86' lang='lat' dir='ltr'><strong>Ista</strong></span> <span class='ocrx_word' id='word_1_176' title='bbox 679 3761 890 3840; x_wconf 74' lang='lat' dir='ltr'><strong>tetraptoton,</strong></span> <span class='ocrx_word' id='word_1_177' title='bbox 913 3774 1068 3818; x_wconf 89' lang='lat' dir='ltr'><strong>numerus</strong></span> <span class='ocrx_word' id='word_1_178' title='bbox 1091 3755 1279 3840; x_wconf 86' lang='lat' dir='ltr'><strong>pentaticus</strong></span> <span class='ocrx_word' id='word_1_179' title='bbox 1302 3753 1369 3830; x_wconf 83' lang='lat' dir='ltr'><strong>illa,</strong></span> 
     </span>
     <span class='ocr_line' id='line_1_32' title="bbox 669 3855 1377 3941; baseline -0.004 -19"><span class='ocrx_word' id='word_1_180' title='bbox 669 3857 812 3922; x_wconf 89' lang='lat' dir='ltr'><strong>Nomina</strong></span> <span class='ocrx_word' id='word_1_181' title='bbox 834 3857 989 3922; x_wconf 88' lang='lat' dir='ltr'><strong>conciliat</strong></span> <span class='ocrx_word' id='word_1_182' title='bbox 1011 3863 1126 3922; x_wconf 86' lang='lat' dir='ltr'><strong>sextus</strong></span> <span class='ocrx_word' id='word_1_183' title='bbox 1150 3855 1280 3941; x_wconf 88' lang='lat' dir='ltr'><strong>etipse</strong></span> <span class='ocrx_word' id='word_1_184' title='bbox 1304 3855 1377 3920; x_wconf 87' lang='lat' dir='ltr'><strong>sibi.</strong></span> 
     </span>
     <span class='ocr_line' id='line_1_33' title="bbox 505 3957 1487 4039; baseline 0 -17"><span class='ocrx_word' id='word_1_185' title='bbox 505 3983 529 4022; x_wconf 78' lang='lat' dir='ltr'><strong>n</strong></span> <span class='ocrx_word' id='word_1_186' title='bbox 589 3959 729 4026; x_wconf 78' lang='lat' dir='ltr'><strong>Casibus</strong></span> <span class='ocrx_word' id='word_1_187' title='bbox 751 3959 804 4025; x_wconf 89' lang='lat' dir='ltr'><strong>his</strong></span> <span class='ocrx_word' id='word_1_188' title='bbox 828 3965 979 4024; x_wconf 89' lang='lat' dir='ltr'><strong>constant</strong></span> <span class='ocrx_word' id='word_1_189' title='bbox 1001 3965 1191 4026; x_wconf 88' lang='lat' dir='ltr'><strong>cunctarum</strong></span> <span class='ocrx_word' id='word_1_190' title='bbox 1214 3957 1348 4023; x_wconf 87' lang='lat' dir='ltr'><strong>nomina</strong></span> <span class='ocrx_word' id='word_1_191' title='bbox 1369 3979 1487 4039; x_wconf 77' lang='lat' dir='ltr'><strong>rerum,</strong></span> 
     </span>
     <span class='ocr_line' id='line_1_34' title="bbox 672 4063 1461 4138; baseline -0.003 -9"><span class='ocrx_word' id='word_1_192' title='bbox 672 4063 764 4138; x_wconf 83' lang='lat' dir='ltr'><strong>Quae</strong></span> <span class='ocrx_word' id='word_1_193' title='bbox 787 4063 888 4129; x_wconf 92' lang='lat' dir='ltr'><strong>totius</strong></span> <span class='ocrx_word' id='word_1_194' title='bbox 911 4063 1024 4128; x_wconf 89' lang='lat' dir='ltr'><strong>mundi</strong></span> <span class='ocrx_word' id='word_1_195' title='bbox 1046 4063 1197 4129; x_wconf 87' lang='lat' dir='ltr'><strong>machina</strong></span> <span class='ocrx_word' id='word_1_196' title='bbox 1220 4068 1338 4128; x_wconf 90' lang='lat' dir='ltr'><strong>cuncta</strong></span> <span class='ocrx_word' id='word_1_197' title='bbox 1360 4067 1461 4129; x_wconf 86' lang='lat' dir='ltr'><strong>tenet.</strong></span> 
     </span>
    </p>
   </div>
   <div class='ocr_carea' id='block_1_7' title="bbox 563 4321 1529 4404">
    <p class='ocr_par' dir='ltr' id='par_1_7' title="bbox 563 4321 1529 4404">
     <span class='ocr_line' id='line_1_35' title="bbox 563 4321 1529 4404; baseline -0.002 0"><span class='ocrx_word' id='word_1_198' title='bbox 563 4358 616 4404; x_wconf 83' lang='lat' dir='ltr'><strong>vro</strong></span> <span class='ocrx_word' id='word_1_199' title='bbox 660 4335 722 4402; x_wconf 83' lang='lat' dir='ltr'><strong>DE</strong></span> <span class='ocrx_word' id='word_1_200' title='bbox 744 4336 1022 4404; x_wconf 86' lang='lat' dir='ltr'>PRONOMINE.</span> <span class='ocrx_word' id='word_1_201' title='bbox 1067 4336 1237 4403; x_wconf 80' lang='lat' dir='ltr'>INCIPIT</span> <span class='ocrx_word' id='word_1_202' title='bbox 1259 4321 1529 4403; x_wconf 75' lang='lat' dir='ltr'>PRAEFATIO.</span> 
     </span>
    </p>
   </div>
   <div class='ocr_carea' id='block_1_8' title="bbox 515 4459 1479 5064">
    <p class='ocr_par' dir='ltr' id='par_1_8' title="bbox 515 4459 1479 5064">
     <span class='ocr_line' id='line_1_36' title="bbox 583 4459 1479 4547; baseline -0.001 -21"><span class='ocrx_word' id='word_1_203' title='bbox 583 4460 733 4526; x_wconf 89' lang='lat' dir='ltr'><strong>Nominis</strong></span> <span class='ocrx_word' id='word_1_204' title='bbox 756 4459 845 4524; x_wconf 87' lang='lat' dir='ltr'><strong>haud</strong></span> <span class='ocrx_word' id='word_1_205' title='bbox 867 4461 999 4546; x_wconf 87' lang='lat' dir='ltr'><strong>proprio</strong></span> <span class='ocrx_word' id='word_1_206' title='bbox 1023 4482 1202 4546; x_wconf 90' lang='lat' dir='ltr'><strong>pronomen</strong></span> <span class='ocrx_word' id='word_1_207' title='bbox 1225 4461 1333 4547; x_wconf 80' lang='lat' dir='ltr'><strong>iungit</strong></span> <span class='ocrx_word' id='word_1_208' title='bbox 1355 4461 1479 4528; x_wconf 88' lang='lat' dir='ltr'><strong>honore</strong></span> 
     </span>
     <span class='ocr_line' id='line_1_37' title="bbox 667 4564 1465 4651; baseline -0.001 -22"><span class='ocrx_word' id='word_1_209' title='bbox 667 4564 712 4630; x_wconf 85' lang='lat' dir='ltr'><strong>Et</strong></span> <span class='ocrx_word' id='word_1_210' title='bbox 735 4564 821 4631; x_wconf 86' lang='lat' dir='ltr'><strong>benc</strong></span> <span class='ocrx_word' id='word_1_211' title='bbox 846 4564 1011 4649; x_wconf 82' lang='lat' dir='ltr'><strong>significat</strong></span> <span class='ocrx_word' id='word_1_212' title='bbox 1033 4565 1188 4651; x_wconf 90' lang='lat' dir='ltr'><strong>quioquid</strong></span> <span class='ocrx_word' id='word_1_213' title='bbox 1210 4573 1244 4631; x_wconf 90' lang='lat' dir='ltr'><strong>et</strong></span> <span class='ocrx_word' id='word_1_214' title='bbox 1267 4565 1322 4631; x_wconf 88' lang='lat' dir='ltr'><strong>ille</strong></span> <span class='ocrx_word' id='word_1_215' title='bbox 1346 4572 1465 4631; x_wconf 89' lang='lat' dir='ltr'><strong>tamen.</strong></span> 
     </span>
     <span class='ocr_line' id='line_1_38' title="bbox 584 4667 1366 4754; baseline 0.004 -21"><span class='ocrx_word' id='word_1_216' title='bbox 584 4667 714 4733; x_wconf 89' lang='lat' dir='ltr'><strong>Nullius</strong></span> <span class='ocrx_word' id='word_1_217' title='bbox 738 4668 862 4753; x_wconf 89' lang='lat' dir='ltr'><strong>eloquii</strong></span> <span class='ocrx_word' id='word_1_218' title='bbox 883 4669 1006 4754; x_wconf 89' lang='lat' dir='ltr'><strong>poterit</strong></span> <span class='ocrx_word' id='word_1_219' title='bbox 1029 4667 1218 4735; x_wconf 90' lang='lat' dir='ltr'><strong>discernere&#39;</strong></span> <span class='ocrx_word' id='word_1_220' title='bbox 1239 4691 1366 4752; x_wconf 86' lang='lat' dir='ltr'><strong>sensus,</strong></span> 
     </span>
     <span class='ocr_line' id='line_1_39' title="bbox 666 4769 1402 4857; baseline 0 -21"><span class='ocrx_word' id='word_1_221' title='bbox 666 4769 710 4836; x_wconf 92' lang='lat' dir='ltr'><strong>Ni</strong></span> <span class='ocrx_word' id='word_1_222' title='bbox 733 4771 848 4836; x_wconf 86' lang='lat' dir='ltr'><strong>titulus</strong></span> <span class='ocrx_word' id='word_1_223' title='bbox 871 4771 1012 4857; x_wconf 87' lang='lat' dir='ltr'><strong>primurn</strong></span> <span class='ocrx_word' id='word_1_224' title='bbox 1034 4771 1174 4838; x_wconf 89' lang='lat' dir='ltr'><strong>nominis</strong></span> <span class='ocrx_word' id='word_1_225' title='bbox 1198 4779 1274 4838; x_wconf 90' lang='lat' dir='ltr'><strong>ante</strong></span> <span class='ocrx_word' id='word_1_226' title='bbox 1298 4777 1402 4838; x_wconf 87' lang='lat' dir='ltr'><strong>sonet.</strong></span> 
     </span>
     <span class='ocr_line' id='line_1_40' title="bbox 515 4873 1345 4960; baseline 0.007 -25"><span class='ocrx_word' id='word_1_227' title='bbox 515 4897 527 4935; x_wconf 82' lang='lat' dir='ltr'><strong>s</strong></span> <span class='ocrx_word' id='word_1_228' title='bbox 586 4874 680 4940; x_wconf 87' lang='lat' dir='ltr'><strong>illius</strong></span> <span class='ocrx_word' id='word_1_229' title='bbox 703 4879 741 4937; x_wconf 92' lang='lat' dir='ltr'><strong>ut</strong></span> <span class='ocrx_word' id='word_1_230' title='bbox 763 4874 850 4960; x_wconf 83' lang='lat' dir='ltr'><strong>regis</strong></span> <span class='ocrx_word' id='word_1_231' title='bbox 875 4873 975 4940; x_wconf 90' lang='lat' dir='ltr'><strong>debet</strong></span> <span class='ocrx_word' id='word_1_232' title='bbox 997 4874 1195 4960; x_wconf 89' lang='lat' dir='ltr'><strong>praecedere</strong></span> <span class='ocrx_word' id='word_1_233' title='bbox 1220 4897 1345 4956; x_wconf 86' lang='lat' dir='ltr'><strong>currus,</strong></span> 
     </span>
     <span class='ocr_line' id='line_1_41' title="bbox 666 4976 1375 5064; baseline 0.001 -22"><span class='ocrx_word' id='word_1_234' title='bbox 666 4976 766 5042; x_wconf 90' lang='lat' dir='ltr'><strong>Istius</strong></span> <span class='ocrx_word' id='word_1_235' title='bbox 789 4984 826 5042; x_wconf 91' lang='lat' dir='ltr'><strong>ut</strong></span> <span class='ocrx_word' id='word_1_236' title='bbox 848 4977 962 5043; x_wconf 86' lang='lat' dir='ltr'><strong>famuli</strong></span> <span class='ocrx_word' id='word_1_237' title='bbox 985 4999 1117 5044; x_wconf 87' lang='lat' dir='ltr'><strong>currere</strong></span> <span class='ocrx_word' id='word_1_238' title='bbox 1139 4977 1240 5045; x_wconf 90' lang='lat' dir='ltr'><strong>debet</strong></span> <span class='ocrx_word' id='word_1_239' title='bbox 1262 4998 1375 5064; x_wconf 75' lang='lat' dir='ltr'><strong>equus.</strong></span> 
     </span>
    </p>
   </div>
   <div class='ocr_carea' id='block_1_9' title="bbox 578 5115 1359 5129">
    <p class='ocr_par' dir='ltr' id='par_1_9' title="bbox 578 5115 1359 5129">
     <span class='ocr_line' id='line_1_42' title="bbox 578 5115 1359 5129; baseline 0.005 -4"><span class='ocrx_word' id='word_1_240' title='bbox 578 5121 740 5129; x_wconf 44' lang='grc' dir='ltr'><strong>κῃ-</strong></span> <span class='ocrx_word' id='word_1_241' title='bbox 743 5120 1086 5128; x_wconf 74' lang='grc'><strong>--.---.......-</strong></span> <span class='ocrx_word' id='word_1_242' title='bbox 1091 5115 1359 5128; x_wconf 54' lang='grc' dir='ltr'><strong>.--..-.α..-...-.--</strong></span> 
     </span>
    </p>
   </div>
   <div class='ocr_carea' id='block_1_10' title="bbox 212 5199 1878 5863">
    <p class='ocr_par' dir='ltr' id='par_1_10' title="bbox 215 5199 1878 5356">
     <span class='ocr_line' id='line_1_43' title="bbox 320 5199 1878 5274; baseline -0.001 -17"><span class='ocrx_word' id='word_1_243' title='bbox 320 5203 364 5272; x_wconf 88' lang='lat' dir='ltr'><strong>[vr]</strong></span> <span class='ocrx_word' id='word_1_244' title='bbox 401 5205 617 5274; x_wconf 83' lang='lat' dir='ltr'><strong>lqnodripcrtits</strong></span> <span class='ocrx_word' id='word_1_245' title='bbox 635 5207 718 5273; x_wconf 68' lang='lat' dir='ltr'><strong>ligure</strong></span> <span class='ocrx_word' id='word_1_246' title='bbox 731 5202 762 5254; x_wconf 93' lang='lat' dir='ltr'>N</span> <span class='ocrx_word' id='word_1_247' title='bbox 861 5199 1014 5270; x_wconf 73' lang='lat' dir='ltr'><strong>bfungitur</strong></span> <span class='ocrx_word' id='word_1_248' title='bbox 1030 5221 1062 5255; x_wconf 87' lang='lat' dir='ltr'><strong>ur</strong></span> <span class='ocrx_word' id='word_1_249' title='bbox 1079 5220 1156 5256; x_wconf 82' lang='lat' dir='ltr'><strong>craso</strong></span> <span class='ocrx_word' id='word_1_250' title='bbox 1169 5203 1200 5253; x_wconf 89' lang='lat' dir='ltr'>N</span> <span class='ocrx_word' id='word_1_251' title='bbox 1293 5201 1396 5255; x_wconf 74' lang='grc'>61110</span> <span class='ocrx_word' id='word_1_252' title='bbox 1491 5199 1507 5252; x_wconf 83' lang='lat' dir='ltr'><strong>&#39;l</strong></span> <span class='ocrx_word' id='word_1_253' title='bbox 1529 5203 1555 5254; x_wconf 90' lang='lat' dir='ltr'><strong>id</strong></span> <span class='ocrx_word' id='word_1_254' title='bbox 1577 5205 1654 5257; x_wconf 75' lang='lat' dir='ltr'><strong>sstG</strong></span> <span class='ocrx_word' id='word_1_255' title='bbox 1767 5202 1801 5256; x_wconf 91' lang='grc'><strong>10</strong></span> <span class='ocrx_word' id='word_1_256' title='bbox 1819 5205 1878 5272; x_wconf 73' lang='lat' dir='ltr'><strong>sN</strong></span> 
     </span>
     <span class='ocr_line' id='line_1_44' title="bbox 215 5287 1126 5356; baseline 0.001 -17"><span class='ocrx_word' id='word_1_257' title='bbox 215 5287 248 5339; x_wconf 93' lang='grc'><strong>11</strong></span> <span class='ocrx_word' id='word_1_258' title='bbox 267 5291 403 5344; x_wconf 81' lang='lat' dir='ltr'><strong>CunctsO</strong></span> <span class='ocrx_word' id='word_1_259' title='bbox 510 5289 543 5343; x_wconf 84' lang='lat'><strong>13</strong></span> <span class='ocrx_word' id='word_1_260' title='bbox 560 5294 613 5344; x_wconf 89' lang='lat' dir='ltr'><strong>Hic</strong></span> <span class='ocrx_word' id='word_1_261' title='bbox 631 5309 697 5344; x_wconf 67' lang='lat' dir='ltr'><strong>coar.</strong></span> <span class='ocrx_word' id='word_1_262' title='bbox 716 5290 795 5342; x_wconf 81' lang='lat' dir='ltr'><strong>sico</strong></span> <span class='ocrx_word' id='word_1_263' title='bbox 894 5288 927 5340; x_wconf 77' lang='grc'><strong>14</strong></span> <span class='ocrx_word' id='word_1_264' title='bbox 945 5297 1057 5356; x_wconf 83' lang='lat' dir='ltr'><strong>quaeant</strong></span> <span class='ocrx_word' id='word_1_265' title='bbox 1070 5289 1126 5342; x_wconf 78' lang='grc' dir='ltr'><strong>ΟΡ</strong></span> 
     </span>
    </p>

    <p class='ocr_par' dir='ltr' id='par_1_11' title="bbox 214 5373 1874 5614">
     <span class='ocr_line' id='line_1_45' title="bbox 318 5373 1874 5445; baseline 0.001 -19"><span class='ocrx_word' id='word_1_266' title='bbox 318 5373 375 5441; x_wconf 88' lang='lat' dir='ltr'><strong>[vu]</strong></span> <span class='ocrx_word' id='word_1_267' title='bbox 402 5377 495 5445; x_wconf 84' lang='lat' dir='ltr'><strong>[ncipit</strong></span> <span class='ocrx_word' id='word_1_268' title='bbox 518 5385 627 5431; x_wconf 60' lang='lat' dir='ltr'><strong>natare</strong></span> <span class='ocrx_word' id='word_1_269' title='bbox 648 5377 680 5428; x_wconf 89' lang='lat' dir='ltr'><strong>dc</strong></span> <span class='ocrx_word' id='word_1_270' title='bbox 703 5377 812 5428; x_wconf 85' lang='lat' dir='ltr'><strong>casibus.</strong></span> <span class='ocrx_word' id='word_1_271' title='bbox 848 5375 937 5441; x_wconf 88' lang='lat' dir='ltr'><strong>incipit</strong></span> <span class='ocrx_word' id='word_1_272' title='bbox 962 5377 1086 5442; x_wconf 80' lang='lat' dir='ltr'><strong>praefatio</strong></span> <span class='ocrx_word' id='word_1_273' title='bbox 1101 5374 1132 5426; x_wconf 93' lang='lat' dir='ltr'>N</span> <span class='ocrx_word' id='word_1_274' title='bbox 1257 5375 1274 5430; x_wconf 88' lang='grc'>3</span> <span class='ocrx_word' id='word_1_275' title='bbox 1295 5373 1379 5442; x_wconf 84' lang='lat' dir='ltr'><strong>sexto]</strong></span> <span class='ocrx_word' id='word_1_276' title='bbox 1401 5375 1444 5428; x_wconf 85' lang='lat' dir='ltr'><strong>uel</strong></span> <span class='ocrx_word' id='word_1_277' title='bbox 1466 5375 1570 5427; x_wconf 81' lang='lat' dir='ltr'><strong>senoO</strong></span> <span class='ocrx_word' id='word_1_278' title='bbox 1694 5373 1711 5426; x_wconf 83' lang='lat'><strong>5</strong></span> <span class='ocrx_word' id='word_1_279' title='bbox 1733 5375 1874 5428; x_wconf 81' lang='lat' dir='ltr'><strong>oblicnsG</strong></span> 
     </span>
     <span class='ocr_line' id='line_1_46' title="bbox 214 5457 1874 5530; baseline 0.002 -20"><span class='ocrx_word' id='word_1_280' title='bbox 214 5457 376 5525; x_wconf 79' lang='lat' dir='ltr'><strong>Gganerslis</strong></span> <span class='ocrx_word' id='word_1_281' title='bbox 393 5461 530 5514; x_wconf 90' lang='lat' dir='ltr'><strong>dicitnrN</strong></span> <span class='ocrx_word' id='word_1_282' title='bbox 610 5460 852 5514; x_wconf 79' lang='lat' dir='ltr'><strong>8teneantNOP</strong></span> <span class='ocrx_word' id='word_1_283' title='bbox 899 5460 1029 5512; x_wconf 74' lang='lat' dir='ltr'><strong>inraNG</strong></span> <span class='ocrx_word' id='word_1_284' title='bbox 1115 5459 1237 5530; x_wconf 79' lang='lat' dir='ltr'><strong>9sup0</strong></span> <span class='ocrx_word' id='word_1_285' title='bbox 1325 5459 1360 5512; x_wconf 92' lang='grc'><strong>10</strong></span> <span class='ocrx_word' id='word_1_286' title='bbox 1377 5460 1468 5514; x_wconf 89' lang='lat' dir='ltr'><strong>oblicis</strong></span> <span class='ocrx_word' id='word_1_287' title='bbox 1483 5460 1550 5512; x_wconf 70' lang='lat' dir='ltr'><strong>GN</strong></span> <span class='ocrx_word' id='word_1_288' title='bbox 1629 5460 1662 5512; x_wconf 89' lang='lat'><strong>11</strong></span> <span class='ocrx_word' id='word_1_289' title='bbox 1682 5461 1806 5529; x_wconf 82' lang='lat' dir='ltr'><strong>dyptoton</strong></span> <span class='ocrx_word' id='word_1_290' title='bbox 1820 5462 1874 5514; x_wconf 76' lang='lat' dir='ltr'><strong>OG</strong></span> 
     </span>
     <span class='ocr_line' id='line_1_47' title="bbox 214 5545 1310 5614; baseline 0.001 -17"><span class='ocrx_word' id='word_1_291' title='bbox 214 5546 361 5598; x_wconf 72' lang='lat' dir='ltr'><strong>medunco</strong></span> <span class='ocrx_word' id='word_1_292' title='bbox 462 5545 495 5597; x_wconf 88' lang='grc'><strong>14</strong></span> <span class='ocrx_word' id='word_1_293' title='bbox 513 5547 632 5598; x_wconf 80' lang='lat' dir='ltr'><strong>consiliat</strong></span> <span class='ocrx_word' id='word_1_294' title='bbox 646 5547 669 5598; x_wconf 75' lang='grc' dir='ltr'><em>Ο</em></span> <span class='ocrx_word' id='word_1_295' title='bbox 683 5563 811 5614; x_wconf 68' lang='lat' dir='ltr'><strong>aspernor.</strong></span> <span class='ocrx_word' id='word_1_296' title='bbox 829 5555 903 5598; x_wconf 84' lang='lat' dir='ltr'><strong>ornat</strong></span> <span class='ocrx_word' id='word_1_297' title='bbox 1309 5551 1310 5555; x_wconf 76' lang='grc'>’</span> 
     </span>
    </p>

    <p class='ocr_par' dir='ltr' id='par_1_12' title="bbox 212 5629 1874 5790">
     <span class='ocr_line' id='line_1_48' title="bbox 318 5629 1874 5700; baseline 0.001 -19"><span class='ocrx_word' id='word_1_298' title='bbox 318 5629 382 5698; x_wconf 81' lang='lat' dir='ltr'>[vm]</span> <span class='ocrx_word' id='word_1_299' title='bbox 401 5632 493 5698; x_wconf 90' lang='lat' dir='ltr'><strong>Incipit</strong></span> <span class='ocrx_word' id='word_1_300' title='bbox 501 5640 609 5683; x_wconf 84' lang='lat' dir='ltr'><strong>tractare</strong></span> <span class='ocrx_word' id='word_1_301' title='bbox 618 5633 649 5683; x_wconf 86' lang='lat' dir='ltr'><strong>de</strong></span> <span class='ocrx_word' id='word_1_302' title='bbox 658 5633 815 5698; x_wconf 87' lang='lat' dir='ltr'><strong>pronomine.</strong></span> <span class='ocrx_word' id='word_1_303' title='bbox 840 5633 929 5700; x_wconf 84' lang='lat' dir='ltr'><strong>incipit</strong></span> <span class='ocrx_word' id='word_1_304' title='bbox 937 5633 1044 5698; x_wconf 78' lang='lat' dir='ltr'><strong>prolatio</strong></span> <span class='ocrx_word' id='word_1_305' title='bbox 1058 5632 1089 5683; x_wconf 84' lang='lat' dir='ltr'>N</span> <span class='ocrx_word' id='word_1_306' title='bbox 1157 5633 1237 5688; x_wconf 85' lang='lat' dir='ltr'><strong>lant</strong></span> <span class='ocrx_word' id='word_1_307' title='bbox 1252 5634 1313 5698; x_wconf 78' lang='grc' dir='ltr'><strong>ΟΡ,</strong></span> <span class='ocrx_word' id='word_1_308' title='bbox 1331 5633 1425 5687; x_wconf 69' lang='lat' dir='ltr'><strong>outo</strong></span> <span class='ocrx_word' id='word_1_309' title='bbox 1477 5633 1551 5699; x_wconf 80' lang='lat' dir='ltr'><strong>fingit</strong></span> <span class='ocrx_word' id='word_1_310' title='bbox 1565 5633 1587 5682; x_wconf 80' lang='lat'><em>0</em></span> <span class='ocrx_word' id='word_1_311' title='bbox 1661 5629 1874 5700; x_wconf 72' lang='lat' dir='ltr'><strong>TpencNPG,</strong></span> 
     </span>
     <span class='ocr_line' id='line_1_49' title="bbox 212 5715 961 5790; baseline -0.003 -20"><span class='ocrx_word' id='word_1_312' title='bbox 212 5718 326 5788; x_wconf 84' lang='lat' dir='ltr'><strong>poenoC</strong></span> <span class='ocrx_word' id='word_1_313' title='bbox 425 5715 551 5769; x_wconf 72' lang='lat' dir='ltr'><strong>aulico</strong></span> <span class='ocrx_word' id='word_1_314' title='bbox 651 5715 826 5783; x_wconf 76' lang='lat' dir='ltr'><strong>dasquusO</strong></span> <span class='ocrx_word' id='word_1_315' title='bbox 957 5781 961 5790; x_wconf 41' lang='grc' dir='ltr'>Ι</span> 
     </span>
    </p>

    <p class='ocr_par' dir='ltr' id='par_1_13' title="bbox 1618 5807 1671 5863">
     <span class='ocr_line' id='line_1_50' title="bbox 1618 5807 1671 5863; baseline 0.038 -2"><span class='ocrx_word' id='word_1_316' title='bbox 1618 5807 1671 5863; x_wconf 69' lang='lat' dir='ltr'><strong>Ill*</strong></span> 
     </span>
    </p>
   </div>
   <div class='ocr_carea' id='block_1_11' title="bbox 0 0 2310 6411">
    <p class='ocr_par' dir='ltr' id='par_1_14' title="bbox 0 0 2310 6411">
     <span class='ocr_line' id='line_1_51' title="bbox 0 0 2310 6411; baseline 0 0"><span class='ocrx_word' id='word_1_317' title='bbox 0 0 2310 6411; x_wconf 95' lang='lat' dir='ltr'><strong> </strong></span> 
     </span>
    </p>
   </div>
  </div>
 </body>
</html>
