4756 6412
1162 421 1371 480 THEODULFI
1390 425 1565 482 CARMINA.

905 597 1135 663 submissurus
1159 620 1262 679 eram,
1286 601 1449 685 petiturus
1472 602 1579 683 litora,
1601 603 1684 683 vela,

987 698 1058 773 Quo
1081 701 1142 766 tibi
1164 709 1263 786 grata
1286 703 1391 786 quies,
1415 703 1504 768 fessa
1526 701 1662 785 carina¹,
1685 703 1779 769 foret.

904 802 972 869 Sed
995 811 1104 870 tamen
1127 813 1269 891 apparet
1291 813 1456 872 transacto
1480 808 1612 894 gurgite
1633 808 1729 873 nobis

808 929 847 966 000
990 908 1132 974 Parvula
1154 929 1233 996 pars
1257 910 1367 995 magni
1390 911 1629 997 praetereunda
1650 911 1735 976 freti.

902 1009 964 1075 Est
985 1013 1102 1076 merito
1125 1011 1295 1097 iungenda
1317 1011 1378 1076 tibi
1400 1011 1441 1077 de
1463 1034 1608 1100 paupere
1631 1014 1736 1094 turba,

985 1115 1096 1180 Divite
1120 1137 1204 1200 quae
1228 1117 1398 1202 premitur,
1421 1138 1509 1198 cura,
1532 1116 1656 1198 libelle,
1678 1117 1799 1182 brevis.

902 1217 1051 1305 Namque
1074 1220 1207 1307 inopum
1232 1241 1343 1284 curam
1359 1221 1485 1284 recinat
1506 1241 1582 1307 pars
1605 1221 1719 1285 ultima
1736 1219 1932 1302 habendam,

985 1322 1047 1387 Cui
1069 1324 1159 1409 prior
1180 1323 1262 1387 artis
1282 1330 1353 1388 crat
1375 1344 1454 1388 cura
1476 1323 1618 1388 tenenda
1640 1324 1724 1388 cani.

805 1447 843 1485 001
901 1425 1107 1513 Pauperibus
1130 1428 1325 1512 quicumque
1349 1448 1476 1513 praees,
1500 1428 1691 1492 mitissimus
1715 1435 1797 1508 estc,

982 1530 1096 1618 Teque
1119 1533 1171 1596 his
1194 1539 1311 1596 natura
1333 1533 1464 1598 noveris
1488 1554 1563 1597 esee
1586 1554 1709 1619 parem.

900 1632 974 1699 Non
997 1635 1057 1698 hos
1082 1635 1229 1700 condicio
1253 1635 1390 1715 tibimet,
1414 1636 1473 1700 scd
1496 1637 1593 1722 culpa
1614 1636 1754 1722 subegit,

982 1735 1075 1810 Quae
1099 1737 1190 1803 dedit
1212 1746 1248 1804 ut
1270 1739 1395 1804 homini
1417 1740 1569 1804 subditus
1592 1748 1682 1806 esset
1703 1740 1811 1805 bomo.

900 1839 1028 1906 Horum
1051 1849 1084 1906 te
1108 1841 1217 1924 sudor,
1242 1844 1358 1907 horum
1382 1844 1506 1908 solacia
1528 1843 1643 1924 ditant,

803 1963 843 2002 eoo
988 1944 1143 2010 Pluribus
1166 1947 1217 2011 his
1240 1947 1361 2012 iunctis
1386 1947 1486 2013 ditior
1507 1971 1592 2013 unus
1614 1949 1697 2014 ines.

897 2048 1050 2115 Flumina
1072 2073 1233 2117 concursu
1256 2060 1410 2117 crescunt
1431 2055 1557 2118 maiora
1579 2055 1752 2135 minorum,

978 2154 1112 2219 Profioit
1135 2161 1169 2220 et
1191 2154 1284 2220 dives
1307 2157 1462 2241 pauperis
1485 2165 1602 2222 auctus
1627 2176 1700 2243 ope.

898 2255 1047 2344 Corpora
1067 2259 1288 2344 pinguescunt
1310 2260 1418 2324 alieno
1443 2281 1580 2347 corpore
1603 2268 1706 2348 pasta,

978 2360 1070 2426 Vivit
1093 2373 1126 2427 ct
1148 2362 1285 2428 alterius
1308 2371 1413 2428 morte
1436 2365 1561 2430 refecta
1584 2387 1670 2429 caro.

802 2485 840 2522 cos
898 2464 1028 2530 Fortior
1050 2467 1239 2545 invalidum,
1263 2469 1419 2553 pusillum
1442 2470 1615 2554 conprimit
1637 2470 1765 2555 ingens,

978 2569 1106 2635 Crescit
1129 2577 1163 2636 et
1185 2572 1264 2636 hinc
1286 2572 1399 2652 maior,
1423 2571 1533 2636 deficit
1554 2570 1642 2638 unde
1665 2573 1780 2636 minor.

897 2671 991 2738 Haec
1013 2673 1141 2760 capus²‚
1165 2675 1388 2760 accipiterque
1411 2682 1531 2760 gerunt
1552 2697 1612 2762 per
1633 2676 1729 2740 litora
1752 2675 1876 2756 curva³,

978 2778 1053 2844 Hoc
1076 2779 1172 2865 lupus
1195 2781 1231 2844 in
1254 2779 1356 2856 silvis,
1380 2779 1481 2864 piscis
1503 2781 1537 2844 in
1561 2801 1656 2845 amne
1679 2780 1769 2844 facit.

897 2877 951 2944 Sic
973 2880 1044 2946 fera
1066 2903 1167 2968 saepe
1189 2883 1271 2962 fera,
1295 2902 1432 2967 serpens
1456 2890 1610 2968 serpente
1634 2891 1779 2965 necatur,

799 3009 839 3047 010
984 2985 1038 3051 810
1062 2987 1184 3052 inbelle
1207 2993 1318 3050 manet
1340 2985 1387 3049 nil
1409 2985 1473 3050 nisi
1495 2985 1617 3072 praeda
1638 3008 1751 3073 pecus.

895 3090 924 3155 Ο
948 3111 1062 3176 genus,
1086 3092 1276 3177 exemplum
1299 3089 1414 3174 fugito,
1436 3091 1584 3171 mortale,
1608 3090 1762 3172 ferarum,

974 3195 1045 3260 Neo
1068 3196 1165 3259 homo
1189 3196 1232 3258 sit
1254 3192 1379 3257 homini
1402 3193 1487 3277 quod
1508 3193 1579 3258 fera
1600 3201 1694 3258 torva
1715 3194 1816 3259 ferae.

893 3297 967 3363 Non
990 3299 1108 3386 opibus
1132 3299 1293 3384 spolietur
1313 3298 1420 3383 inops,
1444 3318 1508 3361 non
1532 3297 1666 3363 crimine
1688 3297 1771 3362 falso

971 3401 1133 3468 Addictus
1157 3422 1291 3467 censum
1315 3399 1372 3466 det
1393 3402 1494 3466 miser
1516 3402 1587 3487 ipse
1610 3423 1714 3465 suum.

796 3527 834 3565 ⁹1⁵
893 3506 924 3570 A
947 3506 1075 3592 quoties
1097 3507 1124 3570 it
1147 3527 1246 3570 avara
1268 3506 1339 3570 lues
1364 3503 1423 3568 sub
1445 3503 1577 3568 nomine
1601 3505 1693 3584 rcoti,

973 3609 1095 3697 Incipit
1118 3617 1152 3674 et
1174 3629 1293 3674 nomen
1316 3609 1401 3693 legis
1424 3608 1547 3673 habere
1569 3607 1674 3672 furor!

890 3711 1051 3799 Quodque
1073 3713 1176 3776 miser
1197 3711 1315 3799 perdit,
1338 3711 1530 3798 perhibetur
1552 3709 1692 3797 perdere
1715 3711 1811 3792 iuste,

972 3817 1133 3904 Quodque
1157 3817 1243 3903 rapit
1264 3816 1368 3898 dives,
1391 3818 1507 3882 tollere
1531 3817 1600 3881 inre
1624 3822 1728 3901 putat.

889 3921 1043 4004 ι11011111,
1067 3928 1182 4006 estque
1206 3921 1317 4006 fugax,
1341 3921 1416 3985 huic
1438 3919 1562 3986 fraudis
1585 3919 1718 3984 conscia
1739 3938 1832 3983 mens
1856 3921 1916 3996 est,

793 4045 833 4085 110
973 4026 1041 4091 Η10
1063 4027 1150 4091 male
1172 4026 1338 4105 mentitur,
1362 4025 1415 4089 bic
1439 4024 1524 4110 rapit
1545 4031 1643 4108 atque
1667 4023 1777 4108 clepit.

887 4129 952 4194 Hic
975 4130 1061 4195 male
1086 4129 1261 4194 servicium
1287 4129 1410 4194 studuit
1433 4134 1666 4214 contempnere
1688 4131 1844 4206 nostrum,

969 4233 1145 4298 Proximus
1169 4240 1221 4298 est
1242 4239 1355 4298 noster
1376 4255 1473 4319 quem
1495 4233 1580 4318 iugit
1602 4232 1657 4298 ille
1680 4231 1746 4297 diu.

888 4333 999 4421 Stipes
1023 4336 1071 4400 eia
1096 4337 1235 4421 plantas,
1260 4342 1433 4400 conectunt
1454 4335 1561 4400 vincla
1583 4334 1734 4415 lacertos,

970 4438 1073 4504 Facta
1094 4446 1131 4503 ut
1152 4439 1264 4523 iniqua
1286 4446 1413 4519 canant,
1436 4439 1526 4504 lorea
1547 4439 1649 4522 flagra
1669 4437 1798 4502 ferant)

791 4564 829 4602 aa
888 4542 983 4607 Talia
1005 4543 1199 4630 persultant,
1222 4544 1360 4608 miseros
1383 4565 1456 4608 cum
1478 4542 1611 4608 laedere
1633 4543 1769 4621 malunt,

969 4646 1052 4711 Cum
1075 4667 1121 4726 re,
1143 4666 1209 4710 non
1232 4647 1319 4710 vitiis
1342 4647 1401 4711 hos
1425 4647 1566 4732 spoliare
1588 4647 1711 4711 volunt.

886 4749 1046 4817 Flebilior
1068 4748 1127 4814 sed
1151 4749 1262 4834 iniqua
1284 4771 1413 4835 gerens,
1437 4750 1491 4834 qui
1515 4749 1654 4813 sustinet
1675 4748 1731 4812 illo
1754 4753 1815 4826 cst,

967 4852 1032 4917 Hic
1056 4851 1142 4938 quod
1165 4852 1292 4937 agendo
1315 4853 1411 4937 perit,
1433 4852 1489 4916 ille
1512 4849 1647 4915 ferendo
1670 4851 1769 4934 viget.

622 5074 673 5128 887
694 5079 780 5131 littora
797 5077 824 5128 P
923 5076 975 5129 888
991 5081 1074 5145 gratia
1092 5078 1116 5129 L
1207 5077 1258 5129 889
1276 5081 1320 5130 Set
1344 5077 1377 5126 M
1467 5075 1518 5126 890
1535 5077 1603 5127 Ρο111
1620 5075 1699 5127 01οΡ
1797 5073 1847 5126 891
1865 5077 1910 5125 Est
1927 5074 1976 5126 rita
1994 5076 2142 5144 iungenda
2153 5083 2196 5150 M,

517 5167 563 5216 Est
582 5166 630 5216 tibi
650 5163 739 5228 (erae.)
750 5165 798 5216 rito
808 5165 938 5230 iungenda
951 5164 976 5213 P
1059 5164 1112 5216 892
1121 5167 1206 5231 prauis
1215 5183 1282 5216 corr.
1296 5164 1382 5216 breuis
1391 5161 1415 5212 L
1490 5160 1542 5211 894
1560 5163 1616 5212 iura
1625 5162 1708 5226 codd,
1725 5177 1788 5213 cura
1803 5160 1875 5210 Waa.
1945 5157 1999 5210 898
2018 5164 2152 5217 subditas
2169 5168 2198 5218 P

514 5248 567 5302 902
583 5259 657 5303 actua
678 5248 704 5298 P
822 5247 874 5300 904
886 5253 978 5302 retorta
990 5249 1014 5300 L
1028 5251 1062 5301 M
1178 5249 1228 5302 907
1253 5253 1325 5301 Haec
1345 5255 1436 5314 captus
1454 5248 1609 5312 acipitcrque
1622 5246 1648 5296 P
1741 5248 1830 5297 lictore
1847 5244 1872 5294 P
1992 5243 2048 5298 908
2073 5267 2152 5304 anne
2167 5254 2196 5304 P

513 5334 565 5388 909
583 5352 644 5403 aepq
661 5337 740 5387 laram
752 5334 786 5385 M
878 5331 930 5384 912
948 5343 1022 5386 toruo
1040 5354 1108 5387 corr.
1127 5353 1161 5387 ua
1173 5337 1198 5385 P
1265 5339 1333 5387 fuere
1347 5335 1371 5384 L
1456 5331 1508 5383 913
1526 5334 1591 5383 Nom
1603 5333 1630 5382 P
1696 5333 1770 5383 inobs
1779 5331 1812 5381 M
1819 5330 1844 5380 P
1944 5327 1998 5381 914
2017 5335 2150 5390 Addictis
2166 5341 2194 5390 P

512 5419 674 5482 91511111,
700 5422 751 5471 Am
768 5419 794 5470 P
917 5417 968 5470 917
987 5422 1107 5487 Quotque
1125 5421 1149 5470 L
1291 5418 1343 5471 918
1361 5420 1480 5483 Quotque
1496 5417 1521 5467 L
1657 5415 1709 5468 919
1731 5419 1777 5468 Far
1802 5413 1906 5467 lurorM
1923 5413 1950 5464 P
2058 5430 2147 5488 ecque
2166 5427 2192 5477 L

512 5505 565 5558 920
583 5507 679 5573 rarapit
696 5515 773 5571 atque
791 5506 862 5571 depit
876 5505 909 5555 M
1020 5504 1071 5558 923
1089 5507 1195 5558 uincula
1210 5506 1235 5556 P
1345 5502 1398 5554 925
1416 5521 1497 5568 quum
1510 5500 1569 5551 LP
1678 5501 1730 5552 928
1748 5504 1792 5553 1110
1811 5500 1912 5552 serendo
1923 5497 1948 5546 P

581 5639 678 5706 1)00.
702 5641 762 5693 Art.
788 5642 849 5692 Ara.
873 5641 931 5702 ΙΙΙ,
962 5639 1012 5691 748
1037 5641 1109 5692 fessa
1133 5641 1240 5702 carium
1269 5641 1336 5694 Met.
1361 5637 1417 5702 XI,
1434 5635 1492 5688 393.
1580 5637 1669 5704 210Ῑὶ
1693 5651 1779 5704 supro
1799 5633 1987 5704 [1405112.
2083 5642 2116 5710 3)
2139 5647 2193 5702 00,

511 5727 577 5780 Met.
599 5723 724 5786 x1‚352
742 5725 827 5777 litora
846 5739 941 5775 curva.
