4598 6414
1052 409 1259 466 THEODULFI
1279 411 1454 466 CARMINA.

704 606 743 645 see
801 584 907 671 Virga
928 585 997 651 abit
1018 585 1052 648 in
1075 585 1256 666 colubrum,
1279 583 1365 651 redit
1386 585 1464 651 hinc
1487 585 1521 650 in
1543 584 1657 672 virgea
1670 585 1826 666 membra,

880 687 1029 754 Christus
1052 690 1078 753 it
1100 688 1134 752 in
1155 695 1304 770 mortem,
1327 690 1422 754 rivus
1445 689 1578 755 atinde
1601 689 1696 755 redit.

799 791 904 878 Virga
925 799 1123 879 potestatem
1146 793 1264 878 signat,
1287 800 1489 879 mortemque
1512 793 1697 879 chelydrus,

885 896 973 961 Hinc
996 896 1081 962 bene
1105 897 1285 962 succedunt
1306 897 1371 962 ista
1391 899 1446 962 rel
1466 898 1524 962 illa
1547 897 1621 962 sibi.

799 999 926 1064 Dividit
947 1000 1006 1064 illa
1028 1000 1144 1082 solum,
1167 1001 1296 1087 peragit
1318 1023 1378 1066 seu
1401 1000 1495 1086 signa
1516 999 1675 1088 pavenda,

703 1124 742 1164 ao
888 1102 994 1178 Quam
1017 1103 1140 1168 retines
1162 1104 1256 1190 legis,
1279 1105 1400 1189 inclyte
1422 1103 1527 1184 Mose,
1550 1109 1639 1190 typo.

799 1205 962 1271 Convenit
984 1213 1019 1272 et
1039 1207 1152 1271 mortis
1175 1213 1273 1292 queat
1294 1215 1332 1272 ut
1353 1215 1484 1293 gestare
1506 1207 1643 1293 figuram

882 1309 1038 1396 Serpens,
1062 1308 1150 1395 quod
1170 1331 1230 1397 per
1252 1332 1327 1376 eum
1349 1332 1437 1376 mors
1460 1310 1634 1378 maledicta
1656 1310 1754 1378 subit.

813 1412 906 1488 Quae
929 1435 990 1500 per
1010 1419 1104 1500 prata
1125 1435 1241 1500 parum
1262 1414 1425 1494 vitiorum,
1448 1414 1553 1494 Musa,
1575 1415 1704 1496 measti,

880 1515 1025 1603 Tempus
1048 1517 1152 1599 adest,
1175 1517 1238 1582 isto
1262 1518 1367 1582 sistito
1389 1517 1455 1583 fine
1477 1516 1613 1604 gradum
1624 1520 1646 1582 ¹.

1237 1977 1282 2041 ΙΙ.

797 2094 920 2170 Quarto
942 2096 1085 2178 libelle²,
1107 2097 1212 2163 tribus
1234 2099 1300 2162 iam
1321 2118 1408 2162 nunc
1430 2096 1571 2163 succede
1593 2097 1748 2184 peractis,

877 2199 1036 2265 Praevius
1061 2207 1095 2265 et
1117 2200 1254 2264 fratrum
1277 2220 1341 2285 quo
1365 2206 1461 2265 vocat
1483 2200 1573 2281 ordo,
1595 2201 1679 2266 subi.

796 2303 935 2368 Famina
956 2305 1012 2390 qui
1034 2305 1145 2386 mutis,
1168 2303 1224 2388 qui
1246 2301 1302 2367 dat
1324 2303 1466 2388 vestigia
1489 2302 1613 2368 claudis
1624 2304 1646 2384 ³,

880 2404 945 2480 Qui
966 2407 1018 2471 his
1041 2406 1117 2472 tulit
1140 2407 1310 2488 auxilium,
1333 2405 1387 2470 hic
1409 2406 1479 2488 tibi,
1501 2428 1614 2494 posce,
1637 2406 1730 2472 serat.

728 2532 740 2569 e
797 2510 861 2575 His
884 2510 1040 2596 generale
1063 2509 1125 2575 suit
1147 2508 1349 2576 fundendum
1371 2509 1491 2595 dogma
1512 2532 1572 2596 per
1594 2531 1718 2590 omnes,

879 2613 943 2678 Ast
966 2635 1048 2701 opus
1071 2612 1159 2678 istud
1182 2614 1244 2678 erit
1268 2613 1335 2678 iam
1357 2614 1501 2700 speciale
1524 2613 1594 2678 tibi.

795 2717 924 2782 Primus
946 2717 1047 2783 habet
1069 2724 1203 2782 sanctae
1226 2716 1386 2802 quaedam
1409 2717 1605 2783 documenta
1626 2717 1713 2797 fidei,

877 2821 1011 2908 Resque
1032 2823 1151 2908 quibus
1180 2829 1277 2888 notus
1299 2830 1351 2888 est
1372 2823 1446 2911 pius
1469 2825 1541 2890 eius
1563 2847 1659 2912 apex.

796 2924 869 3000 Quo
893 2927 937 2991 sit
958 2925 1110 2991 habenda
1131 2926 1227 2991 modo
1250 2926 1394 2992 breviter
1417 2928 1504 2992 canit
1526 2928 1598 3015 ipsa
1619 2928 1794 3010 secundus,

716 3051 740 3090 ιο
883 3026 975 3102 Quae
997 3030 1070 3094 loca
1093 3030 1158 3094 sint
1181 3028 1342 3116 reprobis,
1366 3051 1491 3115 quaeve
1513 3038 1628 3118 parata
1650 3033 1722 3118 piis.

797 3131 929 3199 Tertius
952 3132 1115 3199 horrenda
1138 3134 1262 3199 bellum
1285 3155 1358 3198 cum
1381 3141 1481 3218 gente
1504 3134 1685 3220 gerendum

877 3235 1016 3318 Edocet,
1038 3242 1072 3302 et
1095 3237 1201 3312 socios
1224 3255 1288 3322 qua
1309 3238 1398 3301 salet
1420 3244 1524 3302 armat
1546 3259 1618 3324 ope.

794 3337 988 3406 Fundamen
1009 3338 1096 3421 fidei,
1120 3339 1264 3406 fabricae
1288 3339 1491 3405 incrementa
1513 3340 1661 3417 salubris,

880 3444 926 3509 Hi
947 3445 1034 3511 bene
1058 3451 1268 3531 componunt,
1292 3443 1371 3509 dant
1393 3445 1448 3531 pia
1471 3446 1543 3510 iura
1564 3447 1648 3511 loco.

713 3568 738 3608 u
798 3546 973 3612 Obsistuut
994 3547 1094 3628 vitiis,
1118 3547 1207 3613 eires
1227 3547 1404 3612 virtutibus
1428 3555 1564 3629 armant,

878 3649 1150 3738 Componuntque
1173 3650 1289 3716 urbem
1312 3651 1426 3732 milite,
1449 3652 1534 3737 lege,
1558 3651 1632 3717 fide.

795 3753 873 3840 Ipse
897 3755 1085 3820 sacerdotes
1108 3753 1150 3819 ad
1172 3755 1302 3820 moenia
1324 3760 1436 3819 nostra
1457 3761 1583 3837 vocato,

878 3857 1070 3944 Horamque
1094 3858 1244 3942 obsequii
1269 3859 1311 3923 sit
1334 3859 1395 3923 tibi
1418 3879 1496 3923 cura
1518 3859 1575 3945 pii.

795 3961 922 4026 Horum
944 3968 976 4027 te
1000 3962 1142 4048 primum
1165 3961 1304 4047 genibus
1327 3969 1492 4049 prostrare
1515 3969 1689 4044 memento,

712 4087 738 4124 eo
880 4063 926 4128 Ut
948 4062 1164 4144 benedicaris,
1187 4086 1327 4130 cernuus
1351 4065 1427 4131 iude
1451 4087 1542 4151 roga.

795 4166 877 4232 Oum
900 4166 1001 4232 fueris
1025 4168 1147 4232 sanctis
1170 4168 1321 4234 manibus
1344 4170 1542 4255 gremiisque
1566 4177 1728 4256 receptus,

878 4269 997 4335 Oribus
1021 4278 1055 4336 et
1078 4272 1170 4337 collis
1195 4273 1307 4336 oscula
1329 4271 1440 4338 ferre‘
1461 4295 1549 4359 para.

795 4374 917 4439 Oscula
940 4395 1014 4439 cum
1035 4372 1197 4455 dederint,
1220 4376 1361 4461 supplex
1384 4382 1494 4441 tamen
1517 4377 1630 4441 oscula
1653 4397 1745 4440 sume
1756 4377 1778 4456 ⁵,

878 4476 991 4562 Teque
1014 4475 1205 4542 locuturum¹
1223 4479 1350 4544 scilicet
1372 4500 1446 4544 csse
1471 4500 1562 4545 cane.

711 4601 738 4640 es
795 4579 842 4644 At
863 4579 924 4644 tibi
946 4600 1019 4644 cum
1042 4579 1141 4645 suerit
1164 4601 1321 4647 concessa
1342 4582 1476 4647 licentia
1497 4581 1597 4663 sandi,

873 4681 1007 4748 Excusa
1028 4691 1206 4767 auctorem,
1230 4707 1293 4770 qua
1315 4693 1421 4772 potes,
1444 4707 1548 4770 usque
1571 4693 1673 4766 tuum,

724 4837 728 4844 .
793 4785 888 4862 Quod
911 4807 980 4852 rem
1004 4808 1200 4872 congressus
1224 4810 1288 4854 uon
1313 4790 1374 4854 sim
1397 4791 1591 4855 temerarius
1615 4790 1720 4871 istam,

875 4888 971 4955 Mens
994 4911 1056 4956 nec
1079 4893 1322 4978 praesumptrix
1345 4901 1441 4978 cogat
1463 4892 1504 4958 ad
1526 4892 1614 4957 istud
1636 4914 1729 4979 opus.

986 5034 1043 5039 -,-
1063 5035 1558 5043 —---———--—-.--...-----‹..-
1571 5035 1661 5042 .-.,....
1681 5036 1974 5043 -v--—.-——-.-.--—-

497 5117 544 5187 [11]
563 5137 594 5173 ea
611 5120 669 5172 edit.
689 5117 822 5171 Simondi
835 5136 864 5184 p.
882 5113 935 5168 237
953 5118 970 5169 t.
989 5119 1012 5168 V
1030 5135 1050 5169 c.
1069 5120 1107 5170 ΙΙΙ
1125 5120 1274 5172 Paraenesis
1291 5120 1323 5171 ad
1341 5121 1481 5188 episcopos.

530 5272 557 5341 1)
577 5271 625 5327 Oa.
643 5271 699 5342 Ep.
719 5269 872 5334 x111‚102
890 5269 957 5324 siste
974 5269 1100 5340 gradum.
1180 5272 1208 5340 2)
1231 5271 1342 5326 Partem
1360 5272 1430 5326 banc
1445 5274 1537 5343 operas
1553 5273 1600 5328 eni
1616 5271 1787 5340 ibecdutsas
1800 5272 1832 5326 in
1844 5273 1964 5342 quatuor
1976 5269 2082 5326 libatae

425 5373 568 5440 diuiserat,
594 5390 710 5446 qaenam
734 5373 837 5442 strepuit
861 5373 929 5442 qnid
951 5375 1131 5439 continerent,
1155 5373 1235 5428 initio
1258 5375 1353 5443 quarti
1375 5391 1449 5430 nnnc
1470 5376 1598 5446 explicat.
1628 5377 1690 5432 ΧΕπσ
1710 5375 1755 5431 trie
1781 5379 1901 5446 quotuor
1917 5373 2006 5444 peina
2023 5373 2081 5428 dno

425 5477 618 5534 onerantur
636 5493 697 5532 oum
710 5478 793 5547 porte
811 5474 892 5530 tertii.
933 5475 1020 5530 Tertii
1041 5475 1110 5530 enim
1123 5493 1196 5547 pars
1208 5478 1309 5544 altero,
1334 5477 1433 5548 opinor
1445 5497 1478 5534 en
1490 5485 1531 5535 eat
1543 5497 1613 5550 qnae
1625 5481 1658 5534 de
1670 5481 1800 5550 conflicta
1812 5479 1941 5534 vitiorum
1949 5477 2081 5548 montrera

425 5582 579 5638 antecessit.
590 5583 620 5636 S.
690 5580 718 5648 3)
736 5578 827 5634 Sedet.
841 5578 929 5632 Germ.
944 5578 1040 5648 pascu.
1054 5579 1107 5643 IV,
1116 5579 1149 5632 41
1170 5579 1289 5634 Lumina
1307 5583 1427 5636 caecatis
1445 5583 1524 5638 dedit
1541 5587 1570 5638 et
1588 5583 1708 5654 vestigia
1725 5583 1839 5638 claudis.
1902 5583 1930 5650 4)
1950 5583 1998 5636 Oc.
2017 5583 2080 5638 Art.

425 5685 484 5738 Ano.
507 5684 612 5750 11,325
630 5684 725 5737 oscula
743 5683 821 5737 terre.
892 5681 919 5748 5)
938 5681 975 5736 eb.
994 5684 1017 5748 I,
1027 5681 1077 5735 664
1095 5700 1150 5736 non
1170 5683 1237 5737 data
1255 5703 1332 5740 sume
1350 5689 1446 5742 tamen
1466 5690 1515 5754 (sc.
1535 5689 1648 5755 osculo).
