4574 6442
863 504 869 524 ,
889 461 1039 514 PAULINI
1058 458 1307 526 serranianus
1326 457 1491 511 Cilllhller
1512 456 1630 510 neam.

864 633 1044 718 ll.Ipsius,
1068 634 1192 718 inquid,
1217 640 1315 710 tuam,
1341 639 1455 695 sancta
1477 629 1630 714 genitrix,

925 737 1079 801 transibit
1101 737 1185 800 ictus
1209 735 1309 819 gladii
1332 756 1392 820 per
1414 733 1580 798 animam':

927 839 1080 903 servabat
1103 849 1193 903 casto
1216 838 1354 922 mystica
1377 835 1437 899 sub
1461 845 1597 920 pectore

925 942 1029 1006 Maria
1052 944 1152 1007 verba
1175 942 1348 1006 conferens
1371 939 1524 1002 alacriter

930 1046 1026 1109 dictis
1051 1046 1201 1132 supernis
1226 1043 1359 1109 credula
1382 1041 1533 1106 fideliter.
1626 1031 1627 1034 ¹

866 1181 1025 1246 lanoso
1047 1184 1090 1246 sit
1111 1182 1197 1267 patri
1220 1181 1460 1266 perimmensa
1483 1179 1615 1242 saecula

928 1291 961 1347 et
984 1284 1061 1348 Iesu
1085 1284 1216 1349 Christo
1240 1284 1340 1368 patris
1364 1281 1532 1365 unigenito

929 1386 1028 1450 decus
1052 1393 1199 1472 potestas
1223 1387 1325 1448 vlrtus
1347 1405 1447 1468 super
1471 1382 1605 1446 aethera

929 1499 1041 1552 sancto
1064 1511 1123 1574 per
1146 1511 1241 1552 omne
1265 1488 1412 1552 seculum
1436 1485 1594 1571 paraclito

930 1593 1001 1656 laus
1025 1592 1160 1670 infinita,
1184 1592 1289 1654 honor
1311 1600 1344 1654 ot
1367 1590 1548 1674 imperium.
1573 1588 1688 1651 Amen.

1213 1934 1309 2000 VIII.

463 2059 488 2117 1.
502 2054 571 2117 Iani
585 2075 670 2118 nunc
684 2077 743 2140 per
755 2056 1250 2140 omneluxrefulgetsaeeulum,
1278 2061 1307 2122 6.
1323 2057 1445 2120 Christi
1468 2056 1590 2119 dicavit
1613 2073 1686 2117 mox
1711 2052 1756 2115 ibi
1779 2050 1962 2116 ecelesiam,

506 2159 563 2221 lux
586 2158 642 2220 illa
665 2160 776 2242 patris,
800 2180 884 2242 quae
908 2160 996 2222 lucet
1019 2158 1059 2223 de
1083 2161 1175 2239 solio,
1322 2182 1396 2224 nam
1419 2159 1664 2223 fundamentum
1687 2155 1763 2218 Iidei
1786 2152 1997 2217 fortissimum

505 2281 588 2345 quae
612 2261 696 2340 fons,
721 2262 823 2344 origo,
848 2261 1003 2346 splendor
1024 2262 1106 2326 lucis
1130 2284 1250 2327 aureae
1321 2264 1438 2327 fixerat
1460 2284 1559 2327 unum
1583 2268 1708 2345 petram
1731 2278 1830 2342 super
1850 2252 2028 2338 limpidam.

504 2363 694 2448 habensque
718 2386 849 2448 semper
872 2365 981 2427 lumen
1004 2364 1196 2428 indeficiens
1322 2356 2095 2451 quamflumenundans.nccventorumfulmina

504 2467 631 2530 eaelum
655 2474 787 2530 serenat
809 2489 924 2531 arcens
952 2467 1064 2532 mundi
1087 2467 1251 2532 tenebras.
1322 2490 1477 2553 quassare
1501 2473 1651 2553 possunt.
1676 2467 1837 2528 torrentes
1860 2481 1919 2524 nec
1947 2460 2094 2545 pluviae.

460 2606 489 2664 2.
501 2601 610 2665 Huius
634 2611 761 2666 sacrato
784 2603 867 2666 lucis
891 2601 931 2666 dc
954 2603 1134 2668 vibramine
1279 2609 1306 2667 7.
1319 2604 1447 2668 Deinde
1472 2624 1582 2666 rursus
1607 2623 1680 2667 curn
1704 2621 1824 2664 corona
1847 2618 2008 2674 remeans,

506 2705 651 2789 suscepit
673 2707 795 2769 almum
819 2705 944 2769 radium
969 2708 1030 2770 sub
1054 2715 1187 2792 pectore
1321 2707 1445 2770 athleta
1468 2704 1590 2769 Christi
1614 2713 1743 2788 compta
1766 2701 1907 2787 pulchris
1930 2699 2018 2762 liliis.

505 2805 636 2869 Marcus
660 2807 777 2872 heatus
800 2808 914 2872 doctor
937 2811 1159 2894 euangelicos,
1320 2810 1522 2892 mixtumque
1545 2808 1672 2893 palmis,
1695 2807 1787 2869 lauro
1810 2811 1908 2887 atque
1931 2800 2053 2864 rosulis

504 2909 609 2973 sactus
633 2909 767 2973 lucerna
790 2932 879 2975 more
902 2913 983 2976 tanti
1006 2913 1147 2976 luminis
1320 2911 1471 2997 portabat
1495 2909 1641 2994 gaudens
1664 2907 1825 2994 dyadema
1847 2905 1980 2984 vertice,

504 3010 623 3076 ardens
647 3010 773 3096 fugavit
797 3014 919 3077 saeculi
943 3015 1126 3099 caliginem.
1320 3015 1488 3097 ingressus
1505 3013 1621 3077 urbem
1636 3013 1774 3078 Romam
1791 3009 1919 3073 Christo
1937 3007 2072 3071 comite.

462 3153 492 3213 3.
507 3150 642 3235 Septem
667 3149 848 3235 columpnis
871 3171 937 3214 una
959 3150 999 3214 dc
1022 3150 1214 3232 candidulis,
1277 3155 1307 3214 8.
1320 3149 1383 3212 His
1406 3150 1452 3213 ita
1475 3151 1578 3234 gestis
1602 3151 1710 3236 pergit
1732 3146 1965 3214 Alexandriam

504 3253 613 3317 aureis
637 3259 765 3337 septem
788 3274 887 3316 unum
910 3253 950 3317 dc
974 3253 1178 3332 candelabris
1321 3261 1433 3316 sancto
1457 3252 1602 3337 repletus
1626 3253 1752 3337 spiritu,
1774 3250 1972 3316 laetissimos

504 3357 671 3439 cingitque
696 3361 798 3418 toturn
821 3355 976 3419 mundum
1000 3358 1088 3420 claro
1112 3356 1229 3441 sydera
1320 3357 1403 3418 fines
1427 3377 1485 3440 per
1508 3377 1621 3421 omnes
1645 3357 1766 3439 iugiter
1788 3351 2019 3437 Memphiticos

504 3459 716 3522 ecclesiarum
740 3458 853 3521 nititur
876 3459 935 3522 sub
958 3459 1109 3532 culmine,
1320 3459 1422 3544 patris
1447 3458 1607 3523 tremendi
1630 3457 1839 3544 praedicabat
1859 3454 1991 3518 unleum

443 3565 450 3570 ’
505 3566 667 3625 sustentat
690 3561 776 3625 altae
798 3560 1010 3626 fundamenta
1030 3562 1186 3626 fabricae.
1320 3563 1449 3626 venisse
1473 3563 1584 3626 mundi
1607 3584 1665 3647 pro
1689 3561 1793 3625 salute
1816 3558 1927 3623 filium.

461 3703 489 3761 I.
503 3697 667 3770 Quantum
685 3696 770 3782 quod
786 3698 863 3762 olim
880 3697 1006 3762 viderat
1019 3698 1235 3762 IIiezechihel
1278 3702 1307 3761 9.
1321 3698 1432 3762 Turba
1455 3698 1597 3762 crudelis
1621 3697 1742 3762 Christi
1766 3696 1852 3759 eirea
1873 3694 2012 3758 militem

502 3799 665 3884 propheta
688 3807 833 3874 sanctus,
852 3801 971 3865 animal
995 3802 1211 3865 laetissimum
1319 3808 1448 3865 tumens
1472 3801 1610 3886 parabat
1633 3807 1867 3864 tormentorum
1889 3797 2028 3881 spicula,

504 3901 583 3964 vidit
606 3901 768 3966 Iohannes
793 3925 852 3966 seu
875 3902 998 3968 Christi
1022 3903 1198 3977 recubitor,
1320 3904 1444 3967 vincxit
1467 3905 1601 3983 eatenis,
1626 3903 1787 3967 transfixit
1809 3900 1932 3965 aculeis

504 4004 609 4067 leonis
632 4004 695 4068 hoc
718 4011 752 4068 et
775 4005 874 4090 tipice
899 4007 958 4070 sub
983 4007 1094 4091 speeie
1320 4005 1506 4070 dilaniando
1532 4007 1641 4091 flagris
1665 4013 1777 4070 sancta
1799 4005 1933 4082 viscera,

502 4108 643 4171 clamore
667 4107 768 4170 multo
791 4108 1005 4192 perdeserta
1027 4107 1190 4173 frendere.
1322 4111 1463 4175 carceris
1485 4110 1618 4174 umbras
1642 4109 1731 4172 misit
1752 4107 1793 4172 ad
1816 4105 2057 4192 phantasticas.

462 4248 490 4304 5.
505 4243 559 4306 Sic
582 4265 602 4306 a
623 4243 721 4307 beato
744 4244 845 4308 Petro
868 4247 987 4310 missus
1010 4245 1090 4310 adiit
1260 4247 1450 4312 IltPrimus
1474 4246 1605 4331 superni
1627 4245 1766 4310 nominis
1788 4243 1937 4308 notitiam

502 4346 750 4431 Aquileiensem
773 4347 894 4412 dudum
917 4350 1168 4413 famosissimam
1319 4349 1409 4413 dedit
1431 4351 1465 4412 in
1487 4348 1600 4413 urbem
1623 4349 1752 4412 Marcus
1774 4343 2026 4425 Alexandriam,

504 4448 627 4528 urbem,
652 4451 771 4513 sacrati
793 4453 882 4516 verbi
905 4452 1098 4537 pullulantia
1320 4451 1442 4516 Christi
1466 4451 1585 4516 dicavit
1607 4474 1684 4515 mox
1706 4451 1752 4514 ibi
1773 4449 1953 4526 basilicam,

504 4551 730 4615 disseminavit
754 4560 888 4638 satoque
913 4555 1115 4640 centuplices
1319 4576 1416 4638 quam
1440 4556 1585 4640 expiavit
1607 4555 1749 4640 pretioso
1773 4551 1941 4635 sanguIne,

502 4655 627 4718 fruetus
650 4652 691 4716 ad
714 4654 781 4718 alta
804 4658 895 4720 vexit
918 4656 999 4720 felix
1022 4656 1150 4720 horrea.
1320 4659 1454 4722 vallavit
1477 4660 1582 4722 almae
1604 4658 1680 4722 fidei
1702 4656 1890 4722 munimine.

906 4795 954 4856 ll.
968 4793 1082 4857 Gloria
1104 4794 1200 4879 patri,
1224 4793 1326 4857 decus
1351 4802 1383 4858 et
1405 4795 1578 4880 imperium

965 4896 1017 4971 sit,
1041 4904 1130 4976 nate,
1155 4917 1286 4981 semper
1309 4896 1367 4959 tibi
1392 4919 1492 4983 super
1514 4896 1641 4982 sydera,

965 4997 1080 5078 honor,
1103 5006 1253 5084 potestas
1278 5008 1454 5082 sanctoque
1478 4999 1616 5084 spiritui,

967 5101 1008 5163 sit
1031 5102 1184 5165 trinitatis
1209 5103 1311 5165 virtus
1334 5100 1520 5165 individuae

966 5223 1026 5285 per
1049 5203 1173 5267 inlinita
1197 5205 1380 5267 seculorum
1402 5205 1512 5267 secula
1558 5203 1673 5266 Amen.

546 5359 740 5365 ——.—--.-
766 5359 1105 5368 ——h-ss-——b‘
1534 5361 1665 5368 ,—--—-,
1684 5363 1713 5366 -
1730 5357 1906 5364 ——,.-..-
1921 5357 1970 5362 .-.-

541 5457 597 5522 11,1
619 5461 700 5526 Ipsius
718 5475 776 5508 acea
795 5457 833 5508 erl.
973 5459 1032 5524 ll‚2
1051 5481 1095 5528 per
1107 5462 1250 5513 nimiamV
1387 5461 1445 5526 ll‚3
1462 5464 1513 5513 alta
1532 5463 1688 5527 rnysticoerl.
1796 5456 1851 5522 12,l
1870 5457 1958 5508 Gloria
1974 5465 2104 5525 patriast.

439 5545 497 5593 lesu
515 5547 601 5610 magni
619 5544 730 5595 nominis
753 5543 792 5592 erl.
897 5543 956 5607 122
974 5553 999 5595 et
1022 5547 1068 5596 tibi
1086 5556 1144 5598 nate
1162 5549 1201 5597 ed.
1219 5549 1352 5612 unigenite
1369 5547 1408 5596 ed.
1514 5544 1572 5610 123
1590 5547 1653 5597 deus
1671 5547 1710 5596 erl.

507 5626 591 5696 [vlu]
636 5633 699 5682 Item
726 5629 784 5678 inde
809 5627 832 5674 V
840 5631 865 5692 f.
878 5626 910 5678 va
1049 5631 1090 5696 1‚3
1117 5634 1275 5698 splendorem
1302 5632 1324 5680 V
1458 5629 1501 5696 52
1518 5633 1674 5696 orpuileIense
1701 5631 1723 5680 l'
1856 5627 1899 5694 5,3
1916 5641 1973 5682 sato
1997 5655 2055 5704 quo
2085 5641 2111 5690 V

437 5711 621 5779 l,2athletaV
720 5711 778 5778 10,4
797 5715 947 5780 sanguirrcrn
964 5715 989 5764 V
1090 5717 1148 5784 lup
1165 5716 1271 5770 almaV
1373 5715 1430 5780 ll,4
1449 5716 1554 5768 trinitati
1573 5717 1612 5767 erl.
