4694 6428
957 467 958 470 Ἴ
1034 396 1184 453 ALCUlNl
1202 395 1377 452 cunnum.

1160 673 1254 738 XXI.

748 813 985 899 Theophilacte
1008 819 1102 900 pater
1112 815 1134 890 ¹,
1158 813 1293 899 sophiae
1316 820 1352 877 tu
1375 813 1491 878 doctor
1511 815 1678 890 honestus,

830 915 999 981 Laudibus
1023 916 1167 1000 egregiis
1191 916 1297 980 clarus
1321 917 1354 979 in
1380 916 1459 980 orbe
1483 919 1607 1002 procul,

748 1021 787 1084 In
811 1041 912 1104 regno
935 1039 1074 1104 magnus
1097 1020 1263 1084 caelorum
1288 1019 1396 1084 scriba
1418 1019 1551 1101 videris,

833 1123 930 1189 Dona
953 1125 1001 1188 tui
1023 1122 1130 1188 cordis
1156 1130 1231 1188 sunt
1253 1143 1338 1187 nova
1360 1123 1413 1187 vel
1438 1131 1560 1188 vetera.

681 1249 693 1286 a
750 1227 848 1301 Urbs,
872 1235 970 1313 caput
993 1228 1091 1307 orbis,
1115 1227 1214 1290 habet
1237 1233 1270 1289 te
1293 1226 1436 1291 maxima
1451 1227 1557 1291 Roma
1578 1227 1780 1311 magistrum,

833 1331 943 1395 Verba
966 1331 1082 1395 salutis
1105 1329 1207 1394 habes
1232 1351 1362 1416 semper
1385 1331 1418 1393 in
1443 1352 1499 1394 ore
1523 1338 1588 1395 tuo.

752 1435 912 1500 Omnibus
936 1455 971 1498 es
995 1435 1084 1498 mitis
1109 1443 1222 1498 sancta
1245 1435 1369 1520 pietate
1393 1435 1559 1518 magistra.

835 1535 927 1610 Quae
952 1538 1036 1601 solet
1060 1537 1230 1621 egregium
1253 1558 1308 1600 cor
1332 1537 1480 1600 habitare
1503 1544 1604 1601 tuum.

752 1640 792 1704 In
814 1662 878 1726 qua
901 1661 1029 1724 meque,
1053 1661 1180 1726 precor,
1204 1641 1329 1724 gremio
1353 1641 1499 1705 caritatis
1523 1642 1672 1722 amicum,

672 1766 695 1802 ro
840 1743 909 1807 Sim
932 1744 1009 1808 lieet
1032 1745 1174 1828 ignotus,
1198 1745 1328 1830 suscipe
1353 1751 1476 1822 sancte,
1499 1744 1570 1808 tibi.

755 1847 839 1911 Nam
863 1847 1023 1933 scriptura
1046 1849 1134 1912 canit
1156 1869 1235 1912 vero
1260 1847 1484 1934 paradigmate
1509 1855 1623 1912 sancta

838 1949 1001 2024 Carmine,
1025 1971 1110 2035 quac
1134 1950 1249 2015 laudes
1273 1951 1482 2015 concelebrat
1505 1952 1654 2038 sophiae.

755 2055 809 2120 Sic
831 2075 936 2119 novus
959 2061 995 2118 ut
1018 2063 1159 2119 mustum
1184 2063 1293 2120 tecum
1318 2063 1502 2119 veterascat
1524 2055 1659 2134 amicus,

840 2156 894 2222 Sic
917 2157 978 2222 hoc
1001 2157 1095 2221 dulce
1119 2157 1217 2236 bibis,
1240 2157 1346 2221 dulcis
1369 2159 1492 2222 amicus
1516 2159 1609 2222 erit².

673 2281 697 2316 1s
754 2257 895 2323 Dixerat
919 2267 952 2323 et
973 2259 1107 2340 Paulus,
1130 2260 1245 2323 doctor
1269 2261 1471 2326 clarissimus
1496 2261 1622 2325 orbis³2

838 2362 975 2427 ‘Cuncta
998 2364 1133 2449 probate
1156 2365 1256 2449 prius,
1280 2385 1428 2450 quaeque
1453 2372 1563 2430 tenete
1587 2365 1694 2429 bona)

754 2465 900 2530 Obsecro
924 2473 957 2530 te
981 2467 1132 2552 supplex,
1157 2467 1264 2530 animo
1288 2489 1340 2532 me
1365 2489 1520 2553 spernere
1544 2468 1620 2546 noli,

840 2567 906 2632 Sed
929 2568 1026 2632 solita
1048 2568 1181 2632 fratrem
1206 2590 1258 2632 me
1282 2570 1406 2655 pietate
1431 2571 1544 2655 proba.

755 2671 865 2754 Larga
886 2669 1018 2754 quidem
1042 2671 1161 2734 caritas
1186 2671 1308 2736 Christi
1332 2674 1418 2738 solet
1441 2695 1514 2738 esse
1537 2695 1597 2759 per
1618 2674 1741 2750 orbem,

675 2794 700 2832 ao
845 2773 885 2837 In
908 2774 1068 2858 gremium
1092 2776 1211 2838 multos
1235 2777 1495 2860 congregatille
1519 2798 1621 2841 suum.

757 2875 820 2950 Qui
843 2877 876 2940 in
900 2878 1037 2941 caritate
1060 2885 1181 2950 manet,
1204 2879 1368 2964 portatio
1392 2886 1527 2964 pectore
1551 2879 1725 2958 Christum,

839 2979 928 3044 Vera
951 2981 1084 3065 quidem
1108 2982 1229 3045 caritas
1254 2988 1305 3045 est
1327 2981 1409 3046 deus
1433 2983 1649 3068 omnipotens

758 3083 821 3158 Qui
843 3084 1000 3170 prodesse
1024 3091 1142 3170 potest,
1166 3106 1230 3148 non
1255 3093 1305 3148 est
1329 3086 1533 3171 spernendus
1556 3087 1692 3166 amicus,

774 3179 781 3193 ’
838 3188 904 3252 Vel
926 3187 1084 3273 prodesse
1108 3190 1197 3252 valet
1220 3189 1304 3252 alter
1326 3190 1449 3253 amicus
1474 3191 1516 3269 ei,

673 3314 698 3350 ss
756 3291 885 3356 Profuit
906 3297 943 3355 ut
966 3290 1116 3355 Christus
1140 3292 1204 3354 iam
1228 3293 1363 3356 vulnera
1386 3293 1457 3356 dira
1480 3293 1626 3378 gementi

840 3393 880 3457 Iu
903 3415 1014 3459 curam
1038 3415 1187 3458 nummos
1212 3395 1347 3481 protulit
1370 3403 1467 3479 atque
1491 3394 1604 3459 duos&

757 3495 830 3560 Hae
853 3497 986 3582 pietate,
1011 3519 1136 3583 precor,
1158 3518 1211 3561 me
1236 3504 1272 3563 tu
1295 3497 1354 3561 tibi
1379 3498 1508 3582 suscipe
1532 3496 1676 3564 fratrem.

842 3599 881 3663 In
905 3599 1036 3665 Christo
1060 3600 1178 3664 fratres
1202 3602 1390 3685 gratianos
1415 3601 1539 3685 genuit.

760 3700 890 3766 Suadeo
913 3703 1034 3788 quippe
1059 3703 1130 3783 tibi,
1154 3703 1269 3768 doctor
1291 3705 1470 3768 clarissime
1495 3703 1616 3785 mundi,

675 3826 701 3864 ao
846 3804 892 3868 Ut
914 3803 1064 3869 doctrina
1087 3827 1180 3870 sacro
1204 3813 1313 3871 currat
1336 3807 1377 3870 ab
1401 3827 1457 3870 ore
1481 3813 1547 3870 tuo.

759 3907 893 3972 Cartula
916 3907 1078 3972 scribatur
1100 3908 1197 3989 vitae,
1224 3909 1372 3974 mittatur
1393 3910 1525 3993 ubique,

843 4009 1060 4074 Praetitulata
1082 4011 1136 4096 pio
1159 4013 1293 4077 nomine
1317 4011 1507 4098 apostolico.

905 4202 919 4206 ..
929 4201 992 4206 -,....-
1004 4202 1020 4206 -.
1029 4203 1045 4206 κ
1053 4203 1064 4207 ..
1073 4203 1168 4208 ...u--.m
1180 4201 1948 4211 “w-qmm-——m—

464 4340 544 4407 [XXI]
580 4341 634 4392 siae
651 4340 723 4390 salo
741 4337 767 4388 Ζ
774 4339 801 4404 s.
819 4333 878 4400 221,
900 4335 962 4400 op.
983 4333 1051 4386 1728
1068 4356 1093 4388 u.
1112 4339 1203 4389 CCXV
1309 4338 1322 4388 1
1342 4340 1534 4406 Theopbylacta
1554 4343 1576 4402 t)
1678 4337 1695 4390 3
1714 4356 1823 4404 maguus
1840 4341 1932 4392 claram
1952 4344 1982 4394 in
2003 4347 2072 4396 orbe

393 4429 488 4479 videris
508 4428 530 4489 Q
633 4424 789 4476 ilamictum
807 4422 832 4472 Z
932 4421 964 4472 11
984 4425 1158 4490 paradigmata
1178 4427 1200 4486 Q
1306 4423 1339 4476 13
1356 4427 1430 4477 nobis
1451 4425 1473 4488 (2
1542 4433 1682 4476 veterascet
1702 4427 1724 4487 Q
1827 4423 1861 4475 14
1881 4429 1926 4478 Sic
1946 4429 2073 4493 hodieQ

395 4514 475 4563 hishis
492 4531 559 4564 corr.
579 4512 606 4562 iu
624 4511 691 4562 bibis
710 4510 736 4560 Z
834 4505 870 4560 20
888 4509 1056 4575 cougregauit
1075 4509 1100 4558 Z
1199 4508 1233 4561 23
1250 4512 1363 4578 prodisse
1382 4511 1407 4560 Z
1506 4508 1541 4560 24
1560 4512 1672 4576 prodisse
1690 4510 1715 4560 Z
1779 4513 1880 4562 anneus
1899 4531 1932 4565 co
1949 4515 1982 4578 Q,
2003 4519 2029 4568 ei
2044 4517 2076 4567 F

391 4618 419 4664 p.
431 4596 491 4664 232,
509 4617 539 4650 eo
559 4616 607 4649 our.
620 4597 646 4647 Z
746 4594 781 4646 28
794 4596 861 4647 huuc
878 4613 978 4647 ceram
996 4605 1135 4659 sequ-roma
1152 4597 1180 4646 iu
1193 4598 1218 4646 Z
1231 4599 1321 4649 inclita
1338 4615 1385 4649 nos
1404 4599 1494 4648 iratres
1512 4615 1564 4648 urm
1580 4598 1644 4648 fides
1661 4597 1750 4662 gerruit·
1852 4595 1887 4647 31
1909 4601 2037 4654 mittetur
2048 4605 2076 4654 Z

808 4781 860 4836 Hic
878 4782 961 4835 finem
980 4783 1073 4834 cartae
1092 4781 1214 4836 lacrimis
1232 4781 1365 4836 iaciemus
1383 4781 1496 4844 obortis,

809 4867 863 4922 Sed
881 4885 1034 4936 numquam
1052 4868 1134 4922 finem
1153 4868 1223 4923 sacri
1242 4868 1374 4922 faciemus
1394 4867 1509 4932 amoris3

398 4973 463 5028 Coa.
476 4973 586 5027 Monac.
600 4971 686 5026 19410
699 4973 789 5040 1252:
809 4971 945 5027 Carminis
964 4969 1009 5025 hic
1027 4971 1110 5024 finem
1128 4971 1249 5025 lacrimis
1268 4971 1400 5025 faciemus
1418 4971 1453 5024 ab
1472 4970 1534 5033 oris,

810 5059 924 5114 Pectore
943 5057 991 5112 sed
1009 5074 1162 5126 numquam
1181 5059 1264 5111 finem
1282 5057 1415 5111 faciemus
1433 5057 1469 5110 ab
1488 5057 1555 5119 oris;

397 5161 510 5215 Alesiai
531 5177 573 5230 ep.
585 5160 649 5214 194:
676 5177 746 5229 quas
763 5162 885 5216 lacrimis
903 5162 1007 5216 <batavi
1027 5161 1145 5226 obortis;
1165 5165 1234 5217 Aen.
1252 5161 1314 5225 ΙΙΙ,
1327 5160 1387 5226 492,
1406 5160 1459 5223 IV,
1473 5159 1515 5224 30,
1529 5159 1584 5220 ΧΙ,
1596 5160 1628 5214 41
1648 5157 1768 5212 lacrimis
1786 5157 1827 5210 itu
1844 5159 1925 5213 hatur
1943 5162 2070 5220 obortis.

505 5265 532 5331 1)
564 5265 660 5328 Duos,
691 5266 740 5334 qui
766 5269 884 5336 ternpore
911 5267 1027 5322 Alesiai
1053 5267 1194 5328 amount,
1227 5266 1417 5336 coquoscimuc
1443 5263 1671 5332 Theophyloctes,
1702 5277 1786 5314 saum
1815 5259 2071 5322 bibliothecarium

398 5365 542 5419 Hadriani
563 5367 702 5436 Impar,
730 5369 778 5436 qui
800 5387 826 5423 a.
845 5369 894 5422 781
918 5374 1141 5422 commemoratur
1159 5367 1247 5434 (Mon.
1268 5367 1358 5422 Carol.
1376 5365 1452 5432 213),
1482 5365 1598 5418 warum
1620 5365 1774 5433 episcopum
1797 5361 2071 5439 diocletianisque·

398 5465 511 5536 cynaedia
531 5467 718 5537 Ceolchytmss'
738 5484 763 5522 a.
783 5468 834 5522 786
858 5471 884 5522 et
902 5469 1137 5537 Bhaacofurteass'
1154 5487 1180 5524 a.
1199 5471 1249 5524 794
1267 5471 1374 5539 locotus
1393 5467 1488 5535 adsuit
1505 5466 1596 5536 (Mon.
1615 5466 1724 5520 Alcaco.
1744 5465 1800 5527 155,
1820 5465 1879 5528 156,
1897 5467 1968 5532 365;
1988 5475 2069 5527 Anu.

399 5569 528 5623 Lousios.
547 5570 612 5624 mai.
631 5569 702 5636 794).
776 5571 803 5639 2)
822 5571 911 5624 Eccls'.
929 5572 954 5637 9,
973 5572 1006 5626 15
1024 5572 1128 5628 Vinum
1146 5591 1249 5628 novum
1267 5573 1373 5628 anticus
1391 5589 1492 5626 novus:
1520 5571 1672 5624 remearet
1690 5571 1719 5623 ct
1736 5585 1798 5622 cum
1815 5569 1963 5626 suavitate
1982 5574 2070 5632 bibes

399 5670 479 5726 illud.
548 5671 609 5738 3)1
634 5672 725 5727 Thess.
743 5675 768 5739 5,
786 5675 819 5726 21
839 5673 940 5729 Omnia
959 5679 1054 5730 autem
1072 5677 1201 5748 probate:
1228 5677 1303 5748 quod
1322 5677 1425 5734 bonum
1444 5676 1487 5730 est
1504 5675 1606 5728 tenete.
1677 5673 1704 5740 4)
1722 5671 1790 5726 Lac.
1810 5669 1849 5736 10,
1868 5671 1913 5735 34,
1933 5675 1978 5734 35.
