4612 6414
918 403 994 462 CAP.
1013 404 1098 461 1111-
1108 403 1209 460 XVIII.

602 580 693 656 Quae
717 579 746 647 si
768 581 840 667 quis
864 580 975 667 cupiat
999 579 1175 666 diligenter
1197 580 1282 647 scire
1304 603 1364 668 per
1386 577 1510 663 orbem,

518 705 544 745 ro
601 684 792 751 Praedictas
815 704 955 771 querens
978 684 1043 749 iam
1065 705 1151 750 nuuc
1175 706 1211 751 se
1234 693 1362 772 mergat
1384 687 1418 752 in
1439 685 1556 752 undas.

493 946 560 991 xvir
590 924 651 990 DE
674 924 929 991 FRATRIBUS
946 924 1122 991 OELLAE
1138 924 1229 991 VEL
1244 924 1382 991 OBITU
1396 925 1627 993 PASTORIS.

599 1045 817 1130 Presbiteros‚
845 1047 1022 1113 monachos
1043 1047 1179 1112 fratrum
1202 1047 1425 1132 reliquamque
1449 1047 1627 1130 ohoortem,

601 1150 692 1225 Quos
714 1171 767 1216 ma
790 1171 855 1216 nou
877 1150 1012 1236 dignum
1034 1149 1144 1237 parvis
1167 1151 1331 1216 concessit
1353 1151 1387 1215 iu
1408 1151 1502 1216 annis

600 1253 816 1341 Omnipotens
840 1255 970 1341 genitor
991 1275 1051 1340 per
1073 1255 1177 1320 cellae
1200 1256 1330 1321 moenia
1352 1263 1484 1323 sanctae

601 1355 756 1440 Cernere,
780 1379 862 1443 quos
884 1359 975 1424 miris
999 1359 1194 1423 commirans
1217 1358 1344 1424 actibus
1367 1359 1439 1445 ipse

532 1482 544 1520 s
597 1458 768 1526 ‘Enituisse
793 1483 853 1526 suo
876 1461 1030 1526 confirmo
1053 1468 1200 1549 tempore
1225 1467 1325 1543 certe,

602 1562 692 1637 Quos
716 1564 917 1652 inpeccatis
939 1563 1069 1630 famulis
1092 1565 1219 1630 imitare
1242 1564 1371 1650 negarit

600 1666 696 1732 Vatis
719 1666 825 1733 adhuc
847 1667 1030 1749 modulans,
1053 1667 1184 1734 tandem
1207 1669 1271 1733 iam
1295 1667 1392 1734 credo
1412 1667 1567 1746 futurum,

601 1768 736 1836 Illorum
760 1771 913 1858 precibus
937 1771 1063 1858 capiam
1085 1773 1171 1857 quod
1193 1771 1280 1836 dona
1302 1771 1428 1836 salutis.

602 1875 766 1962 Tempore
790 1877 952 1962 completo
976 1875 1163 1961 praedictus
1187 1897 1324 1961 corpora
1345 1881 1458 1962 pastor

521 1997 545 2036 ιο
601 1977 781 2064 Linquerat
804 1984 838 2044 et
859 1979 1007 2064 requiem
1028 1979 1155 2045 meritis
1177 1979 1337 2065 factisque
1359 1986 1506 2066 paratam

600 2079 794 2174 Ingreditur·
810 2102 933 2147 cuneus
956 2082 1264 2147 nimiaoumulaute
1287 2088 1428 2164 caterva,

600 2182 654 2248 Ad
676 2185 782 2249 crucis
805 2187 958 2252 excelsae
982 2186 1133 2274 princeps
1156 2207 1254 2272 quam
1277 2185 1420 2252 condidit
1442 2185 1525 2272 ipse,

601 2285 781 2373 Adpouunt
805 2288 934 2375 signum
957 2295 1104 2355 sacratae
1127 2290 1275 2355 membra
1298 2290 1409 2375 quieti.

452 2539 453 2542 ’
550 2547 627 2591 xvur
670 2526 731 2591 DE
754 2525 982 2592 VULFSIGO
1006 2525 1273 2592 SAOERDOTE
1296 2526 1354 2592 ΕΤ
1377 2527 1568 2594 ABBATE.

600 2647 771 2713 Presbiter
792 2647 868 2713 huic
892 2646 1003 2713 functo
1026 2646 1133 2713 dictus
1157 2648 1350 2734 cognomine
1372 2648 1505 2735 Vulfsig

600 2749 737 2837 Cogitur
760 2751 920 2816 ecclesiae
941 2751 1094 2837 precibus
1117 2751 1172 2837 pia
1193 2771 1308 2836 regere
1332 2758 1449 2817 costra.

599 2854 726 2919 Abnuit
748 2854 780 2919 in
804 2855 917 2941 primis
941 2860 1064 2921 mestus
1087 2852 1284 2938 humilisque
1308 2853 1471 2936 sacerdos,

601 2956 645 3023 Se
668 2957 738 3024 fore
760 2978 827 3022 non
847 2957 981 3043 dignum
1004 2963 1193 3023 contestans
1215 2956 1361 3043 pondera
1383 2963 1475 3024 tauta

530 3065 541 3103 ⁵
600 3059 749 3142 Sumere,
772 3059 831 3127 sed
853 3062 986 3126 fratrem
1010 3060 1165 3147 precibus
1189 3082 1224 3126 se
1247 3061 1378 3127 vincere
1401 3060 1534 3127 tandem

601 3163 742 3246 Gaudet,
766 3170 801 3229 et
824 3165 984 3230 ecclesiae
1008 3163 1182 3250 gaudentis
1205 3165 1352 3250 regmina
1375 3166 1522 3254 sumpsit.

597 3267 658 3331 Vir
681 3267 743 3332 luit
766 3267 819 3330 hic
841 3266 973 3331 humilis
997 3266 1117 3345 verbis,
1141 3267 1300 3352 factisque
1324 3267 1505 3350 modestus,

567 3403 568 3408 κ
596 3368 736 3457 Saepius
757 3370 791 3434 in
814 3370 967 3455 precibus
990 3369 1122 3434 domino
1144 3371 1199 3456 pia
1220 3371 1367 3437 membra
1389 3371 1538 3438 tetendit.

683 3471 771 3537 Huic
794 3493 867 3558 ego,
892 3471 968 3537 dum
990 3472 1130 3559 primum
1153 3474 1337 3559 praesentis
1359 3476 1489 3540 moenia
1511 3476 1614 3541 cellae

518 3598 543 3635 ιο
599 3576 670 3640 Iam
692 3597 776 3663 puer
797 3575 985 3662 ingrediens
1008 3574 1169 3642 visitando
1193 3597 1325 3664 semper
1346 3577 1492 3660 adhaesi,

597 3677 704 3743 Unius
727 3684 825 3763 atque
849 3678 964 3744 domus
988 3679 1132 3763 requiem
1157 3680 1360 3766 captavimus
1383 3681 1491 3763 ambo,

597 3781 656 3848 Bis
679 3789 773 3849 terno
796 3803 954 3848 annorum
978 3781 1081 3848 donec
1104 3783 1169 3848 iam
1192 3790 1340 3870 tempore
1364 3785 1463 3866 fluxo,

595 3886 714 3952 Pastor
735 3886 822 3952 ovile
845 3887 951 3951 bonus
975 3886 1114 3972 sumpsit
1135 3886 1259 3972 pietate
1282 3887 1440 3954 modesta.

599 3988 760 4054 Noctibus
781 3989 816 4062 iu
839 3989 951 4070 furvis,
974 3989 1110 4054 fratrum
1133 3995 1293 4075 pausante
1316 3995 1457 4070 caterva,

517 4116 541 4154 m
600 4091 725 4160 Ymuos
749 4114 787 4159 ac
810 4093 954 4180 psalmos
978 4091 1102 4159 crebris
1125 4086 1340 4186 concentibus
1363 4091 1448 4159 odat.

598 4197 761 4284 Tempore
785 4218 848 4283 quo
870 4185 1032 4263 Phoebus
1048 4196 1177 4261 caelum
1198 4196 1381 4282 perlabitur
1402 4197 1513 4276 imum,

596 4299 743 4366 Moribus
766 4298 819 4364 hic
843 4299 949 4364 solitis
972 4297 1124 4384 vigilans,
1147 4319 1166 4365 e
1188 4306 1322 4384 pectore
1345 4305 1435 4365 casto

596 4402 795 4468 Psalterium
818 4406 953 4466 cantans
976 4401 1136 4486 percurrit
1157 4401 1191 4466 iu
1214 4401 1329 4466 ordine
1352 4406 1474 4477 totum;

598 4504 718 4602 ilioque
740 4504 794 4570 die
816 4525 945 4569 rursum
966 4504 1111 4590 psalmos
1136 4504 1313 4589 complevit
1335 4504 1482 4584 eosdem,

514 4630 541 4670 uo
596 4607 643 4674 Ut
665 4607 791 4673 vicibus
814 4607 954 4694 geminis
977 4607 1096 4692 lyricas
1113 4612 1322 4672 consumeret
1345 4626 1446 4673 escas.

597 4712 685 4778 Hine
708 4712 826 4777 iterum
850 4731 988 4797 surgens
1011 4708 1124 4775 horam
1147 4708 1234 4774 dum
1247 4708 1416 4796 praedicat
1437 4711 1506 4775 ales

599 4817 738 4884 Gutture
763 4817 802 4883 de
826 4818 935 4898 rubro,
959 4817 1064 4883 solitis
1088 4815 1274 4904 complebat
1295 4816 1329 4881 in
1351 4816 1468 4902 ymnis.

599 4922 746 5008 Cumque
770 4921 823 4988 dic
846 4921 954 4986 media
976 4920 1094 4987 fratres
1118 4922 1183 4986 iam
1205 4940 1363 5006 quaerere
1386 4926 1514 5007 pastum

596 5025 772 5113 Incipiunt,
795 5045 890 5092 escae
913 5045 1034 5111 parcus
1058 5045 1094 5089 se
1117 5022 1278 5090 subtrahit
1300 5023 1399 5104 omni,

513 5148 538 5188 aa
597 5129 648 5194 Ae
670 5128 810 5213 genibus
833 5127 929 5194 flexis
953 5126 1060 5193 tundit
1082 5127 1271 5213 pavimenta
1294 5127 1415 5194 sacelli.

337 5429 372 5485 20
389 5439 488 5499 margat
505 5427 684 5481 mundusLO
781 5424 792 5490 Ι1
806 5421 878 5492 [xvu]
898 5422 912 5474 1
931 5425 1100 5490 roquiumqus
1112 5424 1145 5488 L,
1161 5425 1326 5490 requiemque
1342 5425 1363 5476 0
1449 5425 1467 5479 5
1485 5429 1662 5482 lnuotuisssO
1747 5429 1763 5483 1
1780 5433 1847 5484 satis
1862 5432 1884 5483 0

229 5518 280 5569 iam
297 5517 423 5570 crabroO
525 5514 542 5566 8
562 5514 678 5565 Allorum
695 5512 716 5563 0
819 5508 853 5562 10
870 5511 993 5576 Liquerat
1011 5510 1032 5560 0
1138 5507 1171 5562 12
1192 5513 1263 5574 Quas
1280 5511 1300 5562 O
1415 5513 1426 5579 ΙΙ
1448 5509 1533 5580 [xvru]
1551 5516 1654 5583 uulsigo
1668 5516 1699 5581 0,
1716 5518 1786 5570 uulsi
1862 5517 1884 5568 0

232 5602 246 5653 1
272 5604 359 5670 uulsig
374 5603 432 5668 00,
460 5599 609 5668 uultsigsL
729 5596 746 5648 3
768 5598 855 5648 mestis
875 5596 899 5646 L
915 5596 936 5646 0
1062 5594 1208 5663 tssepbors
1222 5596 1280 5647 LO
1401 5597 1416 5649 ‘l
1438 5600 1597 5666 fortisquaO
1719 5599 1736 5652 9
1759 5604 1808 5669 lapi
1829 5621 1882 5656 rroa

230 5697 310 5758 potest
325 5690 353 5740 ia
365 5689 390 5740 h
495 5684 529 5738 10
547 5685 648 5738 NamO
752 5681 785 5734 12
803 5683 888 5734 11100
992 5680 1026 5734 14
1043 5682 1201 5734 CoctibusO
1304 5679 1339 5735 23
1358 5693 1458 5753 pastum
1476 5686 1562 5736 0000
