4936 6406
729 406 850 460 VERBA
870 407 981 462 Anici.
1019 409 1152 464 PRECES
1171 410 1243 464 Pne
1262 412 1358 464 REGE
1376 413 1528 466 GAROLO.

671 579 802 666 Iusque,
826 582 924 647 beata
945 582 1040 667 quies
1064 589 1098 647 et
1120 582 1245 648 donans
1269 586 1412 651 eulmina
1434 595 1546 652 saneta

671 683 738 750 Res
761 686 825 772 pia,
849 687 962 768 virtus,
984 687 1168 774 procedens
1191 709 1210 752 e
1233 689 1385 776 lampade
1409 691 1574 778 splendor,

591 808 615 844 ro
671 787 715 852 Et
737 789 896 873 genitoris
917 789 1043 856 honore
1066 792 1200 856 excelso
1223 792 1342 857 missus
1367 799 1400 858 et
1424 795 1509 870 istie,

673 891 791 956 Saeela
813 893 944 957 misella
967 893 1061 979 pians
1084 894 1172 975 tabo,
1197 894 1393 980 probroque,
1416 898 1536 983 lueque

672 995 773 1060 Ocius
796 1002 909 1083 optata
931 997 1048 1062 tribuis
1072 997 1275 1079 redimicula,
1298 1021 1382 1085 quae
1404 1002 1439 1065 iu
1461 1002 1523 1067 hae

671 1099 811 1165 Nosmet
832 1101 900 1165 vita
921 1102 1170 1188 perlustratum,
1194 1103 1367 1168 flammifer
1388 1111 1424 1169 ut
1447 1107 1507 1187 sol,

671 1202 785 1267 Ardua
806 1203 959 1270 dulcifluo
982 1204 1064 1269 dans
1086 1226 1233 1287 munera,
1260 1207 1444 1293 splendide,
1468 1215 1557 1276 nutu.

590 1329 613 1365 rs
671 1306 800 1392 Nempe
824 1308 889 1372 tuis
913 1308 1046 1373 monitis
1070 1308 1221 1373 extendis
1245 1310 1376 1376 viscera
1396 1319 1515 1378 terrae.

671 1411 774 1476 Tutor
796 1411 885 1476 euim
907 1411 1123 1496 dominusque
1145 1412 1208 1476 tibi
1235 1435 1295 1499 per
1318 1414 1428 1480 sidera
1449 1437 1579 1497 nomeu,

673 1515 794 1580 Sancta
816 1516 905 1580 salus
928 1515 1030 1580 nimia
1053 1523 1087 1580 et
1109 1516 1239 1581 uirtutis
1262 1517 1356 1604 eopia
1378 1540 1492 1584 cursus

670 1617 746 1684 Iure
769 1619 902 1704 quidem
923 1620 1021 1684 rutilo
1044 1618 1181 1684 deducis
1203 1626 1362 1707 tempora,
1386 1629 1420 1687 et
1442 1623 1484 1687 ob
1507 1624 1568 1689 hoc

671 1723 813 1789 Nutibus
836 1723 968 1806 eximiis
990 1722 1108 1788 tribuis
1132 1724 1276 1789 caeleste
1299 1726 1456 1790 tribunal.

589 1849 614 1886 eo
672 1826 846 1891 Ecclesiae
870 1825 1047 1913 splendens
1070 1827 1197 1912 lampas
1221 1826 1374 1893 redimita
1396 1829 1486 1910 sofia,

669 1931 736 1996 Fac
760 1927 913 1995 Carolum
936 1938 1078 2012 auctum,
1101 1937 1146 2008 tu,
1169 1930 1266 1996 felice
1291 1939 1390 2014 sorte,
1414 1932 1588 1999 redemtor.

672 2035 706 2100 Is
729 2042 839 2101 tamen
861 2055 880 2100 e
902 2034 980 2100 fidei
1003 2035 1212 2121 praepollens
1236 2036 1388 2121 stigmate
1412 2036 1512 2102 sudae

670 2138 765 2203 Nune
787 2139 930 2204 retinere
954 2145 1064 2224 potest
1088 2138 1222 2202 subnixi
1246 2140 1380 2225 cespitis
1404 2161 1490 2207 oras.

670 2241 734 2322 En,
757 2262 958 2305 summorum
978 2241 1066 2306 hune
1089 2248 1285 2320 consortem,
1307 2242 1431 2324 Xriste,
1455 2243 1574 2308 dueum
1597 2245 1659 2326 fao,

589 2367 615 2404 n
673 2344 826 2431 (tongrue
849 2366 931 2430 quos
953 2345 1046 2410 rexit
1068 2343 1238 2410 delectans
1261 2347 1366 2431 gloria
1388 2367 1538 2433 pompae.

671 2448 803 2535 Regnat
824 2450 857 2514 in
881 2449 960 2516 orbe
983 2450 1039 2536 pio
1061 2449 1201 2514 ditatum
1225 2471 1267 2514 ox
1290 2450 1423 2516 flumine
1448 2452 1578 2533 flumen,

670 2552 715 2617 Et
737 2552 860 2618 domiui
882 2553 1016 2618 monitis
1040 2553 1227 2638 sanctisque
1251 2559 1361 2618 tuetur
1383 2553 1424 2618 ab
1448 2555 1524 2618 aris.

671 2656 798 2722 Annuit
820 2657 847 2721 is
872 2656 961 2738 mihi,
986 2656 1041 2742 qui
1065 2677 1136 2720 sum
1159 2656 1317 2722 inmensis
1341 2656 1471 2722 ossibus
1495 2658 1584 2736 exul,

671 2758 765 2824 Talia
787 2760 914 2846 prolato
936 2765 972 2824 ut
993 2780 1142 2847 promam
1164 2781 1250 2824 nuno
1274 2760 1418 2825 earmina
1439 2767 1557 2826 tractu.

588 2885 615 2922 so
672 2862 866 2951 Artipotens
889 2864 990 2928 nimio
1013 2863 1158 2949 disponit
1181 2863 1316 2929 foedere
1337 2864 1507 2950 templum,

673 2967 758 3032 Cara
779 2967 837 3031 ubi
859 2966 962 3032 verba
983 2966 1062 3030 boui
1086 2965 1236 3031 Christus
1260 2966 1411 3032 concedit
1434 2967 1511 3031 oliui

672 3069 783 3155 Atque
806 3069 895 3155 capit
916 3088 1034 3154 purum
1056 3067 1246 3134 veneranda
1267 3075 1355 3134 sorte
1378 3069 1524 3134 litamen.

671 3173 767 3238 Nunc
789 3175 877 3239 laeto
899 3174 1016 3258 ingens
1040 3195 1117 3260 spes
1140 3195 1215 3238 cum
1237 3175 1320 3238 mira
1343 3175 1483 3260 coniuge
1506 3196 1585 3260 rege

658 3274 834 3341 'Omnibus
858 3275 994 3361 augebit
1016 3281 1169 3340 conatum
1192 3282 1226 3340 et
1248 3277 1396 3362 proemia
1419 3278 1551 3358 sanctis,

588 3403 614 3441 ss
670 3380 835 3445 Ruricolie
857 3376 1031 3444 tribuendo
1054 3399 1218 3443 annonam
1241 3378 1400 3465 temporis
1423 3386 1508 3443 actu.

671 3483 761 3548 Eece
785 3482 885 3568 igitur
906 3502 982 3546 mea
1005 3481 1160 3564 earmina,
1183 3483 1291 3569 proles
1314 3483 1458 3548 maxima
1479 3482 1599 3564 David,

670 3586 848 3672 Muniaque
871 3591 907 3651 ut
929 3606 1048 3666 sumas,
1070 3587 1242 3673 prostratis
1265 3586 1410 3652 vultibus
1432 3592 1521 3673 opto.

670 3795 797 3881 Pagina
818 3815 959 3880 namque
982 3815 1099 3880 preces
1123 3799 1157 3859 et
1179 3792 1294 3858 laudes
1318 3794 1464 3859 eontinet
1487 3795 1560 3875 ista,

671 3896 761 3972 Quas
785 3917 847 3982 ego
870 3894 1052 3961 Teudulfus
1076 3894 1182 3960 cecini
1206 3896 1267 3960 sub
1291 3895 1421 3961 nomine
1445 3895 1545 3981 regis,

588 4024 613 4061 ro
671 4001 829 4067 Servulus
852 4001 994 4087 exiguus
1017 4000 1109 4065 iussu
1132 4002 1309 4087 conpulsus
1333 4000 1437 4066 erili¹.

669 4104 799 4170 Nobilis
822 4125 841 4168 o
862 4105 978 4185 lector,
1001 4103 1174 4189 rutilisque
1197 4124 1257 4189 per
1279 4103 1389 4168 omnia
1411 4110 1535 4185 cautor,

670 4208 861 4274 Versiculos
883 4214 1014 4273 nostros
1038 4208 1156 4273 sollers
1179 4205 1421 4293 reprehendere
1445 4207 1523 4288 noli,

671 4311 744 4378 Hos
767 4311 921 4397 quonism
944 4311 1067 4398 primos
1090 4311 1259 4397 praesenti
1281 4311 1435 4397 stigmate
1458 4313 1614 4398 prompsi.

414 4486 514 4492 --
1138 4482 1289 4488 --·———-——
1657 4484 1855 4491 -—-—-—--—-—.-

411 4585 444 4636 10
466 4605 498 4639 en
517 4588 585 4639 celso
597 4587 623 4637 B
730 4581 767 4635 20
783 4585 905 4637 redemite
917 4584 942 4634 B

411 4671 619 4725 Aoroetc'clrorum
637 4671 812 4740 interpretat&
830 4671 893 4722 boec
910 4671 1043 4736 adscriptio
1060 4679 1109 4721 est:

771 4758 939 4825 Omnipotens
957 4758 1059 4808 domine
1077 4765 1103 4808 et
1120 4756 1190 4822 pacis
1208 4755 1315 4805 donator
1332 4755 1358 4805 in
1376 4771 1478 4821 aevum,

768 4845 860 4896 Omnia
877 4844 920 4894 cni
939 4853 1060 4895 resonem
1076 4843 1132 4894 sine
1149 4842 1201 4892 fine
1219 4849 1304 4892 erecte
1321 4857 1448 4904 canorem,

771 4931 854 4981 Mirus
872 4930 900 4980 in
917 4946 975 4980 arce
993 4930 1093 4994 eluens,
1112 4929 1255 4979 clarescens
1273 4927 1371 4978 lumine
1388 4928 1461 4992 sudo,

769 5019 881 5070 Nutibus
899 5018 1001 5068 eximiis
1018 5015 1114 5068 tribuis
1132 5017 1242 5068 caeleste
1260 5016 1382 5076 tribunal,

703 5125 714 5162 ,5
767 5104 873 5170 Porrige
890 5104 1005 5154 donnum
1023 5103 1152 5155 Teudull'o
1169 5103 1263 5153 solacia
1280 5109 1403 5167 prestans,

767 5192 887 5241 Promere
905 5190 949 5256 qui
967 5190 1057 5241 studeo
1075 5205 1145 5240 nune
1162 5205 1264 5240 munau
1283 5188 1389 5238 mitibus
1406 5189 1471 5252 mis,

768 5277 973 5343 Praecipussque
990 5276 1038 5326 deo
1055 5276 1145 5326 solitus
1162 5283 1264 5326 mutare
1282 5275 1427 5339 csmeucs’,

768 5363 909 5430 Muniaque
927 5370 957 5413 ut
974 5379 1061 5414 sumas
1079 5363 1212 5429 prostratis
1230 5361 1346 5412 vultibus
1365 5369 1433 5427 opto.

309 5465 390 5516 codes
408 5465 483 5516 noter
500 5466 528 5515 in
545 5481 620 5516 versu
638 5463 655 5516 3
672 5475 726 5546 arte
743 5475 767 5517 et
784 5466 872 5517 emant
888 5483 989 5517 υονιιιιιι
1007 5465 1032 5532 5,
1050 5467 1143 5517 caeteri
1160 5474 1299 5531 sequnntur
1317 5465 1366 5515 dae
1383 5466 1447 5515 serie
1466 5463 1490 5529 1,
1500 5465 1525 5528 8,
1538 5461 1562 5529 3,
1573 5461 1597 5526 7,
1607 5460 1632 5529 4,
1642 5463 1667 5526 2,
1677 5463 1701 5516 6.

412 5618 439 5684 1)
463 5615 586 5687 Euqcm's'
607 5615 731 5672 Monesi.
754 5616 868 5671 31-32
890 5617 966 5672 Haec
989 5619 1050 5682 tibi,
1069 5635 1116 5673 rex
1136 5635 1255 5685 sunuue,
1280 5617 1355 5671 iussu
1374 5616 1532 5687 compulsus
1550 5616 1632 5671 herili
1648 5619 1653 5686 Ι
1668 5617 1800 5672 Servulue
1818 5619 1961 5689 Eugenius

308 5721 410 5776 devota
428 5724 522 5776 mente
539 5721 652 5777 dicavit.
760 5723 788 5790 2)
809 5722 854 5791 Cf.
872 5738 961 5792 supra
976 5741 1005 5794 p.
1023 5724 1074 5779 387
1093 5741 1117 5778 o.
1136 5722 1178 5776 91.

375 5821 480 5872 Poma
491 5833 575 5874 currus
587 5834 646 5874 Αειιι
657 5821 784 5874 Cnsoumr
795 5822 815 5874 1.
1720 5819 1755 5873 61
