4574 6442
901 374 1038 430 VERSUS
1057 375 1174 430 LIBRIS
1193 373 1344 430 SAECULI
1361 376 1428 430 VIII
1446 376 1599 432 ADIEUII.

785 547 947 633 Quicquid
970 570 1071 614 arena
1093 549 1193 630 fovet,
1217 571 1301 634 quae
1324 550 1434 634 magni
1456 550 1569 634 glarea
1590 550 1668 624 Nili,

705 675 729 710 ro
787 650 1085 736 Squamigerasque
1108 673 1209 737 vagus
1232 654 1337 717 vitreo
1361 653 1421 716 sub
1444 653 1534 716 Ionte
1558 661 1717 726 catervas,

786 753 949 838 Quicquid
970 754 1012 818 ad
1034 762 1124 820 astra
1145 757 1250 836 volat,
1283 777 1367 840 quac
1391 763 1521 842 reptant
1543 766 1677 843 pectore
1700 767 1815 826 terras.

786 857 880 931 Quae
903 865 1038 922 vescant
1061 859 1174 946 rapido
1197 859 1386 924 frendentes
1410 881 1487 924 aera
1510 861 1604 928 saltu.

786 961 907 1026 Mensis
931 964 1130 1027 aromaticae
1154 963 1316 1049 maniplos
1339 963 1476 1027 Oriente
1499 965 1631 1036 relatos,

785 1064 941 1130 Balsama
962 1067 1113 1151 gratillua
1136 1067 1306 1152 flagrantis
1328 1067 1446 1153 pistica
1468 1067 1578 1131 nardi:

719 1190 730 1226 o
788 1168 875 1242 Quin
898 1170 997 1233 etiam
1019 1171 1144 1255 poteris
1167 1171 1288 1256 placito
1311 1170 1543 1254 languentibus
1565 1171 1684 1234 haustu

785 1273 817 1335 A
840 1271 971 1336 domino
996 1271 1185 1337 dominante
1208 1274 1295 1359 piam
1318 1280 1466 1358 prestare
1489 1257 1673 1338 medellam.

787 1373 933 1454 Inclitus‚
958 1375 1114 1438 invictum
1138 1375 1261 1439 Christi
1283 1375 1403 1439 virtute
1426 1376 1600 1462 tropheum

787 1475 851 1550 Qui
873 1477 969 1562 ragit,
993 1477 1075 1542 haec
1097 1478 1169 1542 ficri
1191 1477 1313 1542 Karina
1336 1499 1397 1541 rex
1418 1498 1558 1562 namque
1581 1478 1747 1542 modestus

786 1579 930 1656 Mandat,
953 1587 989 1644 ut
1012 1581 1046 1644 in
1069 1582 1187 1645 saeclis
1210 1581 1323 1644 rutilet
1346 1581 1513 1666 sophisma
1535 1581 1672 1650 futuris:

705 1705 716 1741 s
787 1682 885 1766 Legit
909 1684 995 1746 enim
1019 1683 1159 1748 famulus
1182 1685 1257 1748 stilo
1281 1684 1454 1767 animoque
1477 1682 1616 1747 Iacobus
1628 1687 1647 1747 ¹.

788 2318 892 2382 Filius
915 2319 971 2383 ille
994 2318 1058 2400 dei,
1083 2319 1167 2382 coeli
1190 2339 1289 2402 quem
1314 2340 1458 2383 summus
1481 2319 1522 2382 ab
1545 2342 1620 2382 arce

789 2422 881 2487 Voce
903 2430 997 2509 pater
1021 2425 1108 2488 clara
1131 2430 1280 2504 testatur,
1305 2423 1413 2504 ‘iilius
1438 2423 1550 2508 inquid
1560 2423 1582 2500 ²,

787 2525 876 2590 Ecce
899 2547 992 2590 meus
1014 2526 1067 2590 hio
1091 2533 1153 2608 est,
1175 2527 1304 2607 mando,
1328 2527 1527 2604 carissimus.
1550 2528 1656 2613 ipsum

787 2627 909 2693 Audite
934 2637 967 2694 et
991 2630 1038 2692 illi
1062 2629 1199 2694 devotas
1223 2631 1359 2694 sternite
1382 2631 1530 2694 mentcs'.

719 2756 733 2791 s
791 2731 932 2795 Dixerat
955 2733 1018 2796 ista
1039 2740 1143 2818 pater,
1168 2733 1297 2817 quando
1321 2732 1470 2797 Iordanis
1493 2734 1525 2796 in
1548 2732 1636 2797 unda

787 2835 915 2899 Auctor
937 2843 1007 2899 erat
1029 2837 1118 2900 vitae
1143 2837 1238 2900 testis
1261 2837 1405 2923 baptista
1428 2835 1593 2900 Iohannis.

789 2936 929 3003 Dixerat
952 2946 995 3017 et,
1020 2939 1150 3024 quando
1173 2941 1344 3026 praecelso
1367 2941 1401 3004 in
1422 2941 1546 3004 vertice
1569 2941 1689 3004 montis

786 3041 951 3126 Fulgebat
974 3063 1073 3127 super
1096 3064 1191 3107 omne
1215 3043 1328 3120 decus,
1353 3043 1501 3107 radiabat
1524 3044 1661 3112 amictu:

788 3145 897 3209 Testis
921 3152 992 3209 erat
1014 3144 1133 3210 Petrus
1157 3145 1240 3209 fidus
1262 3145 1428 3231 Iacobque
1451 3146 1618 3210 Iohannis.

706 3272 730 3306 ω
788 3247 865 3334 Ipse
889 3248 973 3333 pius,
996 3249 1149 3335 princeps
1172 3250 1271 3330 mitis,
1294 3250 1491 3334 gratissime,
1515 3251 1670 3322 clemens,

788 3349 836 3413 Te
861 3349 967 3428 saluit,
991 3351 1166 3435 servitque,
1189 3359 1292 3437 regat,
1316 3353 1386 3415 sine
1408 3352 1473 3415 fine
1496 3352 1658 3435 guvcrnit,

785 3451 839 3517 Ad
863 3453 948 3516 caeli
971 3454 1079 3518 mittat
1103 3454 1306 3540 splendentis
1329 3453 1438 3518 lucida
1460 3475 1571 3538 regna.

787 3555 910 3620 Tantas
934 3577 1074 3641 namque
1097 3557 1168 3622 sero
1192 3558 1366 3622 summissa
1388 3565 1497 3622 mente
1522 3560 1657 3630 salutcs.

786 3657 935 3731 Quantas
959 3660 1027 3723 alta
1049 3659 1116 3746 poli
1140 3661 1309 3724 stillabunt
1332 3659 1440 3725 sidero
1462 3660 1619 3741 flammas,

706 3786 729 3822 n
790 3761 937 3835 Quantas
961 3763 1058 3827 tellus
1082 3763 1182 3827 habet
1207 3764 1267 3828 sub
1291 3765 1376 3828 caeli
1400 3763 1532 3829 cardine
1556 3765 1681 3849 glebas,

786 3863 1061 3949 Fluctiragasque
1086 3866 1187 3929 vomit
1210 3873 1348 3949 quantas
1371 3887 1446 3931 nam
1469 3872 1587 3952 pontus
1610 3867 1759 3933 harenas.

523 4159 664 4212 aconito
730 4175 821 4224 magica
842 4159 864 4208 0
967 4157 1000 4210 14
1018 4161 1135 4225 flagranti
1155 4161 1177 4210 C
1285 4157 1321 4209 20
1338 4160 1450 4224 acquitar
1468 4160 1495 4208 in
1515 4160 1548 4210 I':
1577 4162 1706 4227 Incipiunt
1723 4164 1834 4228 capitula

488 4246 531 4313 {X}
567 4265 598 4297 ca
615 4247 699 4297 cedite
717 4245 802 4296 Paria.
821 4242 872 4296 653
887 4247 909 4310 f.
929 4243 944 4295 1
963 4246 1062 4296 initium
1081 4246 1243 4297 desideratur
1365 4245 1398 4297 16
1416 4247 1500 4312 pontia
1520 4247 1542 4295 0

522 4417 549 4484 1)
576 4415 645 4470 idem
671 4397 809 4485 sortasse,
837 4417 886 4486 qai
911 4417 983 4470 iuter
1009 4432 1097 4471 annos
1124 4417 1279 4470 tat-792
1305 4417 1411 4470 notarii
1436 4432 1547 4470 munere
1573 4418 1604 4469 tn
1632 4417 1726 4471 Caroli
1750 4417 1850 4487 Magni
1876 4419 2077 4487 da'plornattbus

417 4519 571 4573 scribendis
587 4521 703 4588 [unctus
727 4524 779 4582 est,
801 4520 838 4588 cf.
864 4521 956 4574 Stekel
979 4523 1050 4574 Acta
1069 4537 1142 4590 capp.
1165 4519 1394 4582 Korotin.1‚82.
1498 4519 1526 4586 2)
1546 4519 1753 4582 Matrt.3,1t;
1779 4521 1847 4574 Luc.
1867 4523 1891 4584 3,
1910 4521 1957 4575 22:
1982 4522 2026 4575 'Iu
2048 4541 2077 4578 es

418 4623 491 4676 lilius
509 4638 586 4675 meus
604 4622 730 4676 dilectus.
834 4625 862 4692 3)
886 4623 983 4677 Marto.
1008 4624 1049 4686 17,
1073 4625 1103 4686 :33
1131 4623 1200 4677 Luc.
1225 4624 1249 4684 9,
1272 4624 1319 4676 ab:
1347 4623 1398 4676 Hic
1418 4625 1459 4675 cst
1477 4623 1550 4675 lilius
1568 4640 1644 4676 mena
1664 4623 1794 4678 dilectus:
1813 4625 1904 4694 ipsum
1920 4625 2026 4680 audite.
