4598 6414
1028 385 1237 446 sanonum
1256 385 1431 444 canutus.

769 564 931 653 Quicquid
953 565 1054 632 habet
1076 565 1218 646 Latium,
1241 562 1403 629 foecunda
1426 561 1580 626 Calabria
1602 559 1765 646 quiequid,

853 672 898 736 Et
919 671 1041 738 Veneti
1064 677 1098 736 et
1118 670 1271 757 Ligures,
1294 689 1372 734 arva
1395 673 1429 732 et
1452 687 1590 732 amoena
1611 664 1704 730 Padi.

770 773 925 860 Urbsque
947 775 1050 861 prius,
1074 774 1223 852 daemon,
1245 779 1312 852 tna,
1336 772 1401 836 iam
1423 792 1509 836 nune
1531 768 1643 834 dedita
1659 767 1802 844 Christo,

690 903 715 940 ao
857 878 954 954 Quod
976 884 1075 966 eaput
1097 879 1184 944 orbis
1208 898 1320 956 ovans,
1343 875 1431 962 quod
1449 875 1504 961 pia
1526 880 1631 938 mater
1653 873 1764 950 habet,

771 983 931 1050 Fraterno
954 1004 1107 1070 aspersos
1130 1003 1214 1066 quae
1237 987 1388 1046 temnens
1412 979 1571 1064 sanguine
1594 978 1733 1056 muros¹,

856 1086 990 1152 Caelica
1010 1107 1114 1172 regna
1135 1086 1229 1172 petit,
1252 1084 1329 1150 fana
1350 1083 1488 1169 profana
1510 1081 1604 1167 fugit,

772 1187 936 1274 Haudque
959 1190 1037 1274 lupa
1060 1189 1138 1254 colit
1160 1188 1247 1252 hunc
1269 1187 1394 1266 alitum,
1419 1184 1478 1250 sed
1501 1185 1628 1268 virgine
1651 1191 1773 1264 natum,

857 1291 993 1376 Stetque
1017 1293 1050 1355 in
1073 1291 1255 1377 apostolico
1278 1290 1396 1354 robore
1419 1288 1486 1354 fixa
1508 1288 1634 1354 cluens.

692 1417 717 1455 aa
776 1395 884 1460 Gallia
907 1394 994 1480 quod
1016 1393 1119 1474 dives,
1143 1393 1230 1479 quod
1252 1393 1316 1458 lert
1338 1392 1501 1478 Hispania
1523 1391 1670 1478 pulchra,

857 1499 990 1565 Fertilis
1013 1506 1047 1565 et
1068 1520 1177 1564 rernm
1200 1497 1354 1564 Corduba
1376 1495 1531 1582 quiequid
1552 1495 1663 1560 habet.

776 1601 936 1687 Quodque
959 1601 1136 1667 Britannus
1158 1603 1275 1680 habet,
1300 1600 1486 1666 Scottorum
1508 1598 1671 1664 Hibernia
1694 1599 1781 1684 qnod
1803 1603 1876 1682 lert,

855 1705 946 1770 Utile
970 1706 999 1770 si
1021 1704 1099 1791 quid
1119 1705 1231 1786 habet,
1255 1705 1284 1769 si
1306 1704 1420 1768 ultima
1442 1702 1514 1768 Tile
1537 1702 1653 1767 ferat&

777 1807 925 1894 Cumque
948 1808 1043 1872 bonis
1065 1809 1208 1894 propriis
1232 1808 1342 1872 veniat
1364 1807 1561 1871 fortissimus
1584 1805 1697 1886 Astur,

698 1931 723 1972 oo
868 1910 932 1985 Qui
955 1918 1006 1976 est
1028 1910 1129 1977 decus
1147 1910 1382 1997 Hesperidum,
1406 1910 1555 1974 milesia
1580 1911 1809 1994 armavigens.

777 2015 976 2101 Galliciique
1000 2016 1062 2080 soli
1084 2017 1195 2081 veniat
1218 2016 1245 2080 si
1269 2015 1374 2079 cultor
1397 2014 1534 2100 opimus,

861 2121 1026 2187 Finitimis
1050 2128 1196 2209 praestat
1218 2122 1273 2207 qni
1295 2122 1382 2186 bona
1404 2121 1542 2207 pulchra
1565 2120 1644 2185 suis.

779 2225 898 2291 Omnia
922 2226 949 2290 si
974 2226 1107 2292 sibimet
1130 2225 1228 2291 simul
1251 2225 1334 2290 haec
1358 2229 1516 2310 congesta
1538 2222 1704 2289 darentur.

862 2327 936 2394 Non
959 2350 1019 2393 sua
1042 2349 1140 2393 avara
1162 2327 1295 2393 manus³
1318 2328 1416 2392 ditior
1438 2325 1514 2390 inde
1537 2326 1632 2391 foret.

601 2898 610 2940 r
644 2875 705 2942 DE
728 2875 789 2942 ΕΟ
813 2874 939 2948 QUOD
962 2875 1239 2949 PLERUMQUE
1263 2875 1487 2941 REPROBIS
1510 2873 1895 2956 PROSPERA'JSUNT.

784 2996 907 3083 ‘Eripe'
923 2995 1057 3078 David4,
1081 2998 1207 3081 ‘aquis’,
1231 3017 1339 3078 orans,
1362 2999 1424 3061 ‘me
1449 3018 1492 3062 ex
1507 2996 1676 3082 pluribus’,
1699 2995 1815 3080 inquit,

870 3099 1093 3186 ‘Externaque
1116 3121 1215 3166 manu
1237 3102 1347 3187 proles
1370 3100 1490 3165 acerba
1510 3106 1577 3164 tua.

784 3203 848 3277 Qui
870 3209 959 3269 stant
981 3205 1165 3289 vaniloquis
1187 3205 1306 3269 furiata
1327 3209 1438 3270 mente
1460 3203 1611 3289 loquelis,

869 3306 1018 3372 Dextera
1042 3313 1075 3372 et
1098 3315 1150 3372 est
1172 3329 1310 3394 quornm
1334 3307 1473 3372 dextera
1493 3306 1670 3390 nequitiae.

718 3431 730 3470 a
790 3408 860 3475 Cen
882 3431 968 3475 nova
990 3418 1140 3477 natorum
1164 3418 1280 3477 vernat
1301 3411 1460 3497 plantatio
1484 3430 1632 3495 quorum,

854 3512 979 3579 Indolis
1002 3537 1022 3579 a
1045 3521 1180 3581 tenerae
1205 3536 1289 3600 quae
1312 3520 1468 3599 vegetata
1490 3512 1543 3577 die
1567 3519 1627 3577 est.

788 3616 999 3703 Compositae
1023 3626 1057 3682 et
1080 3625 1229 3705 comptae
1253 3619 1506 3703 circumquaque
1528 3614 1673 3700 undique
1695 3620 1804 3696 natae,

869 3718 940 3785 Ceu
962 3722 1077 3806 templi
1099 3723 1247 3786 inlustris
1271 3722 1379 3785 aulica
1400 3721 1505 3784 forme
1527 3718 1591 3785 dei.

785 3821 914 3888 Horum
936 3831 970 3888 et
993 3825 1026 3888 in
1049 3825 1241 3890 alterutrum
1265 3825 1398 3890 cellaria
1420 3824 1518 3909 plena
1540 3820 1734 3902 redundant,

707 3949 731 3986 ro
875 3927 983 4014 Atque
1007 3950 1097 3994 mero
1121 3931 1249 3993 exultat
1270 3929 1423 3994 uberiore
1446 3949 1543 4013 penu.

790 4029 989 4118 Simplicitas
1010 4031 1097 4097 redit
1118 4034 1208 4119 itque
1232 4033 1298 4097 illis
1320 4032 1448 4097 foetosa
1469 4031 1649 4111 bidentum,

869 4133 1016 4222 Corpora
1039 4144 1114 4202 sunt
1136 4137 1253 4201 horum
1275 4136 1416 4223 plurima
1439 4134 1540 4198 obesa
1560 4133 1670 4215 boum,

782 4235 882 4303 Nulla
903 4245 999 4324 parat
1020 4241 1128 4326 paries
1152 4240 1338 4327 praesentis
1364 4240 1458 4324 signa
1481 4239 1623 4318 ruinae⁵,

872 4340 940 4406 Res
965 4364 1024 4407 nec
1050 4365 1162 4408 eornm
1183 4344 1271 4407 ullus
1294 4343 1452 4406 transitus
1475 4361 1578 4426 angor
1600 4340 1678 4426 agit.

783 4517 1161 4525 m*--——n—-=s-.=-=——-—
1170 4520 1188 4525 ..,
1198 4520 1406 4526 .....-.—.-....—.,
1423 4520 1432 4524 ..
1441 4519 1475 4524 ...
1493 4520 1498 4522 -
1513 4519 1521 4524 .
1530 4518 1600 4524 .r-----1
1623 4518 1703 4524 --11—-0
1727 4519 1731 4522 .
1744 4517 1971 4524 --φῇ-*-

534 4616 568 4670 51
587 4635 675 4671 manes
687 4618 717 4683 S,
734 4636 821 4670 muros
839 4620 941 4671 correxi

532 4755 557 4821 1)
579 4753 686 4808 monn.
705 4753 806 4808 Phara.
826 4754 894 4818 I,95
920 4753 1054 4808 Fraterno
1075 4754 1159 4824 primi
1176 4753 1345 4808 maduerunt
1362 4753 1499 4825 sangnine
1517 4753 1596 4808 muri.
1676 4756 1703 4823 2)
1726 4753 1804 4824 Vere.
1825 4753 1923 4822 Georq.
1942 4753 2010 4818 I,30
2028 4753 2083 4808 tibi

429 4856 533 4911 sewiat
556 4855 778 4920 ultima'l'hn103
809 4857 898 4912 Prud.
921 4857 1078 4926 Homertr'p.
1102 4859 1165 4920 881;
1199 4859 1262 4913 Vera
1286 4859 1401 4913 Fortun.
1424 4858 1455 4912 V.
1476 4859 1505 4912 S.
1524 4859 1609 4912 Mart.
1634 4860 1753 4921 [lusor
1778 4858 1908 4927 Quasque
1931 4857 2084 4912 Britannus

428 4959 635 5022 hebetiorum,
663 4961 749 5028 atque
770 4959 872 5014 ultima
890 4960 987 5030 Thyle.
1065 4962 1093 5029 3)
1119 4962 1167 5016 Oc.
1187 4965 1279 5016 Amor.
1299 4961 1435 5024 ruram
1453 4979 1538 5016 avara
1555 4979 1662 5020 manns.
1732 4963 1760 5030 4)
1780 4961 2085 5027 Petronianum

429 5080 543 5117 manum
559 5065 638 5117 tuam
656 5062 691 5117 de
709 5063 776 5127 alto,
795 5063 872 5134 eripe
889 5081 941 5128 me,
960 5067 989 5118 et
1007 5064 1096 5118 libera
1114 5081 1158 5119 me
1176 5065 1211 5119 de
1229 5065 1309 5134 aquis
1321 5064 1431 5120 multis:
1451 5065 1485 5120 de
1498 5083 1583 5119 manu
1594 5065 1714 5120 filiorum
1727 5065 1890 5120 alienorum.
1924 5067 1942 5120 8
1961 5065 2085 5130 Quorum

428 5183 458 5221 os
482 5167 607 5220 locutum
631 5168 674 5220 est
692 5166 848 5221 vanitatem
870 5170 899 5221 et
917 5166 1031 5222 dextera
1054 5184 1148 5222 eorum
1166 5169 1281 5223 dextera
1298 5169 1467 5238 iniqnitatis.
1504 5170 1537 5223 12
1556 5155 1678 5234 Quorum
1696 5170 1746 5223 filii
1766 5170 1839 5225 siout
1857 5172 1984 5226 novellae
2003 5172 2086 5241 plan·

428 5270 549 5325 tationes
573 5268 603 5323 in
622 5269 769 5326 inventute
792 5289 849 5325 sua.
891 5271 980 5326 Filiae
998 5288 1093 5326 eornm
1111 5272 1294 5342 compositae:
1313 5272 1533 5327 circumornatae
1552 5277 1585 5328 ut
1602 5272 1757 5328 similitudo
1774 5274 1882 5343 templi.
1919 5275 1952 5329 13
1970 5274 2087 5344 Promp-

429 5374 522 5429 tuaria
547 5391 641 5429 corum
674 5375 772 5444 plena,
800 5375 958 5430 eructantia
980 5392 1014 5430 ex
1039 5375 1090 5430 hoe
1113 5375 1143 5429 in
1172 5376 1251 5432 illud.
1293 5375 1364 5432 Oves
1389 5394 1483 5432 eornm
1505 5379 1641 5442 fastosae,
1668 5379 1845 5433 abundantes
1872 5379 1903 5433 in
1930 5379 2087 5449 egressibus

429 5479 499 5533 suia:
531 5479 564 5532 14
586 5477 670 5532 boves
695 5495 790 5533 eorum
814 5495 928 5532 crassae.
972 5480 1035 5534 Non
1063 5484 1105 5534 est
1128 5481 1209 5536 ruina
1232 5481 1381 5546 maceriae,
1410 5499 1500 5551 neque
1525 5482 1730 5538 transitus...
1760 5484 1793 5537 15
1815 5484 1932 5537 Beatum
1955 5481 2088 5536 dixerunt

429 5583 573 5653 populum,
592 5580 637 5634 oui
655 5579 724 5634 haee
743 5581 819 5634 sunt:
838 5580 938 5635 beatus
956 5583 1075 5651 populus
1094 5584 1172 5637 cuius
1190 5583 1319 5639 dominns
1337 5585 1405 5640 deus
1423 5585 1490 5640 eius.
1560 5588 1588 5653 b)
1608 5587 1655 5641 Oo.
1675 5587 1725 5641 Ex
1743 5587 1833 5641 Ponto
1852 5587 1944 5656 Hm.
1955 5588 1985 5640 il
2006 5587 2089 5642 Cum·

430 5703 484 5756 qne
503 5685 581 5739 dedit
599 5685 689 5754 paries
708 5687 842 5738 venturae
863 5685 944 5756 signa
962 5686 1067 5740 ruinae.
