<?xml version="1.0" encoding="UTF-8"?>
<!DOCTYPE html PUBLIC "-//W3C//DTD XHTML 1.0 Transitional//EN"
    "http://www.w3.org/TR/xhtml1/DTD/xhtml1-transitional.dtd">
<html xmlns="http://www.w3.org/1999/xhtml" xml:lang="en" lang="en">
 <head>
  <title>
</title>
<meta http-equiv="Content-Type" content="text/html;charset=utf-8" />
  <meta name='ocr-system' content='tesseract 3.04.00' />
  <meta name='ocr-capabilities' content='ocr_page ocr_carea ocr_par ocr_line ocrx_word'/>
</head>
<body>
  <div class='ocr_page' id='page_1' title='image "./monumentagerman01unkngoog/monumentagerman01unkngoog_0614.png"; bbox 0 0 4612 6414; ppageno 0'>
   <div class='ocr_carea' id='block_1_1' title="bbox 915 395 1216 454">
    <p class='ocr_par' dir='ltr' id='par_1_1' title="bbox 915 395 1216 454">
     <span class='ocr_line' id='line_1_1' title="bbox 915 395 1216 454; baseline 0.017 -5"><span class='ocrx_word' id='word_1_1' title='bbox 915 395 991 450; x_wconf 80' lang='lat' dir='ltr'>CAP.</span> <span class='ocrx_word' id='word_1_2' title='bbox 1012 397 1216 454; x_wconf 85' lang='lat' dir='ltr'>XVIII—XX.</span> 
     </span>
    </p>
   </div>
   <div class='ocr_carea' id='block_1_2' title="bbox 519 569 1605 2622">
    <p class='ocr_par' dir='ltr' id='par_1_2' title="bbox 602 569 1412 660">
     <span class='ocr_line' id='line_1_2' title="bbox 602 569 1412 660; baseline 0.011 -28"><span class='ocrx_word' id='word_1_3' title='bbox 602 569 672 633; x_wconf 86' lang='lat' dir='ltr'>Iam</span> <span class='ocrx_word' id='word_1_4' title='bbox 695 591 849 655; x_wconf 80' lang='lat' dir='ltr'>proceres</span> <span class='ocrx_word' id='word_1_5' title='bbox 872 592 1021 636; x_wconf 90' lang='lat' dir='ltr'>meruere</span> <span class='ocrx_word' id='word_1_6' title='bbox 1045 572 1090 657; x_wconf 91' lang='lat' dir='ltr'>pii</span> <span class='ocrx_word' id='word_1_7' title='bbox 1112 573 1255 658; x_wconf 90' lang='lat' dir='ltr'>iustique</span> <span class='ocrx_word' id='word_1_8' title='bbox 1278 575 1412 660; x_wconf 82' lang='lat' dir='ltr'>benigni</span> 
     </span>
    </p>

    <p class='ocr_par' dir='ltr' id='par_1_3' title="bbox 601 672 1345 760">
     <span class='ocr_line' id='line_1_3' title="bbox 601 672 1345 760; baseline 0.012 -24"><span class='ocrx_word' id='word_1_9' title='bbox 601 673 734 758; x_wconf 89' lang='lat' dir='ltr'>Optima</span> <span class='ocrx_word' id='word_1_10' title='bbox 756 672 877 740; x_wconf 91' lang='lat' dir='ltr'>siderei</span> <span class='ocrx_word' id='word_1_11' title='bbox 900 676 1098 760; x_wconf 81' lang='lat' dir='ltr'>spargebant</span> <span class='ocrx_word' id='word_1_12' title='bbox 1121 679 1248 743; x_wconf 86' lang='lat' dir='ltr'>semina</span> <span class='ocrx_word' id='word_1_13' title='bbox 1269 681 1345 745; x_wconf 91' lang='lat' dir='ltr'>doni</span> 
     </span>
    </p>

    <p class='ocr_par' dir='ltr' id='par_1_4' title="bbox 601 775 1583 970">
     <span class='ocr_line' id='line_1_4' title="bbox 603 775 1583 868; baseline 0.014 -29"><span class='ocrx_word' id='word_1_14' title='bbox 603 775 763 842; x_wconf 82' lang='lat' dir='ltr'>Cordibus</span> <span class='ocrx_word' id='word_1_15' title='bbox 786 777 819 842; x_wconf 93' lang='lat' dir='ltr'>in</span> <span class='ocrx_word' id='word_1_16' title='bbox 842 777 987 859; x_wconf 86' lang='lat' dir='ltr'>fratrum,</span> <span class='ocrx_word' id='word_1_17' title='bbox 1012 789 1143 866; x_wconf 82' lang='lat' dir='ltr'>segetes</span> <span class='ocrx_word' id='word_1_18' title='bbox 1166 804 1226 868; x_wconf 89' lang='lat' dir='ltr'>per</span> <span class='ocrx_word' id='word_1_19' title='bbox 1248 785 1361 850; x_wconf 90' lang='lat' dir='ltr'>limina</span> <span class='ocrx_word' id='word_1_20' title='bbox 1384 787 1487 851; x_wconf 88' lang='lat' dir='ltr'>cellae</span> <span class='ocrx_word' id='word_1_21' title='bbox 1582 787 1583 790; x_wconf 62' lang='grc'>’</span> 
     </span>
     <span class='ocr_line' id='line_1_5' title="bbox 601 878 1422 970; baseline 0.011 -27"><span class='ocrx_word' id='word_1_22' title='bbox 601 878 706 970; x_wconf 82' lang='lat' dir='ltr'>Quam</span> <span class='ocrx_word' id='word_1_23' title='bbox 729 880 816 946; x_wconf 88' lang='lat' dir='ltr'>laete</span> <span class='ocrx_word' id='word_1_24' title='bbox 839 889 975 966; x_wconf 89' lang='lat' dir='ltr'>surgunt</span> <span class='ocrx_word' id='word_1_25' title='bbox 998 885 1109 970; x_wconf 87' lang='lat' dir='ltr'>superi</span> <span class='ocrx_word' id='word_1_26' title='bbox 1132 884 1305 953; x_wconf 80' lang='lat' dir='ltr'>dulcedine</span> <span class='ocrx_word' id='word_1_27' title='bbox 1329 888 1422 954; x_wconf 89' lang='lat' dir='ltr'>roris.</span> 
     </span>
    </p>

    <p class='ocr_par' dir='ltr' id='par_1_5' title="bbox 601 981 1439 1074">
     <span class='ocr_line' id='line_1_6' title="bbox 601 981 1439 1074; baseline 0.011 -29"><span class='ocrx_word' id='word_1_28' title='bbox 601 981 673 1046; x_wconf 87' lang='lat' dir='ltr'>Iam</span> <span class='ocrx_word' id='word_1_29' title='bbox 696 1005 828 1070; x_wconf 86' lang='lat' dir='ltr'>campus</span> <span class='ocrx_word' id='word_1_30' title='bbox 852 984 947 1065; x_wconf 88' lang='lat' dir='ltr'>ridet,</span> <span class='ocrx_word' id='word_1_31' title='bbox 970 986 1088 1052; x_wconf 90' lang='lat' dir='ltr'>florent</span> <span class='ocrx_word' id='word_1_32' title='bbox 1110 987 1152 1052; x_wconf 89' lang='lat' dir='ltr'>ad</span> <span class='ocrx_word' id='word_1_33' title='bbox 1174 988 1294 1074; x_wconf 85' lang='lat' dir='ltr'>gaudia</span> <span class='ocrx_word' id='word_1_34' title='bbox 1317 990 1439 1056; x_wconf 83' lang='lat' dir='ltr'>Christi</span> 
     </span>
    </p>

    <p class='ocr_par' dir='ltr' id='par_1_6' title="bbox 600 1084 1605 1696">
     <span class='ocr_line' id='line_1_7' title="bbox 600 1084 1473 1174; baseline 0.01 -25"><span class='ocrx_word' id='word_1_35' title='bbox 600 1084 666 1149; x_wconf 89' lang='lat' dir='ltr'>Per</span> <span class='ocrx_word' id='word_1_36' title='bbox 688 1086 805 1151; x_wconf 87' lang='lat' dir='ltr'>cellam</span> <span class='ocrx_word' id='word_1_37' title='bbox 828 1087 988 1168; x_wconf 87' lang='lat' dir='ltr'>monachi,</span> <span class='ocrx_word' id='word_1_38' title='bbox 1010 1089 1151 1154; x_wconf 84' lang='lat' dir='ltr'>laetatur</span> <span class='ocrx_word' id='word_1_39' title='bbox 1174 1091 1280 1156; x_wconf 86' lang='lat' dir='ltr'>clerus</span> <span class='ocrx_word' id='word_1_40' title='bbox 1303 1093 1337 1157; x_wconf 89' lang='lat' dir='ltr'>in</span> <span class='ocrx_word' id='word_1_41' title='bbox 1358 1093 1439 1158; x_wconf 91' lang='lat' dir='ltr'>urbe</span> <span class='ocrx_word' id='word_1_42' title='bbox 1451 1095 1473 1174; x_wconf 84' lang='lat'>¹,</span> 
     </span>
     <span class='ocr_line' id='line_1_8' title="bbox 601 1189 1526 1279; baseline 0.008 -25"><span class='ocrx_word' id='word_1_43' title='bbox 601 1189 708 1264; x_wconf 85' lang='lat' dir='ltr'>Quem</span> <span class='ocrx_word' id='word_1_44' title='bbox 730 1192 786 1256; x_wconf 83' lang='lat' dir='ltr'>lex</span> <span class='ocrx_word' id='word_1_45' title='bbox 808 1214 873 1257; x_wconf 87' lang='lat' dir='ltr'>una</span> <span class='ocrx_word' id='word_1_46' title='bbox 894 1198 987 1258; x_wconf 88' lang='lat' dir='ltr'>tenet</span> <span class='ocrx_word' id='word_1_47' title='bbox 1007 1192 1165 1279; x_wconf 89' lang='lat' dir='ltr'>gaudenti</span> <span class='ocrx_word' id='word_1_48' title='bbox 1188 1195 1221 1260; x_wconf 90' lang='lat' dir='ltr'>in</span> <span class='ocrx_word' id='word_1_49' title='bbox 1244 1195 1342 1262; x_wconf 91' lang='lat' dir='ltr'>eorde</span> <span class='ocrx_word' id='word_1_50' title='bbox 1365 1198 1526 1262; x_wconf 83' lang='lat' dir='ltr'>voluntas.</span> 
     </span>
     <span class='ocr_line' id='line_1_9' title="bbox 602 1292 1590 1385; baseline 0.01 -29"><span class='ocrx_word' id='word_1_51' title='bbox 602 1292 711 1379; x_wconf 90' lang='lat' dir='ltr'>Iungit</span> <span class='ocrx_word' id='word_1_52' title='bbox 734 1294 776 1358; x_wconf 90' lang='lat' dir='ltr'>ad</span> <span class='ocrx_word' id='word_1_53' title='bbox 798 1302 889 1361; x_wconf 87' lang='lat' dir='ltr'>astra</span> <span class='ocrx_word' id='word_1_54' title='bbox 909 1295 991 1361; x_wconf 90' lang='lat' dir='ltr'>fides</span> <span class='ocrx_word' id='word_1_55' title='bbox 1014 1317 1167 1363; x_wconf 90' lang='lat' dir='ltr'>numeros</span> <span class='ocrx_word' id='word_1_56' title='bbox 1189 1305 1378 1384; x_wconf 88' lang='lat' dir='ltr'>turmasque</span> <span class='ocrx_word' id='word_1_57' title='bbox 1401 1300 1590 1385; x_wconf 81' lang='lat' dir='ltr'>trequentes</span> 
     </span>
     <span class='ocr_line' id='line_1_10' title="bbox 601 1396 1527 1485; baseline 0.011 -25"><span class='ocrx_word' id='word_1_58' title='bbox 601 1396 800 1484; x_wconf 82' lang='lat' dir='ltr'>Congregat,</span> <span class='ocrx_word' id='word_1_59' title='bbox 823 1406 921 1485; x_wconf 90' lang='lat' dir='ltr'>atque</span> <span class='ocrx_word' id='word_1_60' title='bbox 945 1398 1006 1466; x_wconf 90' lang='lat' dir='ltr'>deo</span> <span class='ocrx_word' id='word_1_61' title='bbox 1030 1401 1134 1466; x_wconf 90' lang='lat' dir='ltr'>solitis</span> <span class='ocrx_word' id='word_1_62' title='bbox 1157 1423 1193 1467; x_wconf 91' lang='lat' dir='ltr'>se</span> <span class='ocrx_word' id='word_1_63' title='bbox 1215 1403 1349 1468; x_wconf 89' lang='lat' dir='ltr'>mandat</span> <span class='ocrx_word' id='word_1_64' title='bbox 1370 1405 1404 1468; x_wconf 90' lang='lat' dir='ltr'>in</span> <span class='ocrx_word' id='word_1_65' title='bbox 1427 1405 1527 1470; x_wconf 88' lang='lat' dir='ltr'>horis.</span> 
     </span>
     <span class='ocr_line' id='line_1_11' title="bbox 603 1501 1605 1589; baseline 0.006 -23"><span class='ocrx_word' id='word_1_66' title='bbox 603 1501 685 1566; x_wconf 82' lang='lat' dir='ltr'>Cum</span> <span class='ocrx_word' id='word_1_67' title='bbox 709 1523 774 1566; x_wconf 89' lang='lat' dir='ltr'>nox</span> <span class='ocrx_word' id='word_1_68' title='bbox 798 1502 892 1567; x_wconf 84' lang='lat' dir='ltr'>fusca</span> <span class='ocrx_word' id='word_1_69' title='bbox 913 1504 1013 1582; x_wconf 84' lang='lat' dir='ltr'>venit,</span> <span class='ocrx_word' id='word_1_70' title='bbox 1037 1525 1110 1569; x_wconf 90' lang='lat' dir='ltr'>eum</span> <span class='ocrx_word' id='word_1_71' title='bbox 1133 1505 1336 1572; x_wconf 89' lang='lat' dir='ltr'>abscondent</span> <span class='ocrx_word' id='word_1_72' title='bbox 1359 1507 1467 1574; x_wconf 89' lang='lat' dir='ltr'>sidera</span> <span class='ocrx_word' id='word_1_73' title='bbox 1488 1509 1605 1589; x_wconf 87' lang='lat' dir='ltr'>lucem,</span> 
     </span>
     <span class='ocr_line' id='line_1_12' title="bbox 601 1603 1518 1696; baseline 0.009 -28"><span class='ocrx_word' id='word_1_74' title='bbox 601 1603 629 1668; x_wconf 85' lang='grc' dir='ltr'>Ε</span> <span class='ocrx_word' id='word_1_75' title='bbox 653 1605 763 1670; x_wconf 88' lang='lat' dir='ltr'>stratis</span> <span class='ocrx_word' id='word_1_76' title='bbox 785 1612 962 1692; x_wconf 89' lang='lat' dir='ltr'>properant</span> <span class='ocrx_word' id='word_1_77' title='bbox 984 1606 1159 1672; x_wconf 87' lang='lat' dir='ltr'>sonitatum</span> <span class='ocrx_word' id='word_1_78' title='bbox 1182 1608 1356 1676; x_wconf 80' lang='lat' dir='ltr'>adcurrere</span> <span class='ocrx_word' id='word_1_79' title='bbox 1380 1612 1518 1696; x_wconf 89' lang='lat' dir='ltr'>signum,</span> 
     </span>
    </p>

    <p class='ocr_par' dir='ltr' id='par_1_7' title="bbox 601 1707 1421 1800">
     <span class='ocr_line' id='line_1_13' title="bbox 601 1707 1421 1800; baseline 0.009 -29"><span class='ocrx_word' id='word_1_80' title='bbox 601 1707 645 1772; x_wconf 82' lang='lat' dir='ltr'>Et</span> <span class='ocrx_word' id='word_1_81' title='bbox 667 1709 836 1793; x_wconf 87' lang='lat' dir='ltr'>reciproca</span> <span class='ocrx_word' id='word_1_82' title='bbox 858 1730 917 1774; x_wconf 93' lang='lat' dir='ltr'>suo</span> <span class='ocrx_word' id='word_1_83' title='bbox 940 1709 1149 1774; x_wconf 90' lang='lat' dir='ltr'>modulantur</span> <span class='ocrx_word' id='word_1_84' title='bbox 1173 1712 1317 1778; x_wconf 87' lang='lat' dir='ltr'>earmina</span> <span class='ocrx_word' id='word_1_85' title='bbox 1340 1715 1421 1800; x_wconf 86' lang='lat' dir='ltr'>regi,</span> 
     </span>
    </p>

    <p class='ocr_par' dir='ltr' id='par_1_8' title="bbox 519 1810 1504 2210">
     <span class='ocr_line' id='line_1_14' title="bbox 519 1810 1475 1899; baseline 0.013 -29"><span class='ocrx_word' id='word_1_86' title='bbox 519 1831 531 1870; x_wconf 77' lang='lat' dir='ltr'>e</span> <span class='ocrx_word' id='word_1_87' title='bbox 602 1810 743 1876; x_wconf 84' lang='lat' dir='ltr'>Psalmis</span> <span class='ocrx_word' id='word_1_88' title='bbox 766 1819 864 1897; x_wconf 88' lang='lat' dir='ltr'>atque</span> <span class='ocrx_word' id='word_1_89' title='bbox 887 1812 993 1898; x_wconf 86' lang='lat' dir='ltr'>ymnis</span> <span class='ocrx_word' id='word_1_90' title='bbox 1016 1811 1189 1879; x_wconf 87' lang='lat' dir='ltr'>laudantes</span> <span class='ocrx_word' id='word_1_91' title='bbox 1212 1815 1273 1880; x_wconf 89' lang='lat' dir='ltr'>rite</span> <span class='ocrx_word' id='word_1_92' title='bbox 1296 1823 1475 1899; x_wconf 88' lang='lat' dir='ltr'>tonantem,</span> 
     </span>
     <span class='ocr_line' id='line_1_15' title="bbox 602 1913 1471 2000; baseline 0.007 -22"><span class='ocrx_word' id='word_1_93' title='bbox 602 1913 760 1979; x_wconf 83' lang='lat' dir='ltr'>Cantibus</span> <span class='ocrx_word' id='word_1_94' title='bbox 784 1914 817 1978; x_wconf 94' lang='lat' dir='ltr'>in</span> <span class='ocrx_word' id='word_1_95' title='bbox 840 1914 964 1980; x_wconf 89' lang='lat' dir='ltr'>crebris</span> <span class='ocrx_word' id='word_1_96' title='bbox 987 1923 1119 1980; x_wconf 89' lang='lat' dir='ltr'>comunt</span> <span class='ocrx_word' id='word_1_97' title='bbox 1142 1923 1176 1982; x_wconf 89' lang='lat' dir='ltr'>et</span> <span class='ocrx_word' id='word_1_98' title='bbox 1199 1938 1279 1982; x_wconf 89' lang='lat' dir='ltr'>voce</span> <span class='ocrx_word' id='word_1_99' title='bbox 1303 1920 1471 2000; x_wconf 89' lang='lat' dir='ltr'>sacellum,</span> 
     </span>
     <span class='ocr_line' id='line_1_16' title="bbox 602 2016 1504 2104; baseline 0.009 -23"><span class='ocrx_word' id='word_1_100' title='bbox 602 2016 698 2092; x_wconf 85' lang='lat' dir='ltr'>Quod</span> <span class='ocrx_word' id='word_1_101' title='bbox 720 2017 801 2083; x_wconf 90' lang='lat' dir='ltr'>deus</span> <span class='ocrx_word' id='word_1_102' title='bbox 825 2025 858 2082; x_wconf 91' lang='lat' dir='ltr'>et</span> <span class='ocrx_word' id='word_1_103' title='bbox 881 2040 1034 2104; x_wconf 89' lang='lat' dir='ltr'>proceres</span> <span class='ocrx_word' id='word_1_104' title='bbox 1057 2028 1226 2085; x_wconf 87' lang='lat' dir='ltr'>servantes</span> <span class='ocrx_word' id='word_1_105' title='bbox 1250 2024 1378 2087; x_wconf 89' lang='lat' dir='ltr'>moenia</span> <span class='ocrx_word' id='word_1_106' title='bbox 1400 2024 1504 2089; x_wconf 88' lang='lat' dir='ltr'>cellae</span> 
     </span>
     <span class='ocr_line' id='line_1_17' title="bbox 600 2119 1439 2210; baseline 0.006 -25"><span class='ocrx_word' id='word_1_107' title='bbox 600 2119 792 2186; x_wconf 86' lang='lat' dir='ltr'>Muneribus</span> <span class='ocrx_word' id='word_1_108' title='bbox 816 2121 992 2207; x_wconf 90' lang='lat' dir='ltr'>multisque</span> <span class='ocrx_word' id='word_1_109' title='bbox 1016 2121 1110 2186; x_wconf 89' lang='lat' dir='ltr'>bonis</span> <span class='ocrx_word' id='word_1_110' title='bbox 1133 2144 1249 2188; x_wconf 89' lang='lat' dir='ltr'>ornare</span> <span class='ocrx_word' id='word_1_111' title='bbox 1271 2124 1439 2210; x_wconf 87' lang='lat' dir='ltr'>parabant.</span> 
     </span>
    </p>

    <p class='ocr_par' dir='ltr' id='par_1_9' title="bbox 600 2224 1421 2312">
     <span class='ocr_line' id='line_1_18' title="bbox 600 2224 1421 2312; baseline 0.006 -22"><span class='ocrx_word' id='word_1_112' title='bbox 600 2226 693 2291; x_wconf 88' lang='lat' dir='ltr'>Haec</span> <span class='ocrx_word' id='word_1_113' title='bbox 716 2232 767 2291; x_wconf 92' lang='lat' dir='ltr'>est</span> <span class='ocrx_word' id='word_1_114' title='bbox 790 2226 847 2290; x_wconf 88' lang='lat' dir='ltr'>illa</span> <span class='ocrx_word' id='word_1_115' title='bbox 869 2224 993 2308; x_wconf 91' lang='lat' dir='ltr'>domus,</span> <span class='ocrx_word' id='word_1_116' title='bbox 1016 2227 1177 2312; x_wconf 87' lang='lat' dir='ltr'>porrectis</span> <span class='ocrx_word' id='word_1_117' title='bbox 1201 2227 1289 2294; x_wconf 88' lang='lat' dir='ltr'>edita</span> <span class='ocrx_word' id='word_1_118' title='bbox 1310 2231 1421 2308; x_wconf 86' lang='lat' dir='ltr'>muris,</span> 
     </span>
    </p>

    <p class='ocr_par' dir='ltr' id='par_1_10' title="bbox 519 2327 1472 2622">
     <span class='ocr_line' id='line_1_19' title="bbox 519 2327 1472 2415; baseline 0.009 -26"><span class='ocrx_word' id='word_1_119' title='bbox 519 2350 536 2389; x_wconf 84' lang='lat' dir='ltr'>a</span> <span class='ocrx_word' id='word_1_120' title='bbox 602 2327 707 2402; x_wconf 86' lang='lat' dir='ltr'>Quam</span> <span class='ocrx_word' id='word_1_121' title='bbox 730 2329 781 2394; x_wconf 90' lang='lat' dir='ltr'>sol</span> <span class='ocrx_word' id='word_1_122' title='bbox 803 2350 862 2415; x_wconf 92' lang='lat' dir='ltr'>per</span> <span class='ocrx_word' id='word_1_123' title='bbox 883 2329 1005 2394; x_wconf 84' lang='lat' dir='ltr'>vitreas</span> <span class='ocrx_word' id='word_1_124' title='bbox 1028 2330 1195 2395; x_wconf 86' lang='lat' dir='ltr'>illustrans</span> <span class='ocrx_word' id='word_1_125' title='bbox 1219 2331 1374 2397; x_wconf 87' lang='lat' dir='ltr'>candidus</span> <span class='ocrx_word' id='word_1_126' title='bbox 1398 2355 1472 2398; x_wconf 88' lang='lat' dir='ltr'>oras</span> 
     </span>
     <span class='ocr_line' id='line_1_20' title="bbox 600 2432 1430 2523; baseline 0.006 -26"><span class='ocrx_word' id='word_1_127' title='bbox 600 2432 752 2519; x_wconf 89' lang='lat' dir='ltr'>Limpida</span> <span class='ocrx_word' id='word_1_128' title='bbox 773 2433 955 2520; x_wconf 89' lang='lat' dir='ltr'>praenitido</span> <span class='ocrx_word' id='word_1_129' title='bbox 979 2432 1130 2499; x_wconf 80' lang='lat' dir='ltr'>diffundit</span> <span class='ocrx_word' id='word_1_130' title='bbox 1152 2435 1275 2500; x_wconf 89' lang='lat' dir='ltr'>lumina</span> <span class='ocrx_word' id='word_1_131' title='bbox 1296 2437 1430 2523; x_wconf 90' lang='lat' dir='ltr'>templo.</span> 
     </span>
     <span class='ocr_line' id='line_1_21' title="bbox 601 2536 1445 2622; baseline 0.005 -20"><span class='ocrx_word' id='word_1_132' title='bbox 601 2536 747 2602; x_wconf 89' lang='lat' dir='ltr'>Plurima</span> <span class='ocrx_word' id='word_1_133' title='bbox 770 2558 844 2601; x_wconf 89' lang='lat' dir='ltr'>eum</span> <span class='ocrx_word' id='word_1_134' title='bbox 867 2537 973 2602; x_wconf 85' lang='lat' dir='ltr'>saneti</span> <span class='ocrx_word' id='word_1_135' title='bbox 996 2543 1072 2602; x_wconf 92' lang='lat' dir='ltr'>sunt</span> <span class='ocrx_word' id='word_1_136' title='bbox 1093 2546 1284 2605; x_wconf 86' lang='lat' dir='ltr'>ornamenta</span> <span class='ocrx_word' id='word_1_137' title='bbox 1306 2539 1445 2622; x_wconf 81' lang='lat' dir='ltr'>delubri,</span> 
     </span>
    </p>
   </div>
   <div class='ocr_carea' id='block_1_3' title="bbox 599 2640 1612 3245">
    <p class='ocr_par' dir='ltr' id='par_1_11' title="bbox 599 2640 1548 2831">
     <span class='ocr_line' id='line_1_22' title="bbox 601 2640 1548 2727; baseline 0.006 -23"><span class='ocrx_word' id='word_1_138' title='bbox 601 2640 667 2705; x_wconf 91' lang='lat' dir='ltr'>Hie</span> <span class='ocrx_word' id='word_1_139' title='bbox 689 2645 798 2705; x_wconf 87' lang='lat' dir='ltr'>tamen</span> <span class='ocrx_word' id='word_1_140' title='bbox 820 2640 903 2705; x_wconf 86' lang='lat' dir='ltr'>haec</span> <span class='ocrx_word' id='word_1_141' title='bbox 926 2643 1040 2727; x_wconf 82' lang='lat' dir='ltr'>paucis</span> <span class='ocrx_word' id='word_1_142' title='bbox 1063 2641 1162 2708; x_wconf 90' lang='lat' dir='ltr'>liceat</span> <span class='ocrx_word' id='word_1_143' title='bbox 1184 2664 1365 2710; x_wconf 88' lang='lat' dir='ltr'>memorare</span> <span class='ocrx_word' id='word_1_144' title='bbox 1390 2645 1548 2711; x_wconf 89' lang='lat' dir='ltr'>canendo.</span> 
     </span>
     <span class='ocr_line' id='line_1_23' title="bbox 599 2743 1431 2831; baseline 0.005 -23"><span class='ocrx_word' id='word_1_145' title='bbox 599 2743 647 2808; x_wconf 91' lang='lat' dir='ltr'>Ut</span> <span class='ocrx_word' id='word_1_146' title='bbox 669 2743 796 2809; x_wconf 88' lang='lat' dir='ltr'>eaelum</span> <span class='ocrx_word' id='word_1_147' title='bbox 819 2744 931 2808; x_wconf 89' lang='lat' dir='ltr'>rutilat</span> <span class='ocrx_word' id='word_1_148' title='bbox 954 2744 1059 2810; x_wconf 91' lang='lat' dir='ltr'>stellis</span> <span class='ocrx_word' id='word_1_149' title='bbox 1082 2745 1295 2831; x_wconf 84' lang='lat' dir='ltr'>fulgentibus,</span> <span class='ocrx_word' id='word_1_150' title='bbox 1318 2768 1431 2812; x_wconf 89' lang='lat' dir='ltr'>omnes</span> 
     </span>
    </p>

    <p class='ocr_par' dir='ltr' id='par_1_12' title="bbox 601 2845 1445 3037">
     <span class='ocr_line' id='line_1_24' title="bbox 602 2845 1445 2937; baseline 0.005 -27"><span class='ocrx_word' id='word_1_151' title='bbox 602 2845 656 2910; x_wconf 82' lang='lat' dir='ltr'>Sic</span> <span class='ocrx_word' id='word_1_152' title='bbox 679 2847 834 2911; x_wconf 88' lang='lat' dir='ltr'>tremulas</span> <span class='ocrx_word' id='word_1_153' title='bbox 858 2847 987 2913; x_wconf 85' lang='lat' dir='ltr'>vibrant</span> <span class='ocrx_word' id='word_1_154' title='bbox 1010 2848 1123 2914; x_wconf 88' lang='lat' dir='ltr'>subter</span> <span class='ocrx_word' id='word_1_155' title='bbox 1144 2848 1307 2915; x_wconf 89' lang='lat' dir='ltr'>testudine</span> <span class='ocrx_word' id='word_1_156' title='bbox 1331 2851 1445 2937; x_wconf 89' lang='lat' dir='ltr'>templi</span> 
     </span>
     <span class='ocr_line' id='line_1_25' title="bbox 601 2948 1391 3037; baseline 0.003 -22"><span class='ocrx_word' id='word_1_157' title='bbox 601 2948 780 3015; x_wconf 89' lang='lat' dir='ltr'>Ordinibus</span> <span class='ocrx_word' id='word_1_158' title='bbox 803 2951 901 3015; x_wconf 87' lang='lat' dir='ltr'>variis</span> <span class='ocrx_word' id='word_1_159' title='bbox 924 2951 1048 3016; x_wconf 81' lang='lat' dir='ltr'>funalia</span> <span class='ocrx_word' id='word_1_160' title='bbox 1069 2951 1212 3037; x_wconf 90' lang='lat' dir='ltr'>pendula</span> <span class='ocrx_word' id='word_1_161' title='bbox 1234 2953 1391 3018; x_wconf 87' lang='lat' dir='ltr'>flammas.</span> 
     </span>
    </p>

    <p class='ocr_par' dir='ltr' id='par_1_13' title="bbox 599 3053 1612 3245">
     <span class='ocr_line' id='line_1_26' title="bbox 600 3053 1612 3146; baseline 0.008 -29"><span class='ocrx_word' id='word_1_162' title='bbox 600 3053 767 3119; x_wconf 86' lang='lat' dir='ltr'>Mentibus</span> <span class='ocrx_word' id='word_1_163' title='bbox 789 3054 871 3120; x_wconf 87' lang='lat' dir='ltr'>haec</span> <span class='ocrx_word' id='word_1_164' title='bbox 894 3054 1032 3141; x_wconf 88' lang='lat' dir='ltr'>placidis</span> <span class='ocrx_word' id='word_1_165' title='bbox 1056 3055 1215 3142; x_wconf 89' lang='lat' dir='ltr'>quaedam</span> <span class='ocrx_word' id='word_1_166' title='bbox 1239 3078 1311 3122; x_wconf 92' lang='lat' dir='ltr'>eum</span> <span class='ocrx_word' id='word_1_167' title='bbox 1334 3065 1481 3144; x_wconf 90' lang='lat' dir='ltr'>tempore</span> <span class='ocrx_word' id='word_1_168' title='bbox 1504 3060 1612 3146; x_wconf 91' lang='lat' dir='ltr'>prisco</span> 
     </span>
     <span class='ocr_line' id='line_1_27' title="bbox 599 3155 1473 3245; baseline 0.006 -26"><span class='ocrx_word' id='word_1_169' title='bbox 599 3155 790 3222; x_wconf 86' lang='lat' dir='ltr'>Attribuere</span> <span class='ocrx_word' id='word_1_170' title='bbox 814 3156 875 3222; x_wconf 91' lang='lat' dir='ltr'>deo</span> <span class='ocrx_word' id='word_1_171' title='bbox 900 3157 1061 3243; x_wconf 87' lang='lat' dir='ltr'>quaedam</span> <span class='ocrx_word' id='word_1_172' title='bbox 1084 3180 1302 3245; x_wconf 89' lang='lat' dir='ltr'>proceresque</span> <span class='ocrx_word' id='word_1_173' title='bbox 1325 3160 1473 3227; x_wconf 89' lang='lat' dir='ltr'>moderni</span> 
     </span>
    </p>
   </div>
   <div class='ocr_carea' id='block_1_4' title="bbox 519 3257 1552 4690">
    <p class='ocr_par' dir='ltr' id='par_1_14' title="bbox 600 3257 1552 3452">
     <span class='ocr_line' id='line_1_28' title="bbox 600 3257 1465 3346; baseline 0.009 -25"><span class='ocrx_word' id='word_1_174' title='bbox 600 3257 671 3322; x_wconf 88' lang='lat' dir='ltr'>Iam</span> <span class='ocrx_word' id='word_1_175' title='bbox 694 3267 910 3345; x_wconf 88' lang='lat' dir='ltr'>superaucta</span> <span class='ocrx_word' id='word_1_176' title='bbox 933 3261 996 3346; x_wconf 93' lang='lat' dir='ltr'>piis</span> <span class='ocrx_word' id='word_1_177' title='bbox 1020 3261 1178 3326; x_wconf 78' lang='lat' dir='ltr'>curabant</span> <span class='ocrx_word' id='word_1_178' title='bbox 1201 3261 1338 3328; x_wconf 88' lang='lat' dir='ltr'>reddere</span> <span class='ocrx_word' id='word_1_179' title='bbox 1361 3262 1465 3329; x_wconf 91' lang='lat' dir='ltr'>donis.</span> 
     </span>
     <span class='ocr_line' id='line_1_29' title="bbox 680 3363 1552 3452; baseline 0.008 -26"><span class='ocrx_word' id='word_1_180' title='bbox 680 3363 764 3427; x_wconf 90' lang='lat' dir='ltr'>Nam</span> <span class='ocrx_word' id='word_1_181' title='bbox 785 3364 897 3449; x_wconf 89' lang='lat' dir='ltr'>plures</span> <span class='ocrx_word' id='word_1_182' title='bbox 919 3364 1012 3428; x_wconf 90' lang='lat' dir='ltr'>multi</span> <span class='ocrx_word' id='word_1_183' title='bbox 1035 3365 1212 3450; x_wconf 88' lang='lat' dir='ltr'>cupiebant</span> <span class='ocrx_word' id='word_1_184' title='bbox 1233 3364 1378 3452; x_wconf 89' lang='lat' dir='ltr'>pendere</span> <span class='ocrx_word' id='word_1_185' title='bbox 1401 3388 1519 3433; x_wconf 86' lang='lat' dir='ltr'>caucos</span> <span class='ocrx_word' id='word_1_186' title='bbox 1529 3367 1552 3449; x_wconf 78' lang='lat'>²,</span> 
     </span>
    </p>

    <p class='ocr_par' dir='ltr' id='par_1_15' title="bbox 598 3464 1531 4379">
     <span class='ocr_line' id='line_1_30' title="bbox 598 3464 1476 3555; baseline 0.007 -27"><span class='ocrx_word' id='word_1_187' title='bbox 598 3464 751 3551; x_wconf 89' lang='lat' dir='ltr'>Limpida</span> <span class='ocrx_word' id='word_1_188' title='bbox 773 3466 827 3551; x_wconf 91' lang='lat' dir='ltr'>qui</span> <span class='ocrx_word' id='word_1_189' title='bbox 849 3466 996 3531; x_wconf 88' lang='lat' dir='ltr'>tribuant</span> <span class='ocrx_word' id='word_1_190' title='bbox 1019 3465 1176 3552; x_wconf 88' lang='lat' dir='ltr'>quadrato</span> <span class='ocrx_word' id='word_1_191' title='bbox 1199 3469 1322 3533; x_wconf 90' lang='lat' dir='ltr'>lumina</span> <span class='ocrx_word' id='word_1_192' title='bbox 1343 3469 1476 3555; x_wconf 89' lang='lat' dir='ltr'>templo.</span> 
     </span>
     <span class='ocr_line' id='line_1_31' title="bbox 598 3568 1340 3660; baseline 0.004 -28"><span class='ocrx_word' id='word_1_193' title='bbox 598 3569 663 3660; x_wconf 78' lang='lat' dir='ltr'>Ast</span> <span class='ocrx_word' id='word_1_194' title='bbox 685 3568 741 3633; x_wconf 91' lang='lat' dir='ltr'>alii</span> <span class='ocrx_word' id='word_1_195' title='bbox 764 3569 862 3634; x_wconf 91' lang='lat' dir='ltr'>rutilo</span> <span class='ocrx_word' id='word_1_196' title='bbox 886 3568 1031 3634; x_wconf 89' lang='lat' dir='ltr'>condunt</span> <span class='ocrx_word' id='word_1_197' title='bbox 1051 3569 1175 3635; x_wconf 81' lang='lat' dir='ltr'>vexilla</span> <span class='ocrx_word' id='word_1_198' title='bbox 1196 3571 1340 3654; x_wconf 86' lang='lat' dir='ltr'>metallo,</span> 
     </span>
     <span class='ocr_line' id='line_1_32' title="bbox 601 3671 1482 3758; baseline 0.005 -23"><span class='ocrx_word' id='word_1_199' title='bbox 601 3671 693 3745; x_wconf 84' lang='lat' dir='ltr'>Quae</span> <span class='ocrx_word' id='word_1_200' title='bbox 716 3671 904 3737; x_wconf 88' lang='lat' dir='ltr'>veneranda</span> <span class='ocrx_word' id='word_1_201' title='bbox 925 3673 972 3758; x_wconf 91' lang='lat' dir='ltr'>pii</span> <span class='ocrx_word' id='word_1_202' title='bbox 995 3679 1147 3758; x_wconf 90' lang='lat' dir='ltr'>promunt</span> <span class='ocrx_word' id='word_1_203' title='bbox 1170 3673 1326 3738; x_wconf 87' lang='lat' dir='ltr'>miracula</span> <span class='ocrx_word' id='word_1_204' title='bbox 1349 3672 1482 3756; x_wconf 79' lang='lat' dir='ltr'>Christi,</span> 
     </span>
     <span class='ocr_line' id='line_1_33' title="bbox 601 3774 1506 3862; baseline 0.006 -23"><span class='ocrx_word' id='word_1_205' title='bbox 601 3774 666 3849; x_wconf 84' lang='lat' dir='ltr'>Qui</span> <span class='ocrx_word' id='word_1_206' title='bbox 689 3776 794 3860; x_wconf 79' lang='lat' dir='ltr'>crucis</span> <span class='ocrx_word' id='word_1_207' title='bbox 818 3776 852 3840; x_wconf 93' lang='lat' dir='ltr'>in</span> <span class='ocrx_word' id='word_1_208' title='bbox 874 3776 964 3862; x_wconf 88' lang='lat' dir='ltr'>ligno</span> <span class='ocrx_word' id='word_1_209' title='bbox 987 3775 1143 3840; x_wconf 91' lang='lat' dir='ltr'>mundum</span> <span class='ocrx_word' id='word_1_210' title='bbox 1165 3775 1206 3842; x_wconf 94' lang='lat' dir='ltr'>de</span> <span class='ocrx_word' id='word_1_211' title='bbox 1230 3784 1334 3842; x_wconf 88' lang='lat' dir='ltr'>morte</span> <span class='ocrx_word' id='word_1_212' title='bbox 1357 3777 1506 3852; x_wconf 81' lang='lat' dir='ltr'>redemit.</span> 
     </span>
     <span class='ocr_line' id='line_1_34' title="bbox 600 3877 1438 3965; baseline 0.001 -22"><span class='ocrx_word' id='word_1_213' title='bbox 600 3877 740 3952; x_wconf 83' lang='lat' dir='ltr'>Quidam</span> <span class='ocrx_word' id='word_1_214' title='bbox 763 3879 971 3965; x_wconf 89' lang='lat' dir='ltr'>praecipiunt</span> <span class='ocrx_word' id='word_1_215' title='bbox 993 3884 1137 3944; x_wconf 87' lang='lat' dir='ltr'>sacratos</span> <span class='ocrx_word' id='word_1_216' title='bbox 1161 3880 1304 3944; x_wconf 87' lang='lat' dir='ltr'>seribere</span> <span class='ocrx_word' id='word_1_217' title='bbox 1327 3880 1438 3961; x_wconf 88' lang='lat' dir='ltr'>libros,</span> 
     </span>
     <span class='ocr_line' id='line_1_35' title="bbox 601 3981 1525 4068; baseline 0.003 -22"><span class='ocrx_word' id='word_1_218' title='bbox 601 3981 673 4055; x_wconf 83' lang='lat' dir='ltr'>Quo</span> <span class='ocrx_word' id='word_1_219' title='bbox 697 3983 868 4068; x_wconf 85' lang='lat' dir='ltr'>praecelsa</span> <span class='ocrx_word' id='word_1_220' title='bbox 890 3981 944 4046; x_wconf 89' lang='lat' dir='ltr'>dei</span> <span class='ocrx_word' id='word_1_221' title='bbox 966 3989 1149 4047; x_wconf 86' lang='lat' dir='ltr'>monstrant</span> <span class='ocrx_word' id='word_1_222' title='bbox 1171 3984 1236 4048; x_wconf 89' lang='lat' dir='ltr'>iam</span> <span class='ocrx_word' id='word_1_223' title='bbox 1259 3982 1348 4048; x_wconf 91' lang='lat' dir='ltr'>diota</span> <span class='ocrx_word' id='word_1_224' title='bbox 1371 3985 1525 4066; x_wconf 90' lang='lat' dir='ltr'>tonantis,</span> 
     </span>
     <span class='ocr_line' id='line_1_36' title="bbox 600 4084 1531 4172; baseline 0.002 -22"><span class='ocrx_word' id='word_1_225' title='bbox 600 4084 664 4159; x_wconf 85' lang='lat' dir='ltr'>Qui</span> <span class='ocrx_word' id='word_1_226' title='bbox 688 4086 834 4150; x_wconf 89' lang='lat' dir='ltr'>sonitans</span> <span class='ocrx_word' id='word_1_227' title='bbox 859 4084 981 4150; x_wconf 92' lang='lat' dir='ltr'>dudum</span> <span class='ocrx_word' id='word_1_228' title='bbox 1004 4084 1158 4150; x_wconf 89' lang='lat' dir='ltr'>mundum</span> <span class='ocrx_word' id='word_1_229' title='bbox 1181 4085 1369 4172; x_wconf 80' lang='lat' dir='ltr'>perfuderat</span> <span class='ocrx_word' id='word_1_230' title='bbox 1392 4109 1531 4168; x_wconf 87' lang='lat' dir='ltr'>omnem,</span> 
     </span>
     <span class='ocr_line' id='line_1_37' title="bbox 601 4188 1424 4276; baseline 0 -22"><span class='ocrx_word' id='word_1_231' title='bbox 601 4190 710 4276; x_wconf 84' lang='lat' dir='ltr'>Atque</span> <span class='ocrx_word' id='word_1_232' title='bbox 733 4189 793 4254; x_wconf 92' lang='lat' dir='ltr'>bos</span> <span class='ocrx_word' id='word_1_233' title='bbox 818 4189 987 4275; x_wconf 89' lang='lat' dir='ltr'>conspicui</span> <span class='ocrx_word' id='word_1_234' title='bbox 1008 4190 1179 4275; x_wconf 84' lang='lat' dir='ltr'>praevelat</span> <span class='ocrx_word' id='word_1_235' title='bbox 1201 4188 1331 4254; x_wconf 83' lang='lat' dir='ltr'>ductilis</span> <span class='ocrx_word' id='word_1_236' title='bbox 1353 4191 1424 4256; x_wconf 88' lang='lat' dir='ltr'>auri</span> 
     </span>
     <span class='ocr_line' id='line_1_38' title="bbox 600 4290 1387 4379; baseline 0.003 -23"><span class='ocrx_word' id='word_1_237' title='bbox 600 4291 747 4373; x_wconf 86' lang='lat' dir='ltr'>Lamina,</span> <span class='ocrx_word' id='word_1_238' title='bbox 772 4292 819 4358; x_wconf 89' lang='lat' dir='ltr'>sie</span> <span class='ocrx_word' id='word_1_239' title='bbox 843 4290 948 4357; x_wconf 88' lang='lat' dir='ltr'>sancti</span> <span class='ocrx_word' id='word_1_240' title='bbox 971 4298 1105 4358; x_wconf 89' lang='lat' dir='ltr'>comunt</span> <span class='ocrx_word' id='word_1_241' title='bbox 1126 4292 1242 4357; x_wconf 88' lang='lat' dir='ltr'>altaria</span> <span class='ocrx_word' id='word_1_242' title='bbox 1263 4294 1387 4379; x_wconf 92' lang='lat' dir='ltr'>templi.</span> 
     </span>
    </p>

    <p class='ocr_par' dir='ltr' id='par_1_16' title="bbox 519 4395 1508 4690">
     <span class='ocr_line' id='line_1_39' title="bbox 519 4395 1508 4482; baseline 0.004 -25"><span class='ocrx_word' id='word_1_243' title='bbox 519 4418 545 4458; x_wconf 77' lang='lat' dir='ltr'>n</span> <span class='ocrx_word' id='word_1_244' title='bbox 601 4397 664 4462; x_wconf 85' lang='lat' dir='ltr'>Ast</span> <span class='ocrx_word' id='word_1_245' title='bbox 686 4395 817 4482; x_wconf 86' lang='lat' dir='ltr'>quidam</span> <span class='ocrx_word' id='word_1_246' title='bbox 840 4396 991 4462; x_wconf 86' lang='lat' dir='ltr'>dominae</span> <span class='ocrx_word' id='word_1_247' title='bbox 1015 4416 1163 4461; x_wconf 90' lang='lat' dir='ltr'>mensam</span> <span class='ocrx_word' id='word_1_248' title='bbox 1185 4417 1269 4482; x_wconf 88' lang='lat' dir='ltr'>quae</span> <span class='ocrx_word' id='word_1_249' title='bbox 1292 4397 1412 4462; x_wconf 93' lang='lat' dir='ltr'>nobilis</span> <span class='ocrx_word' id='word_1_250' title='bbox 1435 4403 1508 4461; x_wconf 89' lang='lat' dir='ltr'>ortu</span> 
     </span>
     <span class='ocr_line' id='line_1_40' title="bbox 603 4500 1429 4566; baseline -0.002 -1"><span class='ocrx_word' id='word_1_251' title='bbox 603 4500 813 4566; x_wconf 83' lang='lat' dir='ltr'>Gemmarum</span> <span class='ocrx_word' id='word_1_252' title='bbox 835 4500 973 4564; x_wconf 90' lang='lat' dir='ltr'>flammis</span> <span class='ocrx_word' id='word_1_253' title='bbox 996 4505 1030 4565; x_wconf 90' lang='lat' dir='ltr'>et</span> <span class='ocrx_word' id='word_1_254' title='bbox 1050 4500 1140 4564; x_wconf 82' lang='lat' dir='ltr'>fulvo</span> <span class='ocrx_word' id='word_1_255' title='bbox 1164 4500 1262 4565; x_wconf 84' lang='lat' dir='ltr'>vestit</span> <span class='ocrx_word' id='word_1_256' title='bbox 1284 4500 1318 4564; x_wconf 91' lang='lat' dir='ltr'>in</span> <span class='ocrx_word' id='word_1_257' title='bbox 1340 4521 1429 4565; x_wconf 88' lang='lat' dir='ltr'>auro.</span> 
     </span>
     <span class='ocr_line' id='line_1_41' title="bbox 602 4603 1423 4690; baseline 0 -20"><span class='ocrx_word' id='word_1_258' title='bbox 602 4604 741 4690; x_wconf 82' lang='lat' dir='ltr'>Argenti</span> <span class='ocrx_word' id='word_1_259' title='bbox 763 4603 823 4669; x_wconf 85' lang='lat' dir='ltr'>has</span> <span class='ocrx_word' id='word_1_260' title='bbox 845 4604 969 4671; x_wconf 91' lang='lat' dir='ltr'>nitidae</span> <span class='ocrx_word' id='word_1_261' title='bbox 992 4604 1173 4690; x_wconf 88' lang='lat' dir='ltr'>distingunt</span> <span class='ocrx_word' id='word_1_262' title='bbox 1195 4605 1256 4670; x_wconf 89' lang='lat' dir='ltr'>rite</span> <span class='ocrx_word' id='word_1_263' title='bbox 1279 4605 1423 4670; x_wconf 89' lang='lat' dir='ltr'>tabellae</span> 
     </span>
    </p>
   </div>
   <div class='ocr_carea' id='block_1_5' title="bbox 342 4801 610 4810">
    <p class='ocr_par' dir='ltr' id='par_1_17' title="bbox 342 4801 610 4810">
     <span class='ocr_line' id='line_1_42' title="bbox 342 4801 610 4810; baseline -0.011 0"><span class='ocrx_word' id='word_1_264' title='bbox 342 4801 610 4810; x_wconf 45' lang='grc' dir='ltr'>,μψ-</span> 
     </span>
    </p>
   </div>
   <div class='ocr_carea' id='block_1_6' title="bbox 136 4928 1891 5341">
    <p class='ocr_par' dir='ltr' id='par_1_18' title="bbox 341 4928 1889 4998">
     <span class='ocr_line' id='line_1_43' title="bbox 341 4928 1889 4998; baseline -0.003 -12"><span class='ocrx_word' id='word_1_265' title='bbox 341 4934 375 4988; x_wconf 91' lang='lat'>10</span> <span class='ocrx_word' id='word_1_266' title='bbox 391 4953 440 4988; x_wconf 89' lang='lat' dir='ltr'>nso</span> <span class='ocrx_word' id='word_1_267' title='bbox 451 4936 576 4987; x_wconf 79' lang='lat' dir='ltr'>liminst&#39;</span> <span class='ocrx_word' id='word_1_268' title='bbox 660 4931 694 4984; x_wconf 81' lang='lat'>15</span> <span class='ocrx_word' id='word_1_269' title='bbox 711 4941 860 4998; x_wconf 87' lang='lat' dir='ltr'>turmosque</span> <span class='ocrx_word' id='word_1_270' title='bbox 872 4931 903 4997; x_wconf 89' lang='lat' dir='ltr'>L,</span> <span class='ocrx_word' id='word_1_271' title='bbox 922 4935 1100 4997; x_wconf 76' lang='lat' dir='ltr'>tsrmosquetl</span> <span class='ocrx_word' id='word_1_272' title='bbox 1186 4929 1217 4982; x_wconf 74' lang='lat' dir='ltr'>l&#39;l</span> <span class='ocrx_word' id='word_1_273' title='bbox 1235 4933 1304 4982; x_wconf 80' lang='lat' dir='ltr'>lases</span> <span class='ocrx_word' id='word_1_274' title='bbox 1320 4932 1341 4981; x_wconf 85' lang='lat'><strong><em>0</em></strong></span> <span class='ocrx_word' id='word_1_275' title='bbox 1427 4928 1461 4980; x_wconf 87' lang='lat'>18</span> <span class='ocrx_word' id='word_1_276' title='bbox 1478 4931 1598 4982; x_wconf 80' lang='lat' dir='ltr'>Astrutis</span> <span class='ocrx_word' id='word_1_277' title='bbox 1614 4929 1636 4979; x_wconf 92' lang='lat' dir='ltr'><strong><em>O</em></strong></span> <span class='ocrx_word' id='word_1_278' title='bbox 1686 4930 1889 4982; x_wconf 78' lang='lat' dir='ltr'>sanitatemLO</span> 
     </span>
    </p>

    <p class='ocr_par' dir='ltr' id='par_1_19' title="bbox 235 5012 1891 5084">
     <span class='ocr_line' id='line_1_44' title="bbox 235 5012 1891 5084; baseline -0.004 -11"><span class='ocrx_word' id='word_1_279' title='bbox 235 5020 270 5073; x_wconf 78' lang='lat'>23</span> <span class='ocrx_word' id='word_1_280' title='bbox 287 5023 361 5074; x_wconf 86' lang='lat' dir='ltr'>bonis</span> <span class='ocrx_word' id='word_1_281' title='bbox 378 5041 426 5073; x_wconf 74' lang='lat' dir='ltr'>ons.</span> <span class='ocrx_word' id='word_1_282' title='bbox 440 5022 462 5072; x_wconf 88' lang='lat'><strong><em>0</em></strong></span> <span class='ocrx_word' id='word_1_283' title='bbox 564 5019 599 5072; x_wconf 77' lang='lat'>24</span> <span class='ocrx_word' id='word_1_284' title='bbox 617 5019 723 5073; x_wconf 84' lang='lat' dir='ltr'>mudiris</span> <span class='ocrx_word' id='word_1_285' title='bbox 737 5016 759 5069; x_wconf 92' lang='lat'><em>0</em></span> <span class='ocrx_word' id='word_1_286' title='bbox 861 5014 896 5068; x_wconf 83' lang='lat'>25</span> <span class='ocrx_word' id='word_1_287' title='bbox 913 5033 1055 5084; x_wconf 84' lang='lat' dir='ltr'>purpureas</span> <span class='ocrx_word' id='word_1_288' title='bbox 1069 5016 1092 5067; x_wconf 76' lang='lat' dir='ltr'>(J</span> <span class='ocrx_word' id='word_1_289' title='bbox 1157 5017 1232 5068; x_wconf 86' lang='lat' dir='ltr'>boras</span> <span class='ocrx_word' id='word_1_290' title='bbox 1244 5016 1271 5077; x_wconf 84' lang='lat'>0,</span> <span class='ocrx_word' id='word_1_291' title='bbox 1289 5033 1347 5068; x_wconf 84' lang='lat' dir='ltr'>oras</span> <span class='ocrx_word' id='word_1_292' title='bbox 1365 5013 1491 5080; x_wconf 76' lang='lat' dir='ltr'>(omnes‘l)</span> <span class='ocrx_word' id='word_1_293' title='bbox 1504 5015 1529 5065; x_wconf 91' lang='lat' dir='ltr'><em>L</em></span> <span class='ocrx_word' id='word_1_294' title='bbox 1630 5012 1665 5066; x_wconf 83' lang='lat'>26</span> <span class='ocrx_word' id='word_1_295' title='bbox 1682 5031 1728 5082; x_wconf 91' lang='lat' dir='ltr'>per</span> <span class='ocrx_word' id='word_1_296' title='bbox 1744 5015 1825 5066; x_wconf 83' lang='lat' dir='ltr'>nitida</span> <span class='ocrx_word' id='word_1_297' title='bbox 1834 5015 1858 5066; x_wconf 89' lang='lat' dir='ltr'><em>L</em></span> <span class='ocrx_word' id='word_1_298' title='bbox 1868 5015 1891 5066; x_wconf 80' lang='lat'><em>0</em></span> 
     </span>
    </p>

    <p class='ocr_par' dir='ltr' id='par_1_20' title="bbox 136 5097 1889 5258">
     <span class='ocr_line' id='line_1_45' title="bbox 136 5097 1889 5176; baseline -0.005 -16"><span class='ocrx_word' id='word_1_299' title='bbox 136 5165 141 5170; x_wconf 66' lang='grc'>,</span> <span class='ocrx_word' id='word_1_300' title='bbox 234 5107 396 5176; x_wconf 80' lang='lat' dir='ltr'>templiLO</span> <span class='ocrx_word' id='word_1_301' title='bbox 509 5103 621 5158; x_wconf 71' lang='lat'><strong>27-34</strong></span> <span class='ocrx_word' id='word_1_302' title='bbox 642 5121 728 5172; x_wconf 73' lang='lat' dir='ltr'>poem</span> <span class='ocrx_word' id='word_1_303' title='bbox 749 5120 862 5170; x_wconf 80' lang='lat' dir='ltr'>prorsus</span> <span class='ocrx_word' id='word_1_304' title='bbox 888 5112 1047 5154; x_wconf 70' lang='lat' dir='ltr'>maausrunr</span> <span class='ocrx_word' id='word_1_305' title='bbox 1071 5102 1140 5153; x_wconf 63' lang='grc' dir='ltr'>ἐπὶ</span> <span class='ocrx_word' id='word_1_306' title='bbox 1252 5099 1286 5152; x_wconf 81' lang='lat'>29</span> <span class='ocrx_word' id='word_1_307' title='bbox 1308 5103 1341 5153; x_wconf 83' lang='lat' dir='ltr'>Et</span> <span class='ocrx_word' id='word_1_308' title='bbox 1361 5101 1382 5152; x_wconf 93' lang='lat'><em>0</em></span> <span class='ocrx_word' id='word_1_309' title='bbox 1459 5117 1535 5152; x_wconf 88' lang='lat' dir='ltr'>omns</span> <span class='ocrx_word' id='word_1_310' title='bbox 1556 5099 1578 5151; x_wconf 91' lang='lat'><em>0</em></span> <span class='ocrx_word' id='word_1_311' title='bbox 1689 5097 1725 5151; x_wconf 88' lang='grc'>30</span> <span class='ocrx_word' id='word_1_312' title='bbox 1746 5101 1889 5152; x_wconf 84' lang='lat' dir='ltr'>bibrantO</span> 
     </span>
     <span class='ocr_line' id='line_1_46' title="bbox 234 5183 1888 5258; baseline -0.005 -13"><span class='ocrx_word' id='word_1_313' title='bbox 234 5192 270 5246; x_wconf 87' lang='grc'>33</span> <span class='ocrx_word' id='word_1_314' title='bbox 291 5195 428 5245; x_wconf 80' lang='lat' dir='ltr'>Atribuere</span> <span class='ocrx_word' id='word_1_315' title='bbox 441 5193 466 5243; x_wconf 96' lang='lat' dir='ltr'><em>L</em></span> <span class='ocrx_word' id='word_1_316' title='bbox 551 5191 716 5258; x_wconf 83' lang='lat' dir='ltr'>quondamC</span> <span class='ocrx_word' id='word_1_317' title='bbox 834 5185 868 5240; x_wconf 80' lang='lat'>34</span> <span class='ocrx_word' id='word_1_318' title='bbox 891 5191 956 5241; x_wconf 83' lang='lat' dir='ltr'>Nam</span> <span class='ocrx_word' id='word_1_319' title='bbox 973 5189 995 5240; x_wconf 80' lang='grc'><em>0</em></span> <span class='ocrx_word' id='word_1_320' title='bbox 1112 5185 1146 5239; x_wconf 82' lang='lat'>35</span> <span class='ocrx_word' id='word_1_321' title='bbox 1168 5188 1254 5240; x_wconf 83' lang='lat' dir='ltr'>cuncti</span> <span class='ocrx_word' id='word_1_322' title='bbox 1276 5205 1343 5239; x_wconf 82' lang='lat' dir='ltr'>corr.</span> <span class='ocrx_word' id='word_1_323' title='bbox 1364 5187 1393 5238; x_wconf 81' lang='lat' dir='ltr'>in</span> <span class='ocrx_word' id='word_1_324' title='bbox 1414 5187 1490 5237; x_wconf 84' lang='lat' dir='ltr'>multi</span> <span class='ocrx_word' id='word_1_325' title='bbox 1504 5185 1529 5236; x_wconf 89' lang='lat' dir='ltr'><em>L</em></span> <span class='ocrx_word' id='word_1_326' title='bbox 1649 5183 1685 5237; x_wconf 85' lang='grc'>36</span> <span class='ocrx_word' id='word_1_327' title='bbox 1707 5186 1775 5252; x_wconf 89' lang='lat' dir='ltr'>quod</span> <span class='ocrx_word' id='word_1_328' title='bbox 1796 5194 1851 5237; x_wconf 81' lang='lat' dir='ltr'>rato</span> <span class='ocrx_word' id='word_1_329' title='bbox 1863 5186 1888 5236; x_wconf 92' lang='lat' dir='ltr'><em>L</em></span> 
     </span>
    </p>

    <p class='ocr_par' dir='ltr' id='par_1_21' title="bbox 235 5267 1891 5341">
     <span class='ocr_line' id='line_1_47' title="bbox 235 5267 1891 5341; baseline -0.005 -11"><span class='ocrx_word' id='word_1_330' title='bbox 235 5276 269 5330; x_wconf 77' lang='lat'>37</span> <span class='ocrx_word' id='word_1_331' title='bbox 288 5279 319 5330; x_wconf 86' lang='lat' dir='ltr'>de</span> <span class='ocrx_word' id='word_1_332' title='bbox 336 5279 414 5331; x_wconf 86' lang='lat' dir='ltr'>rutilo</span> <span class='ocrx_word' id='word_1_333' title='bbox 426 5278 485 5329; x_wconf 88' lang='lat' dir='ltr'>LO</span> <span class='ocrx_word' id='word_1_334' title='bbox 587 5274 622 5329; x_wconf 80' lang='lat'>42</span> <span class='ocrx_word' id='word_1_335' title='bbox 640 5277 765 5329; x_wconf 87' lang='lat' dir='ltr'>mundum</span> <span class='ocrx_word' id='word_1_336' title='bbox 783 5276 880 5327; x_wconf 90' lang='lat' dir='ltr'>dudum</span> <span class='ocrx_word' id='word_1_337' title='bbox 894 5274 916 5326; x_wconf 81' lang='lat'><em>0</em></span> <span class='ocrx_word' id='word_1_338' title='bbox 1015 5271 1050 5325; x_wconf 87' lang='lat'>43</span> <span class='ocrx_word' id='word_1_339' title='bbox 1067 5273 1219 5341; x_wconf 80' lang='lat' dir='ltr'>peruelatO</span> <span class='ocrx_word' id='word_1_340' title='bbox 1318 5270 1353 5324; x_wconf 80' lang='lat'>46</span> <span class='ocrx_word' id='word_1_341' title='bbox 1371 5273 1575 5326; x_wconf 76' lang='lat' dir='ltr'>GeminuumO</span> <span class='ocrx_word' id='word_1_342' title='bbox 1671 5267 1706 5321; x_wconf 80' lang='grc'>47</span> <span class='ocrx_word' id='word_1_343' title='bbox 1724 5271 1891 5338; x_wconf 81' lang='lat' dir='ltr'>distinguitO</span> 
     </span>
    </p>
   </div>
   <div class='ocr_carea' id='block_1_7' title="bbox 235 5363 321 5428">
    <p class='ocr_par' dir='ltr' id='par_1_22' title="bbox 235 5363 321 5428">
     <span class='ocr_line' id='line_1_48' title="bbox 235 5363 321 5428; baseline -0.035 -11"><span class='ocrx_word' id='word_1_344' title='bbox 235 5365 284 5428; x_wconf 81' lang='lat' dir='ltr'>rite</span> <span class='ocrx_word' id='word_1_345' title='bbox 296 5363 321 5414; x_wconf 94' lang='lat' dir='ltr'><em>L</em></span> 
     </span>
    </p>
   </div>
   <div class='ocr_carea' id='block_1_8' title="bbox 237 5558 1888 5736">
    <p class='ocr_par' dir='ltr' id='par_1_23' title="bbox 237 5558 1888 5736">
     <span class='ocr_line' id='line_1_49' title="bbox 340 5558 1888 5633; baseline -0.002 -17"><span class='ocrx_word' id='word_1_346' title='bbox 340 5565 366 5632; x_wconf 84' lang='grc'>1)</span> <span class='ocrx_word' id='word_1_347' title='bbox 385 5564 459 5633; x_wconf 77' lang='lat' dir='ltr'>qaod</span> <span class='ocrx_word' id='word_1_348' title='bbox 476 5563 546 5630; x_wconf 74' lang='lat' dir='ltr'>(scil.</span> <span class='ocrx_word' id='word_1_349' title='bbox 564 5565 660 5618; x_wconf 79' lang='lat' dir='ltr'>artas</span> <span class='ocrx_word' id='word_1_350' title='bbox 677 5567 798 5629; x_wconf 73' lang='lat' dir='ltr'>casare)</span> <span class='ocrx_word' id='word_1_351' title='bbox 816 5577 910 5618; x_wconf 81' lang='lat' dir='ltr'>vercor</span> <span class='ocrx_word' id='word_1_352' title='bbox 926 5566 959 5617; x_wconf 79' lang='lat' dir='ltr'>at</span> <span class='ocrx_word' id='word_1_353' title='bbox 975 5560 1032 5616; x_wconf 78' lang='lat' dir='ltr'>dici</span> <span class='ocrx_word' id='word_1_354' title='bbox 1045 5559 1137 5631; x_wconf 80' lang='lat' dir='ltr'>possit</span> <span class='ocrx_word' id='word_1_355' title='bbox 1153 5559 1187 5614; x_wconf 86' lang='lat' dir='ltr'>de</span> <span class='ocrx_word' id='word_1_356' title='bbox 1203 5559 1431 5630; x_wconf 75' lang='lat' dir='ltr'>Liudissamenss&#39;</span> <span class='ocrx_word' id='word_1_357' title='bbox 1454 5558 1631 5626; x_wconf 73' lang='lat' dir='ltr'>macenaria,</span> <span class='ocrx_word' id='word_1_358' title='bbox 1648 5559 1724 5629; x_wconf 76' lang='lat' dir='ltr'>quod</span> <span class='ocrx_word' id='word_1_359' title='bbox 1745 5562 1801 5614; x_wconf 80' lang='lat' dir='ltr'>tum</span> <span class='ocrx_word' id='word_1_360' title='bbox 1822 5559 1888 5615; x_wconf 80' lang='lat' dir='ltr'>solt·</span> 
     </span>
     <span class='ocr_line' id='line_1_50' title="bbox 237 5661 1725 5736; baseline -0.003 -14"><span class='ocrx_word' id='word_1_361' title='bbox 237 5666 342 5722; x_wconf 79' lang='lat' dir='ltr'>tarium</span> <span class='ocrx_word' id='word_1_362' title='bbox 357 5666 450 5735; x_wconf 67' lang='lat' dir='ltr'>[abac</span> <span class='ocrx_word' id='word_1_363' title='bbox 468 5665 593 5722; x_wconf 68' lang='lat' dir='ltr'>estotim</span> <span class='ocrx_word' id='word_1_364' title='bbox 612 5667 706 5721; x_wconf 82' lang='lat' dir='ltr'><em>MAB.</em></span> <span class='ocrx_word' id='word_1_365' title='bbox 776 5662 1240 5736; x_wconf 70' lang='lat' dir='ltr'>2)tdestpateras‚cs.13aeoae</span> <span class='ocrx_word' id='word_1_366' title='bbox 1259 5663 1335 5719; x_wconf 80' lang='lat' dir='ltr'>Hiat.</span> <span class='ocrx_word' id='word_1_367' title='bbox 1351 5663 1440 5733; x_wconf 75' lang='lat' dir='ltr'>pontis</span> <span class='ocrx_word' id='word_1_368' title='bbox 1456 5662 1570 5732; x_wconf 73' lang='lat' dir='ltr'>Anplor.</span> <span class='ocrx_word' id='word_1_369' title='bbox 1588 5661 1628 5715; x_wconf 90' lang='lat'>11</span> <span class='ocrx_word' id='word_1_370' title='bbox 1642 5677 1665 5716; x_wconf 86' lang='lat' dir='ltr'>e.</span> <span class='ocrx_word' id='word_1_371' title='bbox 1684 5663 1725 5717; x_wconf 90' lang='grc'>16.</span> 
     </span>
    </p>
   </div>
   <div class='ocr_carea' id='block_1_9' title="bbox 0 0 2310 6404">
    <p class='ocr_par' dir='ltr' id='par_1_24' title="bbox 0 0 2310 6404">
     <span class='ocr_line' id='line_1_51' title="bbox 0 0 2310 6404; baseline 0 0"><span class='ocrx_word' id='word_1_372' title='bbox 0 0 2310 6404; x_wconf 95' lang='lat' dir='ltr'> </span> 
     </span>
    </p>
   </div>
  </div>
 </body>
</html>
