4988 6434
1137 387 1324 447 BONIFATII
1348 389 1545 446 etiamnum
1564 391 1757 447 APPENDIX.

975 567 1048 632 Hac
1079 568 1165 631 iacet
1193 567 1346 652 egregius
1375 566 1471 630 nivea
1499 566 1560 631 sub
1589 568 1674 632 mole
1704 567 1869 648 sacerdos,

1061 669 1125 743 Qui
1155 671 1281 736 meritis
1313 671 1396 735 coeli
1427 671 1507 734 vivit
1535 671 1567 734 in
1598 693 1673 735 arce
1702 673 1780 751 suis,

972 773 1115 858 Eloquio
1143 773 1289 858 fulgens,
1324 794 1417 836 sacro
1453 774 1646 857 cognomine
1675 773 1782 838 dictus

899 909 922 945 ιο
1060 874 1273 950 Dombercbt,
1297 876 1352 960 qui
1381 874 1493 937 mundi
1521 876 1609 938 clara
1637 877 1772 940 lucerna
1799 876 1870 940 fuit.

976 977 1217 1042 Grammaticae
1247 977 1372 1057 studio,
1404 983 1582 1041 metrorum
1609 977 1739 1062 legibus
1767 987 1873 1064 aptus

1058 1081 1205 1146 Plurima
1235 1080 1423 1165 percutiens
1454 1079 1569 1144 funere
1598 1080 1698 1144 corda
1725 1103 1785 1146 suo

973 1187 1120 1266 Occidit,
1151 1193 1184 1251 et
1215 1185 1311 1249 nobis
1341 1185 1437 1249 fletus
1466 1186 1674 1270 gemitusque
1704 1186 1845 1271 reliquit,

1059 1289 1149 1363 Quos
1179 1290 1232 1353 hic
1261 1290 1428 1375 culparum
1459 1309 1567 1375 poena
1597 1287 1753 1372 dolorque
1782 1297 1905 1354 tenent.

898 1428 921 1463 rs
972 1394 1037 1458 Hic
1065 1395 1191 1458 rabiem
1221 1393 1334 1456 mortis
1365 1392 1503 1456 calcavit
1525 1399 1630 1456 morte
1654 1394 1818 1468 minantis,
1859 1395 1864 1404 “

1059 1497 1205 1582 Pergens
1234 1495 1358 1559 luciflui
1387 1495 1492 1559 laetius
1526 1494 1567 1558 ad
1599 1503 1688 1560 astra
1716 1497 1793 1582 poli.

972 1602 1098 1666 Lumen
1128 1607 1198 1664 erat
1227 1600 1370 1685 patriae,
1409 1599 1571 1684 sapientia
1599 1600 1741 1663 maxima
1769 1601 1889 1685 gentis,

1058 1702 1263 1768 Perfundens
1294 1709 1407 1768 sancta
1435 1702 1565 1766 turbida
1594 1702 1692 1768 corda
1720 1704 1793 1782 fide,

970 1808 1137 1872 Inlaesum
1166 1807 1305 1892 vigilans
1334 1805 1457 1870 domini
1488 1807 1630 1870 servarit
1660 1807 1757 1878 ovile.

896 1943 921 1980 ao
1059 1911 1214 1976 Pestiferi
1242 1911 1438 1995 extinguens
1468 1911 1577 1973 toxica
1607 1911 1727 1975 saeva¹
1749 1911 1828 1996 lupi.

971 2014 1178 2101 Pauperibus
1207 2015 1299 2099 largo
1328 2014 1509 2099 praebebat
1539 2034 1675 2078 munera
1704 2014 1800 2094 dono,

1058 2118 1246 2184 Ostendens
1278 2119 1435 2204 gregibus
1464 2118 1586 2203 pabula
1614 2119 1750 2204 pulchra
1778 2117 1843 2185 dei.

971 2222 1108 2288 Artibus
1137 2229 1171 2288 et
1197 2223 1324 2288 meritis
1354 2222 1483 2307 fulgens
1514 2223 1699 2286 Bonifatius
1727 2224 1842 2302 almus,

1056 2328 1120 2392 Pro
1150 2327 1282 2392 Christo
1312 2326 1430 2411 gladiis
1462 2328 1517 2411 qui
1550 2347 1609 2390 sua
1636 2327 1785 2391 membra
1812 2325 1902 2392 dedit
1912 2327 1935 2406 ²,

895 2461 920 2498 ss
972 2431 1070 2496 Hunc
1099 2453 1217 2517 magno
1248 2429 1357 2495 studio
1387 2429 1515 2500 docuit.
1550 2431 1700 2504 nutrivit,
1731 2432 1861 2504 amavit,

1057 2535 1234 2621 Complcus
1266 2533 1353 2618 quod
1385 2533 1495 2597 sonuit
1522 2534 1606 2597 vatis
1636 2535 1670 2597 in
1698 2555 1776 2598 aure
1805 2536 1905 2621 pium.

970 2637 1171 2702 Francorum
1198 2636 1239 2701 ad
1269 2637 1409 2723 patriam
1439 2637 1595 2700 tremulas
1626 2657 1747 2701 venere
1778 2659 1837 2722 per
1864 2636 1969 2700 undas

1057 2742 1239 2827 Anglorum
1269 2741 1379 2827 pelagi
1408 2741 1555 2826 germine
1587 2740 1628 2805 de
1657 2739 1771 2805 nitido.

970 2845 1109 2911 Praesul
1135 2868 1214 2910 oves
1243 2845 1366 2910 domini
1394 2847 1515 2910 multos
1545 2847 1616 2910 sine
1645 2844 1741 2909 sorde
1768 2867 1829 2930 per
1857 2866 1958 2908 annos

893 2978 919 3015 st
1058 2949 1160 3014 Rexit
1189 2956 1223 3013 et
1251 2956 1406 3014 aeternae
1438 2949 1560 3034 carpsit
1586 2949 1649 3012 iter
1677 2949 1815 3033 patriae.

968 3051 1043 3116 Hac
1071 3050 1277 3116 venerandus
1304 3051 1402 3116 humo
1438 3051 1543 3115 voluit
1572 3051 1782 3136 requiescere
1814 3074 1964 3138 poscens,

1056 3156 1102 3220 Ut
1129 3157 1238 3221 nullus
1270 3157 1372 3222 violet
1401 3155 1487 3242 quod
1517 3163 1610 3221 tenet
1639 3157 1710 3241 ipse
1739 3157 1855 3220 solum.

969 3259 1050 3340 Hic,
1085 3261 1218 3346 populi,
1253 3267 1403 3324 sanctum
1433 3259 1589 3346 precibus
1618 3261 1746 3345 pulsate
1777 3261 1949 3338 iacentem,

1055 3363 1102 3427 Ut
1129 3363 1282 3449 precibus
1313 3364 1418 3427 solvat
1445 3364 1577 3427 vincula
1605 3369 1716 3428 vestra
1746 3364 1825 3442 suis,

892 3498 917 3536 as
968 3468 1013 3532 Et
1041 3468 1153 3532 foveat
1181 3489 1311 3553 semper
1338 3488 1420 3552 quos
1451 3467 1564 3533 vivens
1597 3488 1727 3553 semper
1755 3467 1890 3548 amavit,

1054 3571 1098 3636 Et
1128 3592 1210 3657 quos
1240 3572 1292 3635 bic
1321 3571 1434 3635 docuit
1463 3572 1570 3636 clarus
1600 3571 1642 3634 ad
1670 3577 1758 3635 astra
1787 3572 1885 3634 levet.

968 3675 1061 3760 Rogo
1092 3681 1141 3753 te,
1177 3673 1308 3739 domine
1337 3683 1448 3760 pater,
1483 3681 1519 3738 ut
1546 3672 1702 3738 emendes
1734 3681 1768 3736 ct
1797 3674 1951 3758 corrigas.

1385 4173 1480 4237 vm.

1253 4351 1262 4392 1
1301 4327 1374 4416 [ou
1404 4325 1601 4414 nonme]

974 4483 1057 4549 Sunt
1086 4484 1166 4549 mihi
1194 4483 1325 4549 diverso
1355 4484 1446 4548 varia
1476 4483 1537 4548 sub
1567 4459 1714 4568 tempore
1743 4483 1825 4546 fata:

972 4587 1028 4652 ue
1056 4587 1172 4672 pater³
1201 4588 1234 4651 in
1257 4589 1371 4673 primis
1399 4587 1479 4651 fecit
1508 4587 1579 4651 sine
1607 4593 1712 4650 matre
1744 4607 1925 4671 supremus,

972 4691 1117 4776 Postque
1143 4712 1204 4777 per
1231 4691 1366 4755 alterius
1396 4692 1555 4777 genitoris
1587 4711 1700 4754 semen
1729 4690 1762 4753 in
1790 4689 1903 4754 orbem

973 4793 1153 4876 Consatus,
1185 4793 1360 4879 egrediens
1387 4795 1501 4859 matris
1531 4793 1573 4858 de
1603 4799 1715 4858 ventre
1744 4793 1901 4878 processi.

971 4898 1060 4962 Ecce
1089 4898 1150 4962 sub
1178 4899 1313 4984 ancipiti
1343 4899 1453 4962 saeclo
1483 4899 1553 4962 siue
1580 4899 1644 4961 fine
1672 4895 1817 4960 timendo

972 5001 1096 5066 Ultima
1125 5023 1210 5066 nuuc
1243 5001 1372 5088 trepide
1399 5023 1516 5067 vereor
1543 5004 1609 5066 iam
1642 5001 1709 5064 fata
1738 5007 1916 5086 superstes,

972 5105 1111 5179 Quando
1139 5107 1240 5170 miser
1268 5105 1405 5168 nimium
1434 5105 1544 5190 gelida
1572 5105 1632 5169 sub
1659 5111 1762 5168 morte
1790 5105 1958 5187 rigescens

708 5433 740 5484 lb
759 5443 838 5486 morta
859 5436 885 5500 C,
906 5437 970 5487 salec
988 5438 1052 5488 roni.
1082 5437 1116 5486 W.
1221 5436 1255 5487 ‘lt
1274 5453 1317 5486 ore
1337 5435 1363 5498 (ζ
1383 5451 1445 5486 aure
1463 5455 1529 5486 corr.
1555 5435 1590 5486 ll'.
1659 5433 1692 5485 37
1711 5436 1830 5485 eruendus
1850 5436 1872 5484 (ζ’

671 5537 755 5606 [Vlll]
790 5558 821 5590 er
834 5538 1170 5607 P‹11‹c.1753s.llb.117
1264 5539 1446 5606 l,4consatus
1459 5541 1605 5606 ingrediens
1617 5557 1683 5588 corr.
1697 5539 1830 5604 egrediens
1844 5539 1866 5585 (l
1957 5536 1975 5584 b
1993 5541 2269 5592 sa.clo....tine0

705 5713 731 5779 l)
751 5710 878 5764 Martini.
898 5711 985 5780 epigr.
1004 5711 1031 5780 Ι,
1050 5711 1091 5774 18,
1110 5711 1127 5762 5
1145 5709 1238 5764 toxico
1257 5726 1339 5762 sorve
1409 5707 1436 5774 2)
1455 5724 1481 5760 n.
1501 5708 1551 5761 755
1569 5707 1614 5758 dir
1631 5709 1655 5761 5.
1676 5707 1754 5760 Iunii
1771 5708 1880 5760 mensis.
1991 5709 2018 5774 3)
2038 5709 2056 5762 ι’.
2074 5725 2095 5761 e.
2113 5709 2187 5763 (leus.
