4628 6428
634 421 777 478 ECLOGA
794 421 843 476 AD
861 421 1046 477 CAROLUM.
1083 419 1132 475 AD
1149 421 1325 477 SANCTUM
1347 419 1563 476 RICHARIUM.

633 596 668 660 Si
690 597 775 662 bene
800 618 836 662 se
860 603 1003 678 teneant,
1029 602 1179 661 crescant
1202 597 1231 660 si
1253 595 1400 681 germine
1424 596 1523 678 laeto,

632 699 754 764 Sinon
778 699 883 764 hostis
908 700 993 766 edax
1016 701 1148 765 inimico
1172 701 1291 787 pollice
1312 701 1475 787 rumpat¹,

630 802 784 888 Undique
808 804 980 890 cingantur
1002 805 1103 868 firmis
1126 805 1155 868 si
1178 804 1311 890 sepibus
1334 804 1393 884 illi,

632 904 668 970 si
690 905 806 970 domus
830 913 864 971 et
886 908 981 993 pueri
1005 908 1147 992 vigeant,
1172 908 1199 971 si
1222 914 1312 971 tecta
1333 906 1513 972 domorum.

632 1009 738 1073 Laeta
759 1009 822 1075 deo
845 1010 959 1075 laudes
981 1010 1094 1094 facies,
1119 1012 1147 1075 si
1168 1031 1328 1097 prospera
1350 1015 1467 1074 cuncta

631 1114 795 1193 Invenies,
824 1121 857 1180 et
879 1114 931 1180 dic
954 1117 1086 1201 pueris:
1110 1115 1259 1180 ‘Servate
1281 1114 1397 1180 fideles

632 1216 757 1298 Castra,
780 1239 906 1303 precor,
930 1219 1042 1282 veniat
1064 1219 1106 1283 ad
1128 1239 1186 1282 vos
1213 1218 1289 1282 dum
1312 1219 1396 1282 vatis
1419 1217 1596 1301 Homerus,

630 1319 681 1384 Ne
705 1320 759 1385 vel
781 1321 913 1385 flamma
934 1342 1036 1386 vorax
1058 1323 1111 1387 vel
1133 1323 1184 1386 fur
1206 1322 1357 1387 devastet
1380 1323 1413 1386 in
1436 1323 1508 1386 istis

629 1423 702 1488 Iam
725 1425 828 1510 septis
852 1426 1035 1510 quicquam,
1060 1447 1186 1491 summo
1208 1427 1386 1492 miserante
1410 1433 1556 1492 tonante.

631 1527 766 1610 Vosque
789 1528 909 1610 valete,
931 1529 996 1592 mei
1019 1529 1122 1615 pueri,
1145 1530 1199 1615 pia
1222 1551 1301 1595 eura
1323 1527 1473 1616 poetae²,

630 1629 674 1692 Et
696 1636 824 1715 portate
848 1652 920 1696 meo
944 1631 1033 1700 dulei
1056 1653 1131 1696 mea
1154 1633 1298 1697 carmina
1319 1631 1449 1696 David:

632 1731 740 1797 David
763 1740 851 1798 amat
874 1741 977 1816 vates,
1000 1742 1150 1799 vatorum
1174 1743 1226 1800 est
1249 1736 1353 1822 gloria
1374 1733 1492 1801 David.

632 1836 740 1900 David
763 1843 851 1901 amat
874 1837 1051 1921 Christum,
1077 1839 1228 1906 Christus
1252 1846 1304 1906 est
1326 1841 1432 1926 gloria
1454 1839 1572 1904 David.

889 2063 1300 2072 ——..-—--.—-

1064 2315 1128 2380 ΙΙΙ.

636 2453 792 2519 Servulus
816 2475 893 2518 ecce
917 2459 1005 2535 tuus,
1027 2451 1200 2519 Richarius
1224 2455 1336 2520 inclite
1359 2455 1507 2542 pastorl,

716 2557 810 2624 Haec
833 2559 894 2623 tibi
918 2558 1103 2623 construxit
1124 2560 1260 2644 parvula
1282 2566 1380 2642 tecta,
1403 2566 1507 2646 pater.

632 2660 771 2747 Semper
794 2661 927 2726 honoris
952 2682 1007 2726 ero
1032 2683 1151 2747 magno
1173 2662 1306 2748 pietatis
1330 2685 1441 2729 amore

715 2764 865 2830 Devotus
888 2785 968 2830 vere
992 2767 1097 2830 cultor
1120 2765 1242 2850 ubique
1265 2767 1322 2831 tui.

562 2891 574 2928 s
632 2866 682 2932 Tu
705 2869 794 2954 prior
814 2869 849 2932 in
872 2869 1034 2952 gremium
1056 2868 1169 2932 mundi
1193 2868 1233 2934 de
1257 2870 1411 2934 fluctibus
1433 2870 1555 2934 almum

714 2969 825 3035 Dante
849 2977 941 3034 tuum
965 2970 1095 3036 Christo
1119 2993 1171 3037 me
1195 2971 1351 3036 miserum
1373 2973 1506 3036 tuleras.

629 3073 772 3138 Nutristi
795 3080 829 3138 et
851 3080 1001 3139 tenerum
1024 3096 1118 3140 sacro
1141 3097 1193 3139 me
1217 3076 1302 3140 lacte
1326 3076 1474 3157 salutis⁴,

718 3178 765 3244 Os
788 3181 906 3265 fragile
931 3181 1107 3247 instituens
1131 3183 1280 3246 cantibus
1305 3183 1458 3267 egregiis.

632 3281 680 3346 Te
705 3290 904 3369 quapropter
926 3305 999 3348 amo
1022 3286 1112 3366 totis,
1135 3291 1229 3370 pater
1253 3287 1385 3371 optimc,
1408 3286 1503 3366 votis,

551 3407 576 3443 ro
719 3385 902 3472 Exoptans,
925 3392 963 3450 ut
985 3409 1037 3452 me
1060 3394 1097 3451 tu
1119 3409 1247 3473 quoque
1272 3410 1403 3474 semper
1425 3409 1526 3452 ames.

631 3489 758 3554 Perfice
781 3489 868 3573 quod
890 3489 931 3554 de
955 3511 1007 3554 me
1031 3491 1169 3576 coepisti
1192 3497 1302 3556 mente
1326 3491 1480 3575 benigna,

717 3593 827 3677 Atque
851 3600 943 3657 tuum
965 3594 1122 3659 famulum
1145 3594 1246 3660 redde
1270 3602 1325 3660 tuo
1351 3594 1490 3660 domino.

632 3696 682 3761 Tu
706 3717 834 3782 quoque
856 3697 1015 3760 virtutum
1038 3698 1164 3762 meritis
1188 3699 1279 3778 mihi,
1304 3705 1420 3764 sancte
1446 3697 1599 3765 sacerdos

718 3801 867 3886 Elegius,
891 3802 1042 3887 precibus
1066 3802 1226 3867 auxiliare
1250 3803 1325 3868 tuis.

552 3927 575 3965 n
635 3905 686 3970 Tu
708 3905 804 3970 modo
827 3926 947 3990 magna
972 3913 1067 3992 potes
1091 3907 1229 3972 caelesti
1251 3909 1284 3972 in
1308 3905 1386 3972 sede
1409 3929 1470 3994 per
1491 3907 1594 3989 illum,

717 4008 765 4074 Te
787 4008 875 4074 bona
897 4009 953 4094 qui
975 4009 1009 4072 in
1031 4011 1128 4075 terris
1152 4011 1293 4097 plurima
1315 4032 1412 4097 posse
1435 4010 1536 4076 dedit.

632 4114 661 4178 Ο
687 4119 799 4200 patres
822 4114 937 4195 sancti,
961 4136 980 4180 o
1005 4116 1186 4181 clarissima
1207 4117 1333 4181 lumina
1355 4115 1476 4198 mundi,

722 4217 806 4304 Spes
829 4218 917 4282 ritae
941 4223 975 4282 et
997 4220 1113 4285 veniae
1137 4241 1196 4284 vos
1219 4219 1310 4301 mihi,
1334 4227 1426 4284 certa
1449 4220 1547 4285 salus.

633 4322 720 4388 Ante
743 4322 847 4409 pedes
869 4329 998 4388 vestros
1021 4324 1166 4390 lacrimis
1189 4325 1341 4411 perfusus
1364 4325 1483 4389 amaris

550 4449 575 4487 20
717 4427 782 4492 Hic
806 4427 908 4509 iaceo,
931 4428 1018 4493 vitae
1043 4429 1179 4494 crimina
1200 4430 1321 4516 plango
1344 4450 1449 4494 meae.

632 4531 771 4618 Saepius
796 4540 829 4596 et
851 4531 974 4597 feriens
998 4533 1134 4598 nimium
1157 4555 1214 4598 rea
1235 4540 1371 4620 pectora
1392 4533 1522 4620 pugnis,

724 4635 768 4700 Et
791 4642 928 4723 peccota
950 4637 1005 4723 pio
1029 4637 1188 4703 confiteor
1209 4637 1351 4703 domino.

371 4899 405 4952 96
422 4917 450 4954 so
461 4909 521 4952 eant
532 4899 558 4950 R
625 4897 660 4950 98
677 4898 820 4950 firmissime
832 4898 865 4962 B,
883 4898 1021 4950 firmissimi
1033 4897 1072 4963 M,
1089 4899 1170 4950 firmis
1188 4900 1210 4950 si
1227 4917 1294 4950 corr.
1314 4899 1403 4951 Decea
1472 4894 1523 4949 103
1535 4899 1574 4949 Ns
1591 4898 1642 4948 iam
1651 4896 1686 4946 M
1751 4892 1802 4947 104
1818 4896 1883 4963 septi
1893 4894 1927 4944 M

269 4983 320 5037 105
337 4987 381 5054 pia
397 5005 456 5038 cara
467 4987 501 5037 M
506 4986 540 5052 R,
557 5003 619 5038 cura
636 4983 725 5037 Docen
829 4982 879 5036 107
898 4993 971 5036 uates
983 4985 1123 5051 reliquaM
1225 4984 1276 5036 108
1292 4987 1416 5038 christum
1433 4994 1463 5037 ut
1479 4984 1604 5052 supraM,
1622 4984 1699 5036 dauid
1715 4991 1784 5034 amat
1799 4983 1924 5034 christum

267 5081 297 5124 ut
313 5090 391 5141 supra
407 5071 442 5138 -l-
459 5074 521 5124 cdd.
540 5075 596 5124 alic
612 5089 706 5122 manue
723 5073 750 5122 in
761 5071 795 5121 M

337 5157 398 5226 [ΙΙΙ]
433 5160 513 5211 edidit
532 5160 704 5222 Qrmcetcnus
716 5177 745 5224 p.
766 5154 901 5209 1710-11
920 5176 946 5209 n.
964 5159 1108 5209 CLXXVII
1228 5153 1245 5207 3
1263 5158 1376 5208 honorus
1394 5174 1461 5207 corr.
1480 5155 1591 5206 Frodm.
1610 5155 1643 5220 11,
1661 5152 1713 5207 552
1827 5151 1845 5204 4
1862 5161 1923 5206 tuus

268 5245 369 5296 Mabitl.
388 5245 466 5308 (Actu
484 5245 534 5297 SS.
555 5247 598 5310 IV,
618 5245 641 5311 1,
661 5242 722 5308 101)
826 5243 843 5296 9
861 5247 981 5297 amatoris
998 5263 1064 5296 corr.
1083 5245 1111 5294 in
1128 5261 1185 5296 amo
1203 5243 1297 5306 totisQ
1399 5239 1435 5293 20
1452 5243 1548 5294 iaciens
1568 5240 1598 5305 Q,
1615 5242 1685 5293 iaceo
1703 5257 1769 5292 corr.
1789 5238 1869 5292 Frob.

372 5431 397 5497 1)
418 5430 495 5485 Ooid.
514 5431 608 5482 Amor.
626 5432 685 5498 III,
703 5429 728 5494 o,
746 5427 779 5480 'll
798 5427 925 5482 scindens
944 5428 1058 5483 inimico
1077 5428 1179 5498 pollice
1198 5426 1309 5481 crinem.
1393 5427 1420 5494 2)
1441 5425 1489 5481 Oc.
1506 5427 1601 5479 Amor.
1620 5428 1662 5491 II,
1680 5425 1721 5489 16,
1737 5424 1772 5479 47
1790 5424 1839 5494 pia
1857 5441 1923 5480 cura

268 5533 366 5588 relicti.
436 5534 463 5602 3)
483 5533 653 5588 Gratulatus
670 5534 833 5587 morrastcrii
847 5536 995 5602 patronus.
1068 5532 1097 5600 4)
1118 5531 1184 5586 Cum
1204 5547 1232 5584 se
1256 5530 1322 5584 dicit
1340 5535 1461 5584 tenerum
1481 5529 1622 5584 Genialem
1638 5530 1796 5596 accessisse,
1821 5529 1852 5584 id
1867 5545 1924 5585 coc

266 5636 393 5707 intelligit
409 5636 507 5692 labda
523 5637 631 5690 raticosa
643 5636 752 5699 aetatis,
770 5636 818 5690 sed
831 5638 905 5691 vitae
917 5636 1062 5706 spiritatis,
1081 5652 1151 5705 quoe
1167 5635 1328 5689 sacrolacte
1344 5633 1485 5689 doetrinae
1503 5633 1630 5689 caelestis
1644 5632 1786 5704 principio
1802 5635 1925 5705 soconda

267 5746 316 5806 est,
335 5741 377 5795 uti
394 5739 501 5794 Pardus
521 5737 671 5794 Corintttis
689 5739 820 5808 loquitur.
856 5740 951 5795 MAB.
970 5740 1053 5807 (Acta
1073 5737 1308 5806 SS.1V,1,95).

1654 5831 1711 5887 46⁸
