4574 6442
1037 375 1186 430 ALCUINI
1205 375 1379 430 CARMINA.

721 573 744 608 ιο
801 550 963 614 Victrices
987 548 1112 634 aquilas
1135 549 1219 612 caeli
1243 548 1298 633 qui
1320 549 1414 612 fertis
1437 550 1471 613 in
1493 570 1613 629 arcem,

800 654 967 717 Aetherea
992 652 1062 736 regi
1086 653 1211 736 regalia
1233 652 1320 716 dona
1342 652 1497 732 ferentes,

801 757 864 830 Qui
887 757 989 821 vestri
1013 777 1112 820 causa
1135 763 1298 820 sacratum
1322 763 1439 841 sponte
1463 777 1612 820 cruorem

798 859 943 924 Fuderat
965 860 999 922 iu
1021 860 1127 940 terris,
1150 867 1187 923 ut
1209 880 1268 923 vos
1292 860 1433 923 salvaret
1455 859 1497 923 ab
1520 861 1655 940 umbris,

802 963 906 1049 Inque
930 962 1049 1048 deique
1073 964 1175 1049 patris
1200 984 1311 1027 secum
1334 962 1512 1027 deduceret
1534 964 1660 1036 aulam;

719 1088 742 1125 n
800 1066 930 1130 Mecum
953 1066 1036 1130 ferte
1060 1064 1172 1151 pedes,
1197 1066 1316 1130 vestris
1340 1067 1525 1151 componite
1548 1087 1678 1130 carmen

757 1255 759 1258 Ι
799 1169 873 1234 Ηοο
896 1170 1065 1256 precibus:
1089 1170 1214 1256 patriae
1237 1169 1390 1253 quoniam
1412 1190 1504 1233 mens
1527 1168 1637 1234 dicere
1667 1167 1794 1247 laudes,

799 1273 843 1337 Et
865 1281 996 1338 veteres
1020 1295 1121 1338 cunas
1144 1280 1298 1359 properat
1319 1273 1465 1358 proferre
1488 1294 1663 1358 parumper

799 1376 983 1442 Euboricac
1007 1377 1108 1461 gratis
1131 1377 1321 1462 praeclarae
1345 1376 1495 1466 versibus
1518 1376 1620 1440 urbis.

798 1480 895 1544 Hanc
917 1479 1065 1544 Romana
1088 1500 1203 1543 manus
1227 1479 1327 1543 muris
1350 1485 1384 1543 ct
1406 1480 1550 1543 turribus
1573 1481 1672 1544 altam

718 1605 738 1640 a
800 1582 963 1646 Fundavit
984 1583 1099 1668 prime,
1123 1581 1259 1645 comites
1284 1581 1456 1665 sociosque
1479 1581 1628 1646 laborum

799 1686 976 1770 indigenas
1000 1693 1131 1750 tantum
1153 1693 1270 1769 gentes
1294 1683 1481 1748 adhibendo
1497 1685 1726 1750 Britannas—

797 1789 882 1853 Nam
905 1797 981 1852 tunc
1003 1788 1169 1852 Romanos
1193 1787 1333 1852 fecunda
1354 1787 1525 1862 Britannia
1548 1809 1643 1873 rages

801 1893 963 1957 Sustinuit
985 1894 1113 1970 merito,
1137 1891 1248 1956 mundi
1271 1893 1327 1977 qui
1350 1899 1481 1977 sceptra
1503 1894 1664 1977 regebant
1684 1931 1726 1939 -

799 1997 845 2062 Ut
868 1998 955 2062 foret
977 1997 1159 2082 emporium
1182 2004 1289 2060 terrae
1314 2016 1485 2059 commune
1506 1996 1682 2082 marisque.

718 2125 743 2160 a
798 2100 843 2163 Et
865 2101 960 2164 fieret
983 2099 1119 2164 ducibus
1144 2121 1260 2164 secura
1282 2100 1431 2185 potentia
1453 2100 1556 2184 regni,

799 2204 844 2268 Et
865 2204 966 2268 decus
989 2205 1118 2290 imparii
1142 2212 1310 2290 terrorque
1333 2205 1509 2269 hostilibus
1533 2205 1646 2268 armis:

801 2307 901 2372 Esset
923 2307 963 2372 ab
988 2315 1136 2372 extremo
1160 2306 1369 2371 venientibus
1392 2307 1525 2392 hospita
1546 2313 1641 2393 portu

799 2409 948 2473 Navibus
972 2431 1105 2490 oceano,
1129 2410 1227 2493 longo
1251 2430 1311 2473 sua
1333 2431 1430 2494 prora
1451 2411 1619 2474 remulco¹

800 2514 921 2578 Navita
944 2536 1008 2599 qua
1030 2535 1211 2600 properans
1227 2521 1264 2578 ut
1280 2515 1375 2578 sistat
1391 2514 1432 2578 ab
1448 2535 1591 2598 aequore
1608 2515 1727 2578 fessus.

718 2663 725 2678 t
801 2617 898 2682 Hanc
920 2618 1053 2704 piscosa
1076 2617 1143 2681 suis
1166 2616 1263 2681 undis
1286 2617 1434 2681 interluit
1456 2616 1526 2680 Usa
1536 2617 1559 2697 ²,

801 2719 990 2805 Florigeros
1013 2721 1093 2807 ripis
1117 2720 1337 2806 praetendens
1360 2719 1503 2805 undique
1528 2741 1671 2805 campos.

801 2823 950 2888 Collibus
974 2831 1008 2888 et
1030 2825 1122 2888 silvis
1146 2824 1244 2889 tellus
1267 2823 1344 2888 hine
1367 2823 1443 2888 inde
1467 2824 1597 2904 decora,

801 2929 1041 3015 Nobilibusqua
1064 2930 1146 2994 locis
1169 2929 1330 2994 habitatio
1353 2930 1501 3015 pulchra,
1526 2930 1675 3010 salubria,

802 3032 986 3097 Fertilitate
1010 3034 1061 3097 sui
1084 3034 1204 3097 multos
1226 3033 1380 3097 habitura
1402 3034 1566 3100 colonos³.

804 3135 877 3209 Quo
902 3136 1001 3199 variis
1023 3137 1154 3222 populis
1178 3142 1212 3200 et
1234 3137 1345 3221 regnis
1368 3136 1512 3222 undique
1537 3137 1614 3201 l'ccti

802 3239 868 3325 Spe
890 3239 973 3303 lucri
996 3239 1140 3316 veniunt,
1164 3247 1362 3323 quaerentes
1385 3239 1487 3304 divite
1510 3245 1598 3303 terra

801 3341 953 3416 Divitias,
976 3342 1090 3406 sedem
1113 3342 1256 3424 sibimet,
1278 3345 1469 3428 lucrumque
1492 3344 1672 3427 laremque.

801 3444 889 3508 Hinc
910 3443 1059 3508 Romana
1082 3465 1197 3509 manus
1221 3445 1361 3508 turbatis
1383 3444 1527 3529 undique
1553 3447 1692 3529 sceptris

801 3547 981 3631 Postquam
1004 3548 1153 3624 secessit,
1177 3548 1313 3632 cupiens
1335 3547 1503 3633 depellare
1528 3568 1644 3612 saevos

804 3650 939 3729 Hostes,
963 3650 1148 3736 Hesperiae
1172 3671 1310 3734 regnum
1333 3649 1508 3735 sedemque
1533 3651 1629 3730 tucri,

802 3752 903 3816 Urbis
927 3760 1004 3816 tuno
1027 3752 1133 3816 tenuit
1157 3759 1323 3836 sceptrum
1342 3773 1424 3836 gens
1440 3752 1535 3836 pigra
1548 3751 1730 3816 Britonum.

802 3855 894 3926 Quae
917 3853 986 3918 fere
1011 3855 1173 3918 continuis
1195 3854 1361 3918 Pictorum
1383 3877 1500 3941 pressa
1521 3855 1651 3936 duellis,

803 3957 935 4021 Servitii
958 3955 1087 4042 pondus
1111 3956 1249 4021 tandem·
1265 3964 1394 4021 vastata
1417 3957 1548 4038 subivit,

802 4058 873 4122 Noc
896 4059 998 4122 valuit
1021 4059 1161 4145 propriis
1185 4061 1324 4144 patriam
1346 4059 1524 4124 defendere
1548 4061 1660 4142 scutis,

803 4161 867 4226 Vel
890 4161 1077 4226 libertatem
1099 4161 1218 4247 gladiis
1243 4184 1397 4228 revocare
1421 4170 1602 4249 paternam.

849 4263 911 4328 Est
933 4265 1076 4350 antiqua,
1099 4266 1242 4352 potens*
1264 4266 1361 4330 bellis
1385 4273 1419 4330 et
1442 4288 1578 4351 corporo
1601 4275 1784 4353 praestans,

804 4366 1001 4432 Germaniae
1024 4370 1163 4454 populos
1187 4391 1269 4453 gens
1292 4370 1377 4434 inter
1400 4377 1434 4434 et
1457 4377 1572 4434 extera
1594 4391 1707 4455 regna,

806 4468 973 4532 Duritiam
995 4477 1129 4556 propter
1152 4471 1230 4535 dicti
1253 4473 1445 4556 cognomine
1470 4473 1580 4536 Saxis

803 4573 899 4637 Hanc
922 4573 1046 4658 placuit
1068 4573 1205 4639 ducibus
1229 4577 1321 4660 regni
1346 4575 1529 4640 conducere
1553 4575 1658 4656 donis,

722 4701 747 4736 so
805 4676 852 4739 Ut
874 4677 960 4740 foret
982 4677 1105 4740 auxilio
1129 4679 1255 4762 patriae
1278 4699 1381 4764 pavor
1402 4678 1553 4742 hostibus
1576 4685 1684 4764 atque.

801 4781 866 4844 Ore
890 4780 978 4845 favet
1001 4782 1118 4864 vulgus
1141 4783 1284 4847 clamoso
1309 4783 1429 4847 mobile
1453 4784 1574 4860 statim,

802 4883 846 4948 Et
867 4883 954 4948 bona
977 4884 1141 4948 collaudat
1162 4893 1291 4971 patrum
1315 4887 1465 4950 consultu
1488 4908 1631 4950 suorum.

491 5062 771 5070 ...,,-.,-.,.,,...-ν,,..,,,
797 5065 799 5068 .
831 5062 941 5067 .——-—-
968 5063 1577 5070 -.-...--..-.........-.....,.-..-..—.—-,.....—-.-.
1603 5066 1635 5070 .--
1663 5066 1697 5070 —

490 5179 523 5230 15
535 5182 561 5246 s.
580 5198 667 5246 preces
685 5181 764 5232 Frob.
870 5178 903 5230 18
921 5181 984 5231 raris
1001 5181 1144 5246 praeclarae
1157 5180 1228 5230 Mac.
1333 5179 1367 5232 36
1379 5183 1429 5248 Spe
1446 5181 1512 5232 lucri
1533 5183 1607 5246 Gale,
1625 5183 1742 5248 Sepulcri
1761 5185 1821 5242 fort.
1839 5180 1954 5232 reanum
1968 5180 2044 5232 Mat.

487 5362 514 5431 1)
533 5364 604 5417 Iaid.
625 5364 701 5432 Orip.
720 5364 800 5419 XIX
818 5381 841 5418 c.
859 5366 915 5432 4‚8
932 5365 985 5420 Hic
1002 5383 1065 5418 mea
1082 5384 1126 5420 me
1144 5367 1229 5435 longo
1247 5366 1395 5420 succedens
1414 5385 1497 5437 prora
1515 5368 1644 5421 remulco.
1727 5366 1754 5432 2)
1771 5383 1844 5420 nuuc
1864 5367 1936 5421 Ouse
1955 5365 2044 5422 dictu.

382 5465 409 5529 3)
430 5465 474 5533 Cf.
493 5466 601 5521 Lucan.
620 5467 722 5521 Phora.
741 5467 766 5532 I,
780 5468 814 5520 12
831 5467 922 5521 nullos
940 5468 1073 5522 habitura
1091 5469 1255 5538 trimuphos.
1325 5470 1704 5540 4)c'f.ver9.ma.1‚531
1725 5471 1845 5538 ctiul'ro
1868 5469 1895 5521 V.
1920 5469 2045 5527 lliillibr.

382 5567 422 5619 ΙΙ
442 5585 464 5622 c.
482 5569 514 5620 21
534 5587 557 5622 c.
578 5569 601 5621 1.
689 5572 716 5637 5)
740 5571 813 5626 Isto.
839 5570 914 5638 Oria.
937 5571 987 5625 IX
1003 5588 1025 5625 c.
1046 5573 1069 5636 1,
1093 5572 1158 5627 100:
1189 5573 1329 5627 Saxonum
1352 5591 1421 5644 gens
1440 5615 1466 5627 ..
1485 5573 1637 5644 appellata,
1656 5573 1730 5648 quod
1748 5573 1787 5627 sit
1804 5573 1903 5634 durum
1921 5575 1950 5626 ct
1970 5576 2044 5631 vuli.

383 5669 526 5725 dissimum
543 5690 632 5741 genus
650 5673 802 5728 hominum.
