4538 6428
538 414 766 471 EPITAPHiUM
785 415 1016 472 consuturis
1051 415 1190 472 VERSUS
1208 417 1254 472 DE
1272 416 1461 473 EPISCOPIS.

536 590 681 655 Invictus
702 591 800 671 bello,
824 613 889 656 non
912 593 1006 658 fictae
1029 593 1121 678 pacis
1132 583 1281 674 ‘amaton

618 692 775 758 Oonfixus
797 696 914 780 plagis,
938 695 1043 759 victor
1064 695 1185 781 ubique
1208 702 1328 762 tamen.
1356 727 1358 734 v

468 818 480 852 r
536 796 601 860 Hic
625 818 714 862 mare
737 818 797 879 per
819 798 962 863 medium
986 805 1118 882 gentem
1141 799 1324 884 conpressit
1347 805 1489 880 euntem,

618 898 661 962 Et
683 899 777 964 victis
800 901 923 987 pariter
947 907 1036 964 terra
1059 903 1193 986 negavit
1216 923 1322 988 opem.

537 1002 683 1082 Sobrius,
707 1003 916 1088 armipotens,
942 1010 1063 1082 castus,
1087 1004 1310 1069 moderamine
1333 1006 1472 1092 pollens,

618 1104 748 1168 Primus
772 1105 804 1168 in
828 1106 970 1190 ingenio,
994 1107 1119 1191 primus
1143 1107 1176 1170 in
1199 1128 1289 1172 arma
1309 1107 1381 1175 fuit.

535 1206 691 1271 Romanis
714 1207 834 1272 blando
857 1216 1011 1293 quantum
1035 1210 1188 1296 fraglavit
1209 1233 1330 1294 amore,

455 1330 479 1366 ιο
623 1309 764 1374 Tantum
786 1311 965 1376 Pannoniis
989 1313 1142 1397 gentibus
1164 1314 1279 1379 horror
1301 1321 1381 1379 erat.

535 1411 603 1475 Iste
627 1411 690 1475 sibi
713 1419 746 1476 et
768 1413 853 1477 natis
876 1413 965 1478 bello
989 1416 1147 1480 mercavit
1168 1416 1321 1494 honores,

617 1514 756 1580 Munera
778 1517 979 1602 principibus
1004 1519 1089 1582 colla
1111 1527 1223 1583 secata
1246 1519 1346 1584 dedit.

535 1617 693 1683 Natorum
716 1618 824 1684 medio
849 1621 955 1706 pictus
978 1628 1080 1708 pater,
1105 1623 1204 1688 anxia
1227 1629 1332 1688 mater

621 1721 727 1795 Quem
750 1724 884 1808 plangat
906 1727 1020 1807 nescit,
1044 1733 1109 1790 stat
1131 1726 1317 1812 stupefacta
1338 1726 1465 1794 dolens.

468 1849 479 1883 o
536 1826 636 1889 Peius
660 1825 767 1890 Roma
788 1829 889 1912 gemit
911 1835 1001 1893 tanto
1026 1830 1166 1915 spoliata
1189 1837 1315 1914 senatu,

618 1931 768 1996 Perdidit
790 1940 949 2001 ornatum.
973 1934 1116 2021 perdidit
1138 1957 1228 1999 arma
1251 1937 1358 2000 simul.

535 2036 662 2102 Tristes
687 2044 773 2102 stant
796 2039 886 2104 acies
915 2061 1033 2125 magno
1057 2040 1192 2105 ductore
1215 2047 1351 2120 remoto,

621 2139 704 2204 Sum
726 2163 790 2226 quo
812 2141 918 2207 Roma
940 2150 1067 2228 potens,
1091 2165 1154 2227 quo
1179 2145 1249 2208 sine
1273 2165 1389 2230 pressa
1412 2144 1507 2208 iacet.

536 2243 633 2307 Hunc
656 2245 827 2326 tumulum,
851 2244 918 2310 dux
940 2267 1073 2331 magne,
1106 2253 1197 2311 tuum
1220 2248 1279 2311 tibi
1302 2246 1447 2312 condidit
1470 2268 1563 2322 uxor,

622 2345 714 2419 Quae
738 2356 845 2414 tecum
869 2372 981 2415 rursus
1005 2352 1192 2416 consociata
1214 2352 1308 2416 iacet.

535 2451 628 2515 Istud
650 2453 741 2516 nulla
764 2475 879 2518 manus
902 2461 1042 2541 temptet
1064 2456 1188 2520 violare
1213 2456 1431 2542 sepulchrum,

618 2555 674 2635 At,
697 2555 880 2638 Theodora,
905 2565 1005 2638 tuum,
1028 2566 1061 2624 te
1086 2560 1249 2645 cupiente,
1272 2581 1402 2646 parens.

969 2989 1025 3053 LI.

442 3128 555 3201 ITEM
587 3129 880 3204 ALFABETUM
912 3131 973 3203 DE
1013 3132 1152 3206 BONIS
1188 3132 1551 3207 SACERDOTIBUS

745 3250 905 3323 PROSA
932 3251 1250 3326 CONPOSITUM.

517 3404 545 3463 1.
568 3399 621 3464 Ad
644 3402 798 3486 perennis
822 3401 909 3465 uitae
933 3401 1080 3466 fontem¹
1103 3407 1138 3464 et
1159 3421 1298 3465 amoena
1320 3421 1443 3487 pascua

570 3505 703 3590 praesul
725 3505 823 3570 anxio
848 3506 902 3590 qui
926 3505 1023 3570 corde
1048 3503 1204 3569 scandere
1228 3502 1404 3584 desiderat,

570 3611 669 3674 talem
693 3631 728 3675 se
751 3632 811 3695 per
832 3630 928 3674 omne
952 3617 1081 3694 tempus
1105 3614 1197 3672 curet
1219 3614 1255 3672 ut
1278 3607 1443 3674 exhibeat.

519 3749 547 3812 2.
569 3747 683 3812 Bonus
706 3754 818 3833 pastor
840 3747 881 3811 ad
906 3746 1072 3812 commissi
1095 3745 1189 3809 ovilis
1213 3743 1396 3810 custodiam

569 3858 679 3916 mente
703 3871 833 3936 semper
857 3851 1093 3935 circumspecta
1115 3847 1268 3912 ardenter
1290 3847 1449 3933 invigilat,

570 3953 707 4039 pestifer
729 3976 770 4018 ne
793 3955 890 4040 lupus
913 3972 990 4019 oves
1012 3953 1107 4018 fauce
1130 3957 1251 4016 mactet
1273 3951 1423 4036 inproba.

519 4093 548 4154 3.
572 4089 668 4154 Curis
690 4112 866 4175 numquam
889 4090 1043 4175 perituris
1066 4095 1210 4154 mentem
1233 4110 1325 4152 suam
1350 4095 1498 4178 occupat,

570 4196 629 4261 scd
652 4197 782 4281 satagit,
805 4197 916 4282 gregis
940 4197 989 4260 sui
1013 4217 1185 4260 numerum
1208 4201 1244 4258 ut
1265 4203 1396 4282 augeat,

571 4321 631 4385 pro
655 4321 718 4384 quo
742 4301 860 4364 metuit
881 4322 942 4366 nec
964 4301 1078 4365 mortis
1102 4299 1211 4364 subire
1235 4299 1433 4368 discrimina.

513 4441 550 4510 A.
573 4436 692 4522 Dignis
716 4456 847 4521 semper
869 4434 1034 4500 studiosus
1058 4442 1237 4521 occupatur
1259 4435 1397 4517 actibus,

569 4546 626 4622 aut
649 4559 815 4604 sacrarum
838 4539 1030 4624 paginarum
1052 4539 1193 4603 lectione
1216 4539 1372 4624 pascitur,

572 4649 628 4708 aut
652 4641 815 4707 cernendo
838 4647 947 4706 mente
970 4642 1068 4708 deum
1091 4641 1132 4706 ad
1156 4663 1298 4728 superna
1319 4641 1456 4706 ducitur.

275 4935 293 4988 3
310 4939 406 4989 fictotr'
543 4935 559 4988 ὓ
576 4938 725 5004 compressit
745 4937 769 4986 G
906 4935 921 4987 ‘i
940 4939 1080 5004 armipoten
1099 4937 1124 4987 P
1259 4935 1276 4986 9
1294 4939 1413 5003 flagrauit
1435 4939 1459 4987 G
1585 4937 1618 4989 10
1635 4940 1716 4991 honor
1733 4947 1787 4991 erat
1806 4937 1832 4988 P

171 5023 206 5077 13
227 5025 310 5074 media
327 5023 353 5074 P
436 5025 519 5090 pictus
540 5024 576 5086 G,
599 5025 673 5090 pictis
692 5021 726 5087 P,
754 5022 853 5072 tristis?
957 5021 988 5073 17
1013 5024 1077 5074 doct.
1103 5031 1199 5076 remoto
1218 5021 1244 5072 P
1371 5020 1404 5072 19
1426 5025 1483 5074 Hoc
1501 5022 1526 5072 P
1655 5023 1689 5075 21
1705 5027 1787 5077 Istum
1806 5025 1832 5075 P

170 5108 206 5163 Ὦ
224 5111 329 5162 thedoro
348 5109 374 5160 P
439 5111 497 5161 finit
513 5109 575 5160 add.
597 5110 627 5159 G.
1300 5166 1304 5172 ¹

242 5193 299 5261 [LI]
335 5197 430 5247 Verona
452 5196 483 5246 de
506 5196 631 5262 episcopis
653 5196 709 5246 siue
732 5194 906 5246 sacerdotibus
926 5194 961 5260 P,
980 5198 1044 5247 Item
1060 5223 1092 5231 -
1107 5196 1267 5261 conpositum
1286 5193 1308 5244 S
1429 5192 1469 5258 1,1
1488 5195 1541 5245 uita
1561 5193 1589 5260 S,
1608 5196 1703 5246 iontem
1720 5197 1788 5248 uitae
1807 5195 1833 5246 P

172 5279 215 5346 1,2
234 5283 322 5348 presul
339 5281 365 5332 P
432 5297 557 5332 rennuere
575 5281 701 5332 desiderat
719 5280 744 5330 P
854 5278 896 5345 1,3
914 5297 1014 5348 semper
1030 5281 1054 5332 L
1132 5297 1194 5331 cura
1211 5288 1256 5330 tna
1273 5279 1366 5330 exhibe
1378 5278 1404 5328 P
1513 5276 1554 5343 2,1
1573 5281 1688 5332 comissis
1705 5283 1797 5333 ouibus
1807 5281 1833 5332 P

169 5376 228 5434 port
246 5368 398 5418 custodiam:
417 5369 459 5420 hio
476 5377 528 5419 tres
545 5369 628 5419 lineae
646 5369 739 5418 desunt
758 5365 780 5416 S
899 5362 942 5430 2,3
959 5367 1069 5417 Fertiier
1087 5366 1109 5417 S
1195 5369 1294 5418 thracem
1312 5371 1375 5415 attet
1394 5363 1415 5414 S
1535 5363 1576 5429 3,1
1595 5375 1705 5416 mentem
1724 5368 1789 5433 pium
1809 5369 1831 5418 S

171 5450 216 5516 3‚2
234 5462 272 5503 set
294 5453 319 5502 P
402 5462 447 5506 out
473 5463 566 5521 augeat
584 5453 610 5503 P
728 5451 771 5518 4,1
797 5459 936 5519 occupetur
954 5451 980 5501 P
1097 5451 1141 5518 4‚2
1159 5455 1175 5502 a
1194 5451 1219 5501 P

276 5623 302 5690 1)
322 5623 365 5692 Cf.
383 5625 535 5696 rhythmum
553 5623 587 5679 rte
609 5622 722 5692 paudite
741 5620 888 5690 paradisi:
915 5621 958 5676 Ad
983 5621 1112 5690 perennis
1136 5620 1210 5674 vitae
1235 5619 1341 5672 fontem
1368 5633 1445 5672 mens
1468 5616 1558 5672 sitivit
1582 5619 1662 5676 arida
1690 5621 1831 5689 (Damtrit

172 5727 285 5782 Potaiea
299 5729 395 5797 popul.
415 5729 502 5783 corti-r:
522 5746 559 5783 ou
577 5728 646 5782 XII
660 5727 739 5782 aiirlc
756 5744 784 5796 p.
804 5725 873 5795 131).
