4574 6442
1034 415 1158 471 TITULI
1178 415 1328 472 saecum
1347 416 1489 472 octavi.

800 593 874 658 Hoc
897 594 1070 658 lacrimans
1094 593 1200 658 cecini
1223 591 1331 656 David
1355 613 1416 676 ego
1437 592 1548 676 flebile
1571 613 1702 656 carmen

884 699 1032 778 Praesul,
1056 700 1109 762 cui
1132 720 1263 784 semper
1285 705 1318 762 te
1343 698 1413 762 aine
1437 698 1524 761 velle
1548 698 1630 760 mori
1653 702 1718 760 est!

1021 886 1287 974 [careamus
1312 884 1500 972 censam]

799 1024 977 1090 Caesarius
1001 1027 1115 1090 consul
1126 1029 1146 1102 ¹,
1170 1028 1294 1092 teneris
1318 1026 1466 1089 sublatus
1490 1025 1523 1088 in
1546 1025 1650 1104 annis,

884 1130 948 1195 Hie
972 1130 1106 1195 recubat
1129 1132 1288 1195 moriens:
1311 1151 1372 1194 vae
1395 1130 1456 1193 tibi
1477 1128 1719 1214 Parthenope²t

802 1233 993 1298 Aeternum
1016 1234 1124 1299 medio
1148 1241 1259 1318 gestas
1283 1235 1316 1297 in
1338 1240 1471 1319 pectore
1496 1234 1629 1306 vulnus:

882 1337 1043 1401 Militibus
1066 1338 1164 1423 periit
1186 1359 1297 1400 munis
1321 1343 1354 1400 et
1376 1357 1465 1400 arma
1488 1336 1586 1399 laist

731 1461 741 1494 o
799 1437 849 1502 Et
871 1460 959 1512 mea,
984 1441 1039 1525 qui
1063 1441 1148 1503 hune
1171 1441 1287 1525 genui,
1311 1461 1369 1503 vos
1393 1440 1529 1502 vulnera
1551 1439 1637 1516 flete,
1661 1445 1827 1523 parentes

882 1541 945 1615 Qui
969 1544 1119 1608 sobolum
1144 1545 1261 1630 cupitis
1285 1550 1350 1606 tam
1373 1543 1458 1607 bene
1482 1549 1569 1606 sorte
1593 1541 1664 1605 lrui.

799 1645 883 1710 Sors
906 1668 980 1711 mea
1003 1646 1145 1712 deterior
1166 1647 1272 1711 duleis
1295 1648 1328 1710 in
1350 1646 1465 1710 funere
1489 1647 1565 1724 nati,

882 1748 983 1812 Ouios
1007 1751 1136 1813 flamma
1159 1771 1268 1814 meum
1292 1755 1406 1835 pectus
1428 1748 1549 1833 ubique
1573 1756 1695 1813 cremat
1704 1749 1726 1810 ⁴.

798 1851 911 1936 Aptus
934 1859 1004 1916 erat
1027 1854 1151 1916 cunctis
1175 1854 1208 1916 in
1233 1852 1343 1928 verbo,
1367 1851 1487 1937 probus
1510 1852 1543 1914 in
1566 1858 1656 1918 actu:

881 1954 1026 2020 Consilio
1050 1957 1165 2033 solers,
1188 1956 1280 2018 fortis
1303 1954 1344 2018 ad
1367 1975 1457 2018 arma
1479 1955 1585 2017 simul.

799 2057 904 2122 Rex⁵
926 2058 1052 2123 Romae
1074 2061 1224 2144 precelsa
1247 2081 1351 2122 novae
1375 2080 1438 2142 quo
1462 2066 1592 2144 sceptra
1615 2063 1780 2140 reguntur

880 2163 1042 2227 Praetulit
1066 2163 1152 2226 hunc
1174 2170 1287 2226 nostra
1309 2162 1434 2225 civibus
1460 2161 1541 2225 urbe
1564 2161 1642 2225 suia.

798 2264 904 2329 Istius
928 2266 1051 2329 auxilio
1074 2266 1215 2350 longeva
1238 2273 1374 2351 paterna
1397 2272 1549 2330 senectus

884 2367 968 2431 Tuta
991 2368 1199 2452 regebatur⁶‚
1222 2368 1352 2452 iamque
1376 2367 1505 2452 quietus
1528 2387 1627 2430 eram.

730 2493 741 2528 r
798 2470 932 2550 Virtus,
956 2471 1133 2554 ingenium,
1157 2470 1274 2555 pietas,
1297 2470 1455 2554 patientia
1477 2489 1603 2532 summa
1624 2505 1666 2514 —

881 2574 953 2638 Vae
975 2575 1027 2638 cui
1051 2596 1123 2638 cum
1146 2575 1258 2659 genito
1282 2581 1330 2637 tot
1352 2573 1480 2659 periere
1502 2572 1603 2636 bona!

799 2676 859 2740 Sic
881 2677 1020 2741 blandus
1043 2677 1160 2740 Bardis
1183 2698 1266 2753 eras,
1289 2684 1325 2740 ut
1347 2676 1481 2740 foedera
1504 2675 1613 2738 Graiis

881 2779 1037 2844 Servares
1061 2780 1191 2866 sapiens
1214 2780 1370 2843 inviolata
1392 2787 1501 2842 tamen
1513 2779 1535 2841 ⁷.

798 2881 939 2962 Consul,
962 2889 1038 2967 post
1060 2882 1214 2966 praesul⁸
1237 2881 1366 2965 genitor
1389 2886 1599 2944 monumenta
1621 2881 1745 2964 parabi,

884 2983 946 3047 Oui
967 2984 1074 3048 iuerat
1096 3005 1172 3048 cure
1197 2983 1339 3048 condere
1361 2983 1509 3047 membra
1531 2983 1645 3068 patris.

798 3088 826 3153 Ο
850 3089 929 3154 mihi
952 3110 1017 3152 non
1040 3089 1142 3173 prolis
1165 3095 1301 3166 tantum,
1325 3095 1376 3150 set
1399 3087 1527 3170 collega
1548 3085 1643 3162 fidus,

881 3191 942 3256 Cui
965 3198 1074 3256 tantos
1098 3192 1218 3275 linquis
1242 3211 1324 3275 quos
1347 3197 1424 3252 tuus
1446 3189 1539 3252 auxit
1561 3195 1665 3253 amor!

796 3297 950 3360 Nutritur
974 3295 1073 3360 obses
1095 3295 1226 3358 Arichis
1250 3292 1472 3358 moderamine
1497 3294 1623 3357 sancti⁹

883 3399 1025 3462 Salvasti
1051 3398 1200 3482 patriam,
1224 3394 1504 3483 permemorandc,
1527 3403 1628 3459 tuam.

714 3526 739 3562 a
796 3503 870 3567 Sex
892 3509 1008 3588 quater
1031 3509 1064 3567 et
1086 3502 1181 3566 binos
1205 3501 1259 3564 hie
1280 3501 1344 3563 iam
1375 3498 1623 3564 transcenderat
1646 3521 1758 3578 annos,

880 3606 962 3670 Cum
986 3607 1104 3671 flamen
1129 3605 1260 3670 Christo
1283 3603 1424 3669 reddidit
1447 3604 1561 3668 aethre
1585 3625 1688 3680 suum,

796 3711 882 3774 Vita
906 3710 995 3774 senis
1018 3710 1126 3774 tenuis
1148 3715 1225 3795 post
1247 3708 1316 3772 nati
1338 3708 1435 3771 funus
1459 3727 1628 3770 acervum:

879 3813 960 3877 Post
982 3813 1074 3876 illum
1097 3812 1209 3898 paucis
1234 3809 1331 3875 credo
1355 3809 1470 3874 diebus
1494 3830 1576 3874 eam.

530 4175 564 4228 27
582 4179 667 4229 flenile
688 4177 710 4228 0
814 4175 849 4227 28
866 4178 893 4227 in
914 4177 937 4227 0
956 4187 1096 4242 scortantur
1113 4178 1188 4229 hoec:
1211 4179 1281 4228 Vixit
1297 4195 1379 4228 annos
1396 4179 1488 4245 viginti
1507 4179 1635 4244 quiuqne3
1658 4180 1788 4245 depositus
1811 4189 1850 4232 cst
1868 4180 2017 4231 duodecime
2038 4183 2091 4231 Ka-

428 4263 516 4315 lendas
537 4266 669 4330 Augustas
681 4265 839 4330 principante
873 4271 943 4328 patre
959 4279 1026 4313 armo
1047 4264 1183 4327 tricesimo,
1201 4264 1338 4314 indictione
1357 4272 1519 4329 percurrente
1537 4265 1641 4314 decima.
1740 4267 1750 4330 Ι)
1779 4264 1914 4332 3gestans
1938 4265 2091 4331 l'aztamlo„

426 4359 510 4417 gestat
528 4351 634 4416 capace.
733 4349 855 4401 damme
872 4366 998 4415 aspernor.
1016 4367 1098 4400 nurus
1115 4350 1139 4398 Γ
1232 4349 1313 4400 buon
1332 4351 1355 4400 (J
1420 4351 1465 4400 ubi
1483 4367 1608 4415 eriperem.
1627 4352 1662 4400 ibi
1680 4351 1703 4400 V
1769 4354 1828 4403 fleta
1844 4369 1969 4418 raperer-r.
1988 4353 2050 4402 flete
2068 4353 2093 4400 l'

426 4435 443 4486 t)
456 4438 481 4486 in
494 4455 542 4487 om.
555 4436 658 4503 Perepr.
714 4437 801 4487 uerbis
816 4436 838 4486 U
886 4444 1018 4502 promptus
1032 4435 1054 4486 0
1102 4445 1161 4486 actu
1174 4437 1240 4499 etv,
1256 4437 1319 4487 aclis
1334 4437 1356 4486 (l
1440 4433 1473 4486 10
1484 4437 1574 4486 sollers
1587 4437 1611 4486 P
1696 4436 1727 4489 ll
1741 4441 1868 4505 praecelsa
1884 4438 1935 4487 VC
1986 4455 2057 4488 nouo
2070 4441 2094 4488 (l'

428 4520 527 4572 121100
548 4523 570 4572 U
656 4521 688 4572 13
707 4524 833 4589 languena
852 4523 874 4572 C*
958 4519 1231 4588 15apienaa1uu1a
1251 4523 1273 4572 U
1357 4520 1389 4572 ll
1407 4524 1486 4588 gratis
1505 4523 1527 4572 (¹
1612 4521 1645 4573 18
1662 4535 1776 4576 seruaret
1795 4527 1818 4575 0
1907 4521 1938 4573 19
1956 4525 2048 4589 paraui
2070 4526 2094 4575 (Ἰ

426 4605 462 4658 20
478 4625 555 4658 curae
575 4609 598 4657 (ζ’
731 4606 764 4659 21
784 4609 867 4675 proles
881 4607 903 4656 C'
986 4608 1029 4657 sed
1052 4608 1073 4657 (l
1208 4606 1242 4658 22
1260 4609 1322 4658 arsit
1343 4607 1365 4658 0
1498 4605 1532 4658 23
1550 4617 1637 4659 sancto
1658 4610 1681 4659 0
1814 4609 1848 4660 26
1865 4611 1970 4661 credidit
1989 4629 2048 4664 esse
2069 4615 2093 4664 0

426 4690 459 4743 21
478 4696 599 4744 acerbum
619 4693 641 4743 U

530 4881 556 4947 1)
592 4880 705 4934 Primae
731 4880 902 4948 stapuloram
928 4896 1055 4935 cascum
1081 4881 1300 4934 ltexometroram
1326 4881 1434 4934 litterae
1456 4882 1603 4963 conficiunt
1630 4881 1779 4936 vocabula:
1814 4881 1957 4936 Caesarius
1977 4885 2087 4938 consul.

424 4983 452 5050 2)
469 4983 506 5051 es.
525 4998 612 5052 eupm
626 4999 656 5051 p.
676 4983 725 5035 lll
744 4983 807 5035 ad:
839 4999 890 5036 vae
907 4983 961 5036 tibi
979 4983 1070 5036 Barda
1089 4985 1192 5038 cohors.
1263 4985 1290 5052 3)
1309 4985 1346 5052 cf.
1365 5001 1389 5038 o.
1407 4985 1436 5038 4:
1460 5003 1554 5038 mune
1574 4987 1603 5037 ct
1621 5002 1698 5038 amm
1716 4985 1780 5039 suis.
1851 4987 1879 5054 4)
1897 5002 1920 5039 v.
1940 4986 1986 5039 12:
2016 5005 2089 5056 quos

425 5087 500 5139 mala
526 5086 638 5139 flamma
665 5088 777 5139 cremat.
859 5087 886 5152 5)
916 5085 1113 5141 Constantinus
1137 5086 1180 5140 VI
1202 5087 1365 5155 imperator,
1392 5087 1488 5140 Irenae
1510 5086 1600 5153 filius.
1682 5087 1709 5156 e)
1732 5105 1757 5141 o.
1775 5089 1873 5142 5-6:
1905 5087 1991 5142 Cuius
2015 5091 2090 5145 fessa

425 5189 513 5258 patris
525 5189 595 5243 bene
608 5189 664 5243 iam
677 5189 781 5242 virtute
794 5191 920 5242 senectus
937 5189 940 5258 )
957 5189 1031 5243 'luta
1041 5189 1197 5259 regebatur.
1227 5190 1362 5260 Stephani
1370 5191 1466 5259 patris
1479 5190 1582 5260 cotlcpa
1595 5190 1661 5257 suit.
1715 5190 1741 5256 7)
1755 5191 1797 5258 Cf.
1811 5191 2002 5260 Erebemperti
2012 5194 2090 5248 Hist.

424 5292 549 5361 Loayob.
565 5293 710 5346 Bmeoent.
728 5307 751 5345 c.
769 5292 786 5344 2
805 5293 870 5362 (SS.
888 5309 941 5346 rer.
955 5294 1078 5361 Laayob.
1093 5311 1123 5362 p.
1141 5293 1215 5362 235J:
1236 5294 1289 5358 Qui
1308 5297 1357 5361 (cc.
1370 5294 1495 5358 Arietis)
1514 5334 1521 5347 .
1541 5335 1546 5347 .
1566 5291 1771 5363 Neapolitibus,
1790 5295 1839 5362 qui
1857 5312 1874 5348 a
1893 5293 2090 5363 Langobardis

423 5395 534 5448 diutina
556 5395 733 5464 oppressione
752 5395 865 5464 fatigati
884 5398 976 5458 errant,
994 5413 1090 5464 pacem
1110 5397 1192 5450 cessit
1211 5404 1274 5460 etc.;
1300 5399 1415 5452 Pactum
1437 5398 1642 5450 interneciem
1656 5399 1747 5467 princ.
1759 5399 1902 5451 Brnrceat.
1921 5403 1946 5449 rt
1965 5399 2089 5454 italicam

424 5499 565 5566 Neapolit.
594 5499 670 5564 (Ιώ.
690 5499 747 5562 IV,
770 5497 847 5564 213).
939 5499 967 5562 8)
996 5499 1041 5551 De
1071 5501 1213 5566 Stephano
1242 5500 1370 5568 episcopo
1402 5501 1587 5568 Neapolitano
1615 5502 1795 5568 (lto—799)
1828 5503 1942 5569 italique
1974 5505 2090 5556 eonardo

422 5602 460 5664 cs.
488 5601 623 5654 Iohannis
653 5603 738 5654 (lecta
767 5601 904 5668 epiecopp.
930 5601 1070 5668 Neapolit.
1096 5616 1118 5653 c.
1141 5603 1263 5654 42—ss,
1290 5604 1360 5668 (SS.
1388 5618 1441 5656 rer.
1471 5602 1594 5670 Laapob.
1618 5622 1649 5672 p.
1671 5605 1746 5670 425).
1846 5607 1873 5670 9)
1897 5604 2091 5658 Beneventani

423 5703 509 5756 claris.
