4666 6406
511 423 558 476 DE
576 422 788 502 POTESTA'I'E
807 424 885 478 NON
904 423 1112 478 DIVIDENDA.
1149 425 1198 478 AD
1216 425 1392 479 CAROLUM
1411 423 1602 479 IUNIOREM.
1821 417 1883 487 527

598 597 648 662 Tu
670 599 772 684 patris
797 605 831 662 et
852 598 987 684 patriae,
1012 604 1046 661 tu
1070 598 1170 662 totius
1195 619 1271 664 ecce
1296 605 1429 664 senatus

686 701 814 766 Gaudia
835 701 1031 787 multiplicas
1054 708 1089 766 et
1112 701 1212 767 decus
1237 722 1332 768 omne
1355 723 1462 789 paras.

528 827 539 862 ⁵
599 805 727 870 Clarior
749 806 881 882 electro,
905 811 955 868 ter
978 813 1071 870 cocto
1094 806 1207 892 purior
1228 828 1308 872 auro
1320 808 1341 888 ¹,

686 907 815 974 Cedunt
838 906 1005 992 splendori
1028 915 1146 973 cuncta
1168 909 1302 974 meta-lla
1323 916 1390 974 tuo.

596 1013 741 1077 Alitibus
763 1013 876 1092 levior,
900 1020 936 1076 tu
959 1012 1075 1076 fortior
1096 1014 1169 1098 ipse
1192 1014 1298 1095 leone,

684 1115 821 1180 Artibus
845 1116 1025 1196 excellens,
1047 1124 1217 1202 promptus
1241 1118 1274 1181 in
1296 1138 1385 1182 arma
1408 1139 1516 1182 manu.

597 1219 644 1285 Te
668 1220 803 1283 nimium
826 1219 943 1304 capitis
967 1219 1081 1284 sitiunt
1104 1219 1168 1284 duo
1191 1221 1315 1285 lumina
1337 1221 1440 1285 nostri

517 1347 541 1384 ιο
685 1322 829 1387 Cernere
853 1328 950 1407 teque
975 1323 1064 1408 cupit
1086 1324 1230 1409 pectoris
1254 1325 1339 1389 altus
1362 1345 1463 1388 amor.

599 1427 684 1491 Nam
707 1447 781 1490 eum
804 1431 839 1490 tu
862 1424 1014 1490 occiduas
1038 1425 1178 1512 coepisti
1201 1433 1337 1511 tangere
1360 1431 1482 1513 partes,

680 1529 833 1595 Vicinum
859 1535 893 1594 et
916 1529 1005 1593 sensi
1030 1550 1144 1594 servus
1167 1529 1290 1593 amicus
1312 1529 1439 1610 herum,

596 1637 672 1724 Ipso
694 1635 781 1701 Noto
804 1637 918 1728 leuior,
942 1637 1066 1700 volucri
1089 1637 1234 1701 velocior
1256 1635 1381 1718 Euro²‚

679 1741 759 1805 Mox
782 1747 909 1805 vestros
932 1740 1020 1803 volui
1042 1762 1166 1825 pronus
1189 1740 1279 1805 adire
1303 1741 1417 1827 pedes.

515 1869 538 1907 u
596 1845 705 1909 Iussio
728 1866 780 1909 me
804 1844 891 1929 regis
915 1850 990 1907 voto
1015 1844 1218 1929 compescuit
1241 1845 1316 1926 isto,

678 1948 721 2012 Et
744 1946 834 2012 dedit
856 1947 990 2011 alterius
1015 1968 1150 2033 carpere
1174 1947 1266 2012 callis
1289 1949 1361 2012 iter.

597 2053 732 2137 Iamque
756 2051 942 2135 iterumque
965 2051 1078 2115 valens
1102 2050 1234 2136 impune
1257 2051 1420 2116 coercitus
1443 2057 1548 2130 exsto,

679 2155 802 2240 Bisque
826 2153 939 2219 venire
962 2175 1081 2241 parans
1104 2152 1221 2239 bisque
1244 2162 1385 2238 negatur
1405 2156 1477 2220 iter.

594 2258 715 2322 Dulcis
736 2263 849 2322 vestra
870 2257 950 2320 mihi
974 2254 1088 2322 Gomis
1113 2264 1163 2321 est
1187 2279 1260 2321 cum
1282 2257 1384 2322 verba
1405 2258 1563 2344 profatus,

512 2383 538 2422 so
682 2359 790 2445 Seque
815 2361 957 2424 salutare
981 2360 1130 2425 servulus
1153 2359 1244 2424 audit
1267 2360 1393 2442 herum,

594 2465 673 2529 Mox
695 2463 888 2528 lacrimosus
911 2462 1016 2526 hiems
1040 2463 1209 2527 oculorum
1231 2463 1319 2528 nube
1342 2464 1483 2544 refluxit,

677 2566 853 2650 Imbrcque
878 2564 1012 2630 suffudit
1035 2566 1125 2630 frons
1149 2567 1324 2652 peregrina
1346 2588 1459 2652 genas.

594 2669 738 2735 Laetitia
761 2691 840 2753 ergo
865 2670 950 2733 solet
974 2670 1059 2733 tales
1081 2669 1262 2755 producere
1286 2670 1404 2750 fontes,

676 2771 720 2836 Et
742 2772 814 2837 vice
839 2792 998 2836 conversa
1020 2772 1140 2857 gaudia
1162 2772 1241 2858 dant
1262 2773 1423 2838 lacrimas.

512 2897 536 2936 m
594 2877 668 2940 Hoc
692 2896 772 2960 rogo
795 2875 994 2961 mancipium
1015 2876 1131 2940 vinclis
1155 2882 1289 2942 onerate
1313 2877 1475 2962 gemellis,

676 2979 818 3043 Brachia
841 2979 868 3043 si
892 2987 1017 3058 nectas,
1040 3001 1105 3045 non
1128 2980 1286 3066 fugitivus
1311 3002 1377 3046 ero.

592 3083 655 3148 His
679 3104 818 3169 proavus
841 3083 958 3148 vinclis
981 3091 1127 3166 atavus,
1150 3091 1244 3170 pater
1267 3084 1339 3170 ipsc
1363 3092 1513 3149 catervas

675 3187 866 3266 Nectcntes‚
890 3188 984 3271 regni
1008 3207 1232 3252 commeruere
1255 3186 1418 3252 thronum.

591 3293 671 3358 Inde
696 3292 911 3378 superborum
933 3293 1044 3378 plures
1069 3300 1214 3357 stravere
1237 3279 1429 3378 phalanges,

511 3419 536 3457 so
679 3394 843 3460 Oertaudo
867 3401 901 3458 et
924 3394 1080 3479 subigunt
1102 3395 1243 3480 plurima
1265 3416 1368 3480 regna
1390 3395 1463 3460 sibi.

593 3499 639 3563 At
661 3505 706 3580 tu,
728 3518 845 3582 magne
871 3518 964 3582 puer,
989 3498 1144 3582 salveque
1168 3498 1306 3582 valeque
1328 3519 1388 3584 per
1409 3519 1536 3575 aevum,

676 3601 724 3667 Te
748 3599 898 3664 dominus
922 3600 1008 3663 caeli
1030 3605 1191 3684 protegat,
1215 3606 1319 3682 ornet,
1342 3601 1418 3680 alat,

592 3706 638 3772 Ut
660 3706 782 3793 patrias
805 3705 916 3768 valeas
939 3703 1057 3767 rutilus
1081 3703 1302 3769 conscendere
1326 3703 1431 3784 sedes,

675 3809 785 3894 Atque
806 3807 938 3872 iuvante
962 3805 1025 3872 deo
1050 3813 1181 3893 sceptra
1203 3813 1316 3872 tenere
1339 3827 1448 3871 manu.

512 3936 536 3974 aa
593 3913 638 3979 ut
660 3914 707 3978 sic
728 3910 883 3976 mundani
905 3911 1000 3995 regni
1022 3917 1154 3976 terrena
1176 3911 1341 3996 relinquas

676 4015 837 4094 culmina,
860 4020 899 4077 ut
920 4014 1060 4079 aetherii
1082 4012 1253 4101 postmodo
1278 4033 1411 4099 compos
1435 4032 1502 4078 eas.

851 4209 1162 4217 ——-.-.-...-.-.--—-—-.-
1179 4209 1260 4216 .-,...-.-

873 4415 874 4418 ‘
972 4431 1131 4496 xxxvl.

592 4553 709 4638 Perge,
732 4553 876 4634 libellc³,
900 4554 989 4619 celer
1011 4550 1121 4616 Caroli
1141 4551 1191 4615 ad·
1205 4550 1345 4634 vestigia
1367 4550 1447 4614 celsi

676 4655 779 4740 Regis
803 4661 836 4720 et
859 4654 899 4719 ⁶0
921 4656 997 4742 pie',
1021 4649 1083 4734 dic,
1106 4653 1336 4741 ‘induperator‚
1359 4653 1445 4716 ave'!

597 4759 726 4824 Stratus
752 4759 843 4823 humi
864 4758 986 4844 plantis
1010 4757 1052 4823 da
1072 4758 1167 4822 bosia
1189 4763 1283 4842 grata
1304 4755 1442 4832 decoris,

675 4862 763 4926 Hinc
786 4883 926 4946 surgens
949 4861 1048 4946 digna
1074 4882 1152 4925 mox
1174 4867 1250 4946 pete
1275 4864 1362 4923 sorte
1385 4879 1482 4942 genu.
1578 4857 1579 4860 ’

524 4987 536 5025 s
592 4965 637 5029 At
660 4965 688 5028 si
710 4965 744 5029 in
766 4971 799 5029 te
825 4964 940 5028 rutilos
963 4964 1131 5029 oculorum
1154 4962 1264 5027 fixerit
1286 4961 1416 5040 orbes⁴,

676 5067 720 5131 Et
742 5074 775 5132 te
800 5068 980 5132 clementer
1003 5075 1110 5132 sumat
1132 5086 1271 5130 amoena
1291 5084 1418 5140 manus,

298 5293 429 5361 [XXXVI]
448 5295 501 5346 sisto
519 5296 590 5346 timlo
605 5295 627 5345 0
644 5291 740 5358 (Poris.
758 5290 873 5357 5941A)
887 5295 914 5360 f.
934 5290 957 5354 1,
975 5292 1003 5343 E
1019 5291 1116 5355 (Par-is.
1136 5288 1213 5357 1687)
1225 5293 1252 5358 f.
1271 5287 1312 5355 69,
1332 5287 1506 5355 mortetenus
1523 5284 1603 5353 3024)
1620 5291 1641 5355 f.
1661 5289 1684 5350 1,
1703 5293 1829 5344 Praefatio
1846 5294 1878 5344 od

227 5381 347 5432 Carolum
365 5397 487 5447 magnum
504 5381 681 5448 imperatorem
699 5379 778 5431 Sirm.
791 5398 821 5446 p.
839 5377 871 5430 61
976 5376 994 5430 3
1012 5377 1126 5430 humoO
1227 5375 1244 5427 5
1262 5379 1296 5428 Et
1312 5373 1442 5427 siEHS
1544 5375 1561 5427 6
1577 5395 1668 5430 amena
1686 5377 1709 5428 0

332 5518 357 5584 l)
370 5515 435 5570 Vero.
445 5515 564 5570 Fortun.
577 5515 609 5570 V.
617 5515 645 5569 S.
655 5515 741 5569 Mart.
752 5515 777 5578 Ι,
788 5516 838 5568 121
849 5515 992 5569 Pulchrior
1004 5514 1114 5579 electro,
1124 5517 1167 5568 ter
1177 5515 1255 5568 cocto
1264 5511 1406 5567 ardentior
1415 5529 1491 5567 sure.
1535 5515 1562 5581 2)
1576 5511 1655 5582 Vero.
1666 5513 1734 5566 Aca.
1745 5511 1818 5581 XII,
1828 5514 1878 5568 733

228 5620 303 5689 fugit
315 5619 390 5674 ocior
399 5619 486 5682 Euro;
508 5617 674 5682 V111‚223;
697 5619 768 5672 Hor.
789 5618 877 5672 Corm.
895 5619 940 5682 II,
960 5621 999 5684 16,
1009 5619 1050 5673 23.
1121 5617 1149 5687 3)
1167 5617 1238 5671 liber
1259 5615 1292 5670 dc
1314 5615 1418 5686 spiritu
1439 5619 1534 5670 sancto
1559 5615 1653 5670 Caroli
1680 5614 1780 5683 Mopni
1800 5616 1879 5672 iussu

228 5724 357 5793 scriptus,
374 5724 421 5777 cui
437 5722 467 5776 lui
484 5737 581 5776 omaus
599 5720 767 5775 antecedunt.
838 5724 865 5791 4)
886 5723 967 5792 Very.
985 5724 1052 5776 Aen.
1072 5721 1146 5785 ΧΠ,
1163 5721 1216 5776 610
1234 5719 1364 5773 Ardentis
1382 5718 1524 5774 oculorum
1541 5717 1622 5773 orbis.
