4756 6412
974 437 981 452 ,χ
1105 392 1312 448 THEODULFI
1330 391 1506 446 CARMINA.

846 567 940 631 Hanc
964 588 1066 653 prope
1089 566 1221 629 Iustitia
1242 563 1388 650 gladium
1410 565 1617 650 palmamque
1641 562 1786 642 tenebat,

927 669 1027 732 Libra
1050 674 1120 732 erat
1143 668 1176 732 in
1200 668 1293 732 ouius
1318 668 1387 732 sire
1411 688 1530 732 corona
1552 687 1662 745 manu,

764 793 788 830 ,u
847 770 928 844 Quis
952 776 1115 835 tormenta
1137 770 1221 834 ferat
1244 790 1309 833 non
1332 769 1438 848 iustis,
1461 769 1609 855 praemia
1631 768 1737 842 iustis,

928 873 1080 939 Pondere
1104 895 1163 938 seu
1185 875 1272 938 iusto
1294 873 1382 938 dieta
1403 874 1457 938 vel
1479 880 1554 938 aeta
1575 872 1704 959 probet.

846 977 941 1042 Hane
964 997 1067 1062 prope
1091 977 1284 1062 temperiem
1307 975 1470 1062 praebens
1494 975 1678 1040 Moderatio
1701 974 1819 1054 stabat,

927 1081 1039 1146 Fortia
1061 1080 1154 1144 irena
1175 1080 1301 1144 vehens
1325 1080 1395 1144 sive
1419 1081 1549 1164 flagella
1571 1101 1679 1160 manu,

847 1183 927 1257 Quis
950 1184 1063 1270 pigros
1088 1182 1244 1262 stimulet,
1267 1183 1400 1246 veloces
1423 1187 1596 1268 temperet,
1619 1189 1653 1246 et
1676 1183 1748 1268 quis

765 1310 790 1347 so
932 1287 1069 1371 Aequus
1092 1291 1128 1348 ut
1151 1285 1298 1370 aequatis
1323 1285 1473 1348 cursibus
1497 1284 1577 1350 ordo
1598 1291 1698 1350 meet.

846 1392 985 1457 Arboris
1009 1398 1043 1455 at
1066 1412 1204 1474 magnae
1229 1411 1357 1454 sursum
1380 1390 1537 1456 tendebat
1559 1391 1678 1473 imago,

930 1495 1006 1558 Ibat
1029 1500 1063 1558 et
1085 1494 1118 1557 in
1143 1494 1268 1558 celsum
1292 1494 1375 1578 stips
1397 1491 1483 1556 bene
1508 1499 1620 1556 rectus
1644 1491 1685 1568 ei,

849 1596 955 1670 Quem
978 1616 1188 1661 numerorum
1211 1596 1297 1659 ulnis
1321 1595 1386 1658 Ars
1410 1595 1599 1680 amplexata
1621 1594 1765 1670 tenebat,

935 1701 1030 1766 Stare
1054 1700 1250 1765 videbantur
1271 1721 1362 1764 ramo
1385 1701 1416 1764 in
1441 1707 1579 1785 utroque
1602 1697 1715 1784 pedes.

769 1828 794 1865 ss
853 1805 922 1868 Ista
944 1825 1059 1868 manus
1082 1825 1235 1868 numeros
1258 1803 1432 1882 retinebat,
1456 1809 1489 1866 et
1511 1802 1568 1865 ille
1589 1801 1752 1880 uolumen,

932 1905 1038 1979 Quam
1061 1911 1190 1970 constat
1212 1911 1361 1987 matrem,
1384 1904 1538 1990 Physica,
1560 1904 1669 1968 inesse
1693 1911 1792 1968 tuam.

851 2009 947 2074 Hane
972 2030 1072 2094 super
1095 2029 1138 2072 ex
1161 2009 1276 2094 primis
1299 2009 1452 2092 geminae
1474 2007 1653 2094 proeed'ere
1677 2006 1775 2071 ramis

937 2111 1136 2190 Comuntur,
1160 2112 1284 2176 similes
1308 2133 1326 2176 e
1349 2112 1485 2197 regione
1509 2110 1579 2176 sibi.

852 2217 980 2281 Musica
1003 2218 1037 2280 in
1060 2217 1157 2280 unius
1181 2216 1349 2282 residebat
1371 2224 1465 2302 parte
1489 2236 1615 2296 sonora,

772 2343 797 2380 ro
942 2319 1024 2385 Arte
1048 2319 1222 2385 videbatur
1243 2320 1299 2385 file
1321 2341 1454 2384 movere
1477 2320 1579 2404 lyrae.

852 2422 897 2487 Et
921 2424 974 2487 eui
997 2423 1183 2509 disparibus
1207 2424 1342 2487 calamis
1366 2429 1417 2488 est
1438 2423 1548 2487 fistula
1571 2429 1707 2509 septem,

940 2526 1004 2600 Qui
1027 2547 1182 2590 numerus
1207 2526 1347 2590 celebris
1371 2526 1510 2611 mystica
1532 2527 1636 2590 multa
1657 2525 1752 2610 gerit.

857 2630 974 2695 Stabat
997 2636 1031 2694 et
1053 2630 1189 2694 acolinis
1213 2631 1308 2694 laevo
1331 2631 1365 2692 in
1389 2628 1598 2694 Geometrica
1620 2633 1724 2714 parte,

939 2732 1068 2798 Dextra
1090 2754 1205 2797 manus
1229 2732 1368 2814 radium,
1390 2732 1485 2796 laeva
1507 2732 1598 2796 vehit
1616 2721 1771 2810 rotulam,

774 2860 799 2898 u
858 2837 903 2901 Et
924 2837 1034 2902 radius
1058 2844 1197 2902 teretem
1220 2838 1355 2902 metitur
1378 2838 1558 2902 comminus
1582 2836 1705 2916 orbem,

939 2941 1115 3006 Aetherias
1139 2963 1238 3006 zonas
1262 2949 1296 3006 et
1318 2948 1391 3005 rota
1413 2942 1557 3026 quinque
1579 2947 1671 3004 tenet
1685 2941 1705 3003 ¹.

855 3043 883 3107 Ε
907 3045 1025 3129 quibus
1049 3039 1215 3109 extremae
1238 3044 1389 3130 geminae
1413 3051 1488 3108 sunt
1511 3043 1634 3128 frigore
1656 3063 1801 3130 pressae,

939 3146 1078 3211 'Porrida
1101 3170 1160 3234 per
1182 3148 1326 3212 medium
1350 3154 1512 3233 temperat
1534 3168 1600 3211 una
1622 3145 1715 3210 duas.

857 3250 948 3314 Inter
970 3271 1051 3336 quas
1074 3249 1203 3314 medius
1226 3251 1307 3336 stips
1332 3270 1470 3333 surgens
1494 3250 1563 3314 ibat
1587 3250 1620 3312 in
1642 3249 1754 3329 altum,

775 3374 800 3411 eo
943 3353 1008 3417 Ars
1032 3360 1065 3417 et
1088 3353 1129 3417 ab
1155 3353 1330 3438 astrologis
1354 3353 1443 3416 onlta
1466 3359 1609 3417 retentat
1631 3373 1715 3416 eum.

859 3457 946 3522 Huic
970 3463 1069 3542 ceput
1091 3457 1159 3520 alta
1182 3463 1299 3541 petens
1323 3455 1480 3519 onerabat
1502 3455 1642 3520 circulus
1665 3455 1780 3541 ingens

940 3563 1046 3637 Quem
1069 3563 1219 3627 manibus
1242 3563 1382 3646 geminis
1405 3562 1540 3626 brachia
1561 3568 1656 3626 tensa
1678 3569 1805 3628 tenent:

859 3666 1011 3731 Circulus
1035 3666 1179 3730 astriferi
1201 3666 1359 3729 formatus
1384 3665 1527 3749 imagine
1551 3665 1645 3746 caeli,

941 3768 1046 3843 Quem
1071 3769 1238 3853 signorum
1261 3768 1377 3854 implet
1398 3768 1569 3833 flammeus
1593 3767 1672 3832 ordo
1694 3767 1824 3832 decens.

775 3894 799 3932 ss
858 3870 961 3958 Signa
983 3878 1101 3957 quater
1122 3879 1217 3937 terna
1239 3871 1336 3952 huno,
1360 3873 1428 3937 sire
1452 3879 1542 3936 astra
1565 3872 1708 3937 errantia
1730 3879 1867 3958 septem,

940 3975 1043 4060 Lege,
1067 3974 1139 4039 vice
1163 3982 1325 4040 exornant
1347 3975 1507 4052 cursibus,
1530 3976 1619 4056 orbe,
1641 3975 1734 4039 loeis.

856 4078 943 4142 Hine
967 4079 1063 4158 aries,
1087 4084 1211 4157 taurus,
1235 4077 1370 4163 gemini,
1394 4099 1588 4165 cancerque,
1611 4075 1756 4164 leoque²,

939 4181 1108 4266 Virgoque
1132 4203 1205 4246 cum
1229 4202 1335 4262 curru,
1359 4180 1519 4266 libraque,
1544 4181 1612 4246 sive
1635 4202 1730 4266 nepa,

857 4283 1067 4365 Arcitenens,
1091 4285 1313 4370 capricornus,
1337 4285 1501 4368 aquarius,
1523 4291 1556 4349 et
1579 4283 1642 4348 duo
1666 4284 1775 4369 pisces

774 4407 802 4445 eo
945 4385 1157 4484 circumdant
1180 4387 1295 4452 orbem
1318 4409 1378 4475 per
1402 4409 1461 4452 sua
1483 4388 1578 4473 signe
1599 4387 1677 4474 poli.

859 4491 926 4571 Sol,
948 4491 1043 4554 Luna
1066 4497 1100 4556 et
1122 4491 1221 4572 Mars,
1245 4492 1385 4577 Cylleni,
1409 4491 1497 4555 Iovis
1521 4497 1554 4555 et
1578 4489 1751 4576 Cytherea,

942 4593 987 4657 Et
1010 4593 1150 4658 Saturne
1172 4596 1291 4679 gravis,
1315 4595 1369 4659 itis
1393 4595 1427 4658 in
1450 4593 1529 4660 orbe
1553 4592 1634 4659 dies.

858 4695 930 4760 Nec
952 4695 1011 4758 tibi
1033 4695 1229 4782 displiceant
1251 4698 1389 4782 gentilia
1410 4697 1553 4776 nomina,
1576 4696 1690 4772 lector,

944 4797 1014 4862 Iste
1038 4799 1210 4862 vetustatis
1234 4819 1305 4863 mos
1329 4799 1425 4863 datur
1446 4820 1466 4862 a
1488 4797 1646 4885 patribus.

778 4922 803 4961 so
862 4901 1016 4988 Septenis
1040 4902 1139 4965 astris
1162 4907 1196 4965 et
1218 4901 1320 4986 signis
1344 4902 1394 4966 his
1417 4901 1577 4966 duodenis

943 5005 1106 5091 Dirigitur
1129 5007 1262 5086 mensis,
1286 5028 1400 5086 annus,
1425 5014 1458 5071 et
1481 5007 1553 5093 ipse
1567 5005 1658 5070 dies.

859 5107 921 5172 Ille
942 5107 1059 5172 diebus
1083 5115 1162 5172 eunt
1184 5115 1306 5194 aptata,
1331 5114 1365 5174 et
1387 5109 1556 5174 mensibus
1578 5108 1652 5188 ista,

941 5208 1176 5274 Hebdomades
1198 5211 1281 5292 istis,
1303 5218 1432 5276 constat
1455 5219 1488 5276 et
1511 5232 1616 5276 annus
1639 5209 1699 5274 eis.

860 5312 968 5378 Arbor
989 5313 1133 5379 habebat
1156 5335 1205 5396 aa,
1230 5321 1264 5380 et
1286 5315 1373 5396 lolia,
1397 5323 1432 5381 et
1453 5315 1633 5401 pendentia
1655 5309 1779 5399 poma⁸,

767 5438 805 5476 roo
949 5414 1068 5501 Sioque
1091 5425 1298 5482 venustatem
1321 5425 1355 5482 et
1377 5418 1516 5503 mystica
1537 5419 1633 5506 plura
1654 5413 1763 5479 dabat.

603 5541 828 5548 ffi———m-...t
863 5545 889 5547 —
1216 5545 1227 5549 ..
1720 5536 2010 5546 -.-......--0----.-.-..
2024 5537 2042 5542 -

591 5605 617 5672 1)
639 5602 721 5674 very.
732 5604 831 5676 θεας.
842 5605 869 5674 Ι,
881 5605 933 5659 ‘233
943 5604 1071 5672 Quinque
1081 5607 1179 5659 tenent
1189 5606 1295 5660 eaelum
1308 5624 1407 5660 nonae:
1427 5625 1546 5676 quarum
1565 5622 1637 5660 una.
1648 5647 1654 5659 .
1667 5603 1736 5658 234.
1750 5599 1880 5657 .torrida.
1936 5598 1964 5666 2)
1977 5596 2090 5652 Amtot.
2103 5598 2152 5652 tar.

496 5703 555 5769 679,
568 5707 674 5762 illunc
682 5705 769 5772 Aries,
788 5709 904 5774 Taurus,
922 5706 1041 5773 Gemini,
1059 5709 1171 5774 Cancer,
1190 5709 1254 5774 Leo,
1267 5709 1362 5780 Virgo.
1423 5713 1451 5778 3)
1471 5709 1519 5763 Oe.
1535 5708 1601 5762 Met.
1614 5709 1634 5759 1
1638 5709 1666 5766 V.
1678 5705 1726 5758 331
1740 5700 1927 5778 pendentibus
1939 5700 2038 5755 arbore
2051 5701 2151 5772 pomis.
