4694 6428
496 405 557 466 208
1150 401 1300 457 ALCUINI
1318 403 1493 457 CARMINA.

561 573 654 637 XIX.
698 570 785 638 Item
807 573 948 657 qualiter
969 595 1011 638 ex
1033 573 1262 640 benedictione
1286 573 1432 640 eiusdem
1449 576 1510 640 viri
1532 576 1586 641 dei
1607 576 1669 640 XL
1688 576 1748 640 uiri
1768 597 1811 640 ex
1834 581 1974 660 quatuor
1996 569 2172 664 flasconis

803 675 940 741 modicis
962 677 1126 742 bibissent
1148 699 1251 763 usque
1274 677 1315 741 ad
1339 679 1533 744 satietatem.

580 777 657 842 XX.
700 778 753 843 De
786 778 925 863 quodam
959 787 1112 866 protervo
1145 780 1260 860 divite,
1293 782 1349 866 qui
1376 803 1448 846 eum
1476 781 1598 846 famulo
1629 780 1682 844 dei
1706 779 1819 846 bibere
1846 780 1978 845 rennuit
2016 787 2052 844 et
2087 783 2172 864 post

806 882 920 946 volens
944 904 1009 947 non
1032 883 1148 970 potuit,
1171 881 1275 948 dolnao
1298 883 1339 948 ab
1363 905 1402 948 eo
1426 884 1596 949 absolutus
1620 891 1720 948 esset.

564 984 658 1050 XXI.
703 984 873 1058 Quomodo
896 987 929 1050 in
952 987 1104 1052 Treveris
1128 989 1261 1052 civitate
1284 987 1405 1053 orando
1429 995 1557 1074 pestem
1580 989 1791 1052 inminentem
1812 987 1853 1051 ab
1876 986 2010 1051 ancillis
2032 985 2170 1051 Christi

806 1091 994 1155 amovisset.

545 1191 659 1256 XXII.
705 1191 800 1266 Quod
817 1197 918 1258 totam
936 1193 1067 1260 domum
1083 1194 1254 1260 cuiusdam
1270 1194 1373 1281 patris
1386 1192 1526 1264 familias
1537 1216 1558 1258 a
1568 1193 1742 1258 durissima
1755 1192 1921 1258 daemonis
1934 1193 2169 1278 temptatione

808 1296 974 1361 liberaret.

528 1399 657 1464 XXIII.
702 1397 798 1472 Quod
826 1401 876 1465 vir
897 1401 952 1466 dei
975 1401 1064 1466 Oarli
1086 1401 1178 1467 ducis
1201 1401 1402 1466 Francorum
1425 1401 1526 1465 filiurn
1548 1401 1722 1486 Pippinum
1749 1399 1926 1485 baptizavit
1949 1405 1983 1463 et
2006 1399 2167 1462 futurum

808 1503 839 1567 ei
861 1504 1074 1590 praedixerat
1096 1527 1245 1590 regnum.

532 1603 659 1668 XXIV.
702 1604 756 1670 De
779 1606 925 1670 moribus
948 1613 982 1671 et
1004 1607 1044 1672 de
1069 1607 1160 1671 obitu
1183 1607 1288 1671 sancti
1310 1607 1422 1691 patris.

554 1707 663 1771 XXV.
709 1706 803 1780 Quod
830 1708 949 1775 fratres
972 1716 1098 1795 patrem
1122 1712 1322 1795 sepelientes
1345 1719 1379 1774 et
1402 1708 1616 1794 sarcofagum,
1639 1707 1727 1793 quod
1751 1706 1884 1772 brevius
1899 1707 2009 1772 fuerat
2025 1707 2167 1792 corpori

811 1811 893 1892 eius,
917 1812 1026 1878 subito
1050 1813 1222 1899 adaptem
1244 1835 1430 1879 mensuram
1453 1814 1640 1899 protelatur.

537 1910 663 1976 XXVI.
708 1911 752 1976 Et
775 1912 861 1996 quod
883 1913 957 1977 miri
981 1914 1089 1978 odoris
1112 1915 1287 2000 fraglantia
1309 1924 1409 1981 totam
1433 1916 1574 2000 aspersit
1597 1914 1781 1978 ecclesiam.

515 2014 660 2078 XXVII.
706 2013 802 2087 Quod
813 2015 875 2080 deo
891 2025 1047 2102 operante
1062 2019 1156 2102 signa
1168 2019 1337 2106 hueusque
1350 2021 1455 2084 solent
1466 2019 1548 2098 fieri,
1560 2017 1616 2082 ubi
1629 2016 1956 2100 sanctosvircorpore
1966 2016 2171 2099 requiescit.

498 2117 662 2181 XXVIII.
708 2115 803 2189 Quod
820 2119 930 2183 lumen
942 2140 1042 2205 saepe
1056 2122 1200 2185 cernitur
1210 2144 1308 2208 supra
1319 2122 1484 2201 lectulum.
1501 2121 1557 2185 ubi
1570 2127 1700 2184 sanctus
1712 2116 1946 2181 Willibrordus
1958 2116 2050 2182 diem
2064 2118 2168 2182 obiit.

533 2220 663 2284 XXIX.
708 2218 803 2292 Quod
826 2221 873 2286 ibi
895 2243 1024 2307 quoque
1050 2225 1124 2286 miri
1147 2223 1255 2288 odoris
1279 2225 1453 2310 fraglantia
1475 2245 1535 2310 per
1557 2223 1645 2288 vices
1669 2220 1819 2286 sentitur.

552 2322 662 2386 XXX.
708 2321 804 2396 Quod
825 2324 984 2408 quaedam
1004 2327 1124 2390 mulier
1141 2328 1313 2412 paralitica
1331 2327 1372 2393 ad
1390 2328 1493 2390 sancti
1509 2325 1570 2389 riri
1588 2345 1705 2409 eorpus
1723 2343 1820 2387 orans
1836 2322 1943 2387 subito
1960 2329 2081 2386 sanata
2102 2330 2171 2388 cst.

530 2426 658 2490 XXXI.
704 2424 798 2498 Quod
821 2426 952 2511 quidam
981 2429 1108 2492 iuvenis
1132 2451 1152 2493 a
1174 2431 1317 2514 pessimo
1341 2432 1497 2514 languore
1522 2435 1654 2492 sanatus
1677 2433 1729 2491 est
1751 2425 1793 2490 ad
1815 2427 1886 2490 eius
1910 2447 2041 2511 corpus.

513 2529 661 2594 XXXII.
705 2528 758 2593 De
781 2530 921 2614 quodam
944 2532 1097 2612 diacono,
1126 2535 1182 2617 qui
1207 2535 1326 2598 misera
1349 2542 1453 2597 morte
1476 2532 1575 2617 periit
1596 2536 1731 2616 propter
1753 2529 1886 2605 furtum,
1911 2527 1998 2614 quod
2029 2528 2171 2594 fecerat

811 2633 846 2696 in
868 2636 1009 2700 ecclesia
1031 2636 1093 2700 viri
1116 2635 1179 2701 dei.

499 2735 664 2800 XXXIII.
709 2735 761 2801 De
790 2736 947 2824 Wilgilso
986 2746 1079 2825 patre
1119 2740 1223 2804 saneti
1253 2738 1459 2804 Willibrordi
1492 2737 1639 2823 episcopi
1674 2741 1707 2800 et
1740 2735 1811 2799 eius
1847 2735 1987 2798 honesta
2021 2734 2096 2798 vita
2135 2735 2173 2798 in

813 2842 973 2907 saeculari
996 2842 1120 2906 habitu.

501 2943 661 3008 XXXIV.
706 2943 751 3008 Et
773 2943 935 3030 quomodo
958 2966 1043 3008 maor
1064 2945 1136 3008 eius
1160 2945 1286 3008 somnia
1305 2942 1452 3008 uidisset.
1497 2941 1541 3006 Ilt
1558 2942 1698 3026 qualiter
1714 2941 1770 3004 ille
1793 2939 1958 3004 sacculum
1975 2937 2176 3004 dimisisset

813 3053 846 3111 et
868 3047 955 3133 quod
977 3049 1010 3112 in
1036 3048 1183 3111 solitaria
1205 3048 1272 3110 sita
1295 3047 1523 3110 consenuisset
1546 3053 1579 3110 et
1602 3044 1658 3108 ubi
1681 3063 1816 3130 corpore
1839 3040 2041 3127 requieseat.

1061 3165 1336 3231 EXPLIOIUX'I
1360 3163 1595 3230 OAPI'IULA.

898 3337 1067 3405 LVOIPIT
1102 3336 1360 3415 PRAEFATIO
1396 3333 1521 3400 LIBRI
1554 3333 1759 3400 SECUNDI.

921 3459 1008 3524 Eece
1032 3459 1097 3522 tuis
1120 3459 1213 3543 pami
1235 3459 1331 3538 votis.
1355 3455 1540 3522 venerande
1564 3456 1718 3522 sacerdos
1731 3459 1752 3536 ¹,

1005 3562 1069 3628 Cor
1091 3562 1167 3646 quia
1190 3561 1229 3626 de
1253 3583 1332 3627 vero
1355 3561 1461 3625 feruet
1483 3580 1594 3624 amore
1617 3559 1706 3638 mihi,

917 3665 1086 3730 Pontifieis
1108 3666 1219 3749 magni
1241 3663 1422 3728 Wilbrordi
1446 3668 1480 3726 et
1502 3661 1664 3748 praesulis
1688 3660 1766 3725 almi

1003 3768 1203 3832 Percurrens
1226 3768 1331 3831 titulis
1353 3767 1476 3850 inclyta
1498 3770 1594 3848 gesta
1617 3764 1700 3828 citis.

852 3893 864 3928 s
924 3868 975 3934 Sit
997 3870 1076 3933 licet
1097 3868 1241 3948 inferior,
1266 3868 1442 3953 strepitans
1465 3887 1538 3932 eum
1553 3885 1718 3930 murmure
1738 3885 1847 3944 rauco.

1004 3971 1099 4035 Illius
1123 3971 1266 4056 egregiis
1290 3991 1397 4035 sermo
1420 3989 1513 4032 maus
1536 3967 1679 4032 meritis:

921 4073 1062 4138 Protulit
1084 4072 1125 4137 ad
1148 4074 1304 4158 templum
1328 4071 1461 4144 Christi,
1475 4069 1665 4134 Wilbrorde
1682 4068 1845 4148 sacerdos,

1008 4177 1130 4242 Nostra
1152 4175 1234 4240 fides
1257 4181 1401 4240 vestmm
1424 4195 1523 4259 parva
1546 4172 1672 4238 minuta
1694 4179 1814 4252 tamen,

927 4278 1033 4358 Quae,
1055 4300 1147 4363 rogo,
1170 4279 1329 4364 suscipias
1353 4278 1533 4341 clementer
1553 4283 1663 4341 mente
1687 4275 1839 4360 benigna,

841 4404 865 4441 ιο
1011 4381 1273 4465 criminibusque
1296 4381 1378 4445 meis
1401 4400 1512 4464 posce,
1536 4400 1662 4464 precor,
1686 4380 1826 4444 veniam.

921 4483 953 4546 N
955 4504 996 4547 on
1020 4490 1096 4549 sunt
1110 4483 1209 4568 digna
1225 4483 1289 4548 tuis
1305 4482 1430 4546 meritis
1446 4501 1520 4544 mea
1536 4501 1682 4556 munera,
1705 4483 1848 4568 praesul.

1007 4584 1072 4658 Qui
1095 4607 1214 4672 regnas
1238 4586 1357 4650 summi
1380 4583 1472 4648 dives
1495 4583 1529 4646 in
1551 4604 1625 4648 aree
1649 4585 1735 4671 poli:

608 4749 693 4756 ..-.-=
702 4747 790 4754 ..—-—·-.
799 4745 902 4752 —-.-—-
906 4745 964 4750 ...—

607 4849 669 4898 XIX
686 4847 842 4898 flasconibus
862 4843 887 4894 0
900 4841 926 4891 U
999 4847 1143 4896 sacietatem
1165 4845 1188 4895 G
1297 4845 1345 4893 XX
1364 4844 1452 4893 bibere
1470 4841 1552 4892 noluit
1575 4841 1601 4891 U
1701 4845 1776 4893 XXII
1794 4850 1875 4893 totum
1892 4843 1924 4892 W
1969 4842 2131 4899 liberauerit
2160 4849 2190 4898 U

504 4933 593 4983 XXIII
610 4935 651 4983 uir
668 4934 710 4983 dai
727 4950 775 4982 om.
794 4931 820 4980 U
867 4930 945 4979 caroli
968 4930 998 4994 θ’,
1016 4933 1103 4982 Knroli
1123 4931 1149 4980 U
1197 4929 1397 4981 franchorumG
1484 4927 1570 4976 XXIV
1597 4928 1628 4977 da
1646 4946 1694 4978 oar.
1710 4929 1735 4977 U
1822 4930 1896 4979 XXV
1914 4931 2128 4997 insareofagum
2147 4937 2183 4999 G,

503 5017 796 5083 uldaruutssrcofagum
810 5015 835 5065 U
875 5015 1028 5080 protelatum
1044 5016 1070 5065 U
1140 5017 1367 5082 XXVlflngrmrtia
1383 5012 1750 5078 lt't',corr.tnsrsg1unm6
1794 5017 1929 5080 asperserit
1943 5013 1968 5063 U
2025 5016 2140 5070 XXVII
2153 5023 2185 5072 in

503 5119 609 5169 corpora
627 5102 653 5152 U
740 5102 853 5152 XXVIII
871 5100 969 5165 sepaG
1020 5101 1087 5151 diem
1105 5102 1192 5152 miae}
1279 5101 1366 5149 XXIX
1385 5098 1520 5162 flagrorum
1540 5098 1571 5144 W
1583 5097 1613 5160 U,
1631 5117 1698 5148 corr.
1717 5100 1743 5148 iu
1763 5099 1933 5166 fraglnrrtiaft'
2018 5101 2117 5155 XXXI
2139 5117 2184 5160 est

503 5205 552 5239 om.
574 5187 607 5234 W
686 5189 787 5237 XXXII
805 5185 927 5237 ecclaesia
946 5185 977 5232 W
1016 5189 1097 5237 sancti
1115 5188 1164 5238 uiri
1182 5187 1207 5236 r?
1221 5187 1279 5248 (oar.
1293 5185 1343 5246 dei)
1416 5184 1655 5249 XXXllluuilsigo
1673 5183 1698 5232 [Γ
1738 5185 1916 5236 sanctiones}
1964 5188 2091 5240 saeculis-i
2106 5209 2185 5244 corr,

504 5273 590 5322 inlari
603 5272 636 5319 W
711 5273 824 5321 XXXIV
835 5270 951 5322 uxoreU
1031 5274 1143 5322 XXXIV
1152 5273 1213 5323 nrld.
1227 5273 1260 5320 W
1268 5272 1441 5336 postridlsset
1489 5270 1814 5336 Expliciuuteapitulnoor.
1827 5270 1860 5318 W
1898 5270 1991 5335 lneIpit
1999 5272 2071 5325 liber
2081 5293 2185 5330 secun.

504 5359 553 5408 dus
562 5357 593 5407 de
602 5358 654 5407 nita
664 5358 746 5408 saneti
756 5356 922 5407 uuillebrordi
931 5358 1083 5406 confessoris
1091 5375 1167 5422 quem
1176 5360 1295 5408 alcuinus
1306 5365 1389 5407 metro
1402 5356 1508 5406 studens
1520 5357 1665 5420 consposuit
1677 5357 1739 5406 odd
1754 5355 1780 5405 U
1823 5357 2063 5422 Incipit-secundi
2073 5381 2128 5416 mn,
2144 5366 2186 5417 W,

607 5439 727 5493 ‘inostro
743 5441 806 5490 WG
899 5436 917 5489 3
934 5440 1095 5490 uuillibrordi
1111 5441 1174 5490 WG
1242 5449 1268 5492 et
1285 5457 1333 5490 cnr.
1357 5440 1383 5490 U
1476 5436 1494 5488 4
1512 5439 1599 5488 once
1664 5457 1814 5506 precurrens
1829 5439 1901 5504 ulf,
1919 5456 2083 5506 percurrens
2104 5449 2185 5504 Mad.

504 5525 641 5592 aegrotus
655 5527 692 5591 W,
710 5525 869 5593 egregiusG
956 5521 1078 5575 Vohriste
1096 5543 1162 5575 corr.
1180 5527 1208 5575 ia
1226 5525 1352 5576 christiG
1405 5523 1611 5575 uuillibrorch
1698 5525 1732 5576 10
1742 5541 1846 5593 praeeor
1861 5525 1894 5574 W
1920 5565 1923 5570 .

610 5659 636 5725 l)
656 5659 699 5727 Cf.
715 5658 923 5729 praefationem
942 5657 1067 5710 Alcuiai:
1086 5656 1142 5709 tuis
1162 5659 1250 5724 pauni,
1268 5662 1348 5726 pater
1366 5661 1469 5712 sancte.
1488 5659 1651 5725 pareceptis.
