4574 6442
821 413 946 470 'l'lTULl
965 415 1103 470 eculeis
1123 413 1307 469 PALA'FINI.

669 677 711 732 vr,
737 654 912 720 VERSUS
937 657 986 721 IN
1010 656 1203 731 QUADAM
1226 655 1457 720 ECOLESIA.

601 776 793 841 Perdiderat
814 779 992 863 proprium,
1017 799 1129 844 sacrae
1153 799 1249 863 quem
1271 777 1435 862 preminet
1458 797 1544 857 arao,
1589 767 1603 776 ’

684 879 786 944 Tecta
808 882 983 952 vetustatis,
1005 889 1145 966 syrmate
1169 881 1293 945 concha
1315 880 1415 945 diem:

601 983 667 1048 Sed
689 983 878 1049 moderante
901 985 956 1070 pio
977 992 1115 1070 cognato
1139 993 1173 1049 et
1196 985 1334 1068 coniuge
1359 982 1455 1047 celsis

685 1087 789 1173 Cepta
809 1087 984 1152 Desiderio
1008 1089 1247 1154 omnecreantis
1271 1109 1344 1173 ope.

531 1215 543 1250 s
601 1188 631 1252 A
653 1190 780 1255 modico
804 1191 909 1255 dictus
932 1190 1051 1256 devoto
1074 1192 1171 1256 corde
1194 1191 1344 1254 minister

683 1294 791 1380 Lapsa
813 1317 936 1360 novans
960 1297 1109 1381 compsit,
1132 1289 1215 1380 quae
1237 1295 1381 1358 novitate
1405 1293 1545 1379 placent.

843 1506 884 1548 vu
920 1484 1032 1549 ITEM
1054 1484 1237 1548 VERSUS.

600 1605 751 1669 Scribere
775 1605 954 1668 versiculos
977 1605 1134 1668 Iohannis
1158 1604 1304 1691 conpulit
1327 1604 1407 1667 istos

599 1707 777 1773 Successor
798 1709 914 1793 patrui,
939 1715 1048 1772 custos
1072 1709 1270 1772 venerahilis
1293 1708 1399 1784 aulae,

598 1811 706 1875 Huius
729 1818 763 1876 et
785 1812 936 1896 expletor
959 1812 1063 1875 sancti
1086 1811 1276 1896 pulchrique
1299 1810 1432 1888 laboris

599 1913 706 1987 Quem
729 1915 864 1999 coepit&
889 1913 1032 1977 Thomas
1055 1913 1178 1976 domini
1201 1913 1320 1976 devoto
1345 1911 1443 1976 corde
1467 1910 1625 1974 minister.

529 2038 541 2072 ι’»
598 2015 675 2096 Aut,
700 2017 726 2080 si
749 2022 819 2080 tota
842 2017 944 2102 cupis,
968 2018 1081 2094 lector,
1105 2037 1301 2100 cognoscere
1325 2021 1429 2100 gesta,

597 2118 776 2204 Egregium
800 2121 904 2184 sancti
927 2120 1046 2184 librum
1069 2127 1214 2183 scrutare
1238 2117 1408 2182 Iohannis:

598 2224 670 2288 lllic
692 2225 840 2288 invenies
866 2244 943 2288 vero
965 2223 1133 2287 revelante
1155 2223 1313 2306 magistro

596 2326 804 2413 Discipulum
827 2326 1008 2411 scripsisse,
1032 2325 1133 2389 sacris
1156 2324 1242 2409 quod
1265 2325 1370 2408 fulget
1395 2324 1428 2387 in
1452 2323 1553 2386 atriis.

857 2537 907 2580 vin
945 2515 1056 2580 ITEM
1079 2514 1264 2578 VERSUS.

598 2638 650 2701 En
672 2658 724 2702 me
747 2658 910 2723 purpureo
934 2637 1104 2702 decoravit
1127 2636 1285 2720 sanguino
1310 2635 1471 2714 Christus,

598 2741 718 2826 Magna
740 2741 794 2825 qui
818 2740 943 2804 domuit
965 2741 1078 2804 mortis
1102 2740 1223 2803 virtute
1247 2740 1442 2823 gehennam.

597 2844 703 2907 Morte
728 2864 787 2906 sua
810 2843 959 2908 dominus
982 2842 1127 2906 detraxit
1150 2843 1244 2906 fauce
1268 2841 1419 2906 draconis

596 2945 768 3026 Praedam,
791 2967 887 3030 quam
910 2946 1031 3010 dudum
1053 2946 1234 3030 frangendo
1258 2945 1356 3010 dente
1380 2946 1523 3010 tenebat.

600 3051 669 3114 Isto
692 3071 750 3114 vos
772 3049 849 3113 fidei
873 3050 966 3134 signo
988 3050 1123 3130 munite,
1146 3049 1271 3122 fideles,

597 3153 669 3228 Quo
694 3152 844 3216 Christus
868 3159 982 3216 sancta
1005 3152 1155 3216 dominus
1178 3174 1238 3216 noa
1263 3160 1367 3217 morte
1390 3152 1539 3217 redemit.

595 3258 760 3342 Sanguine
783 3278 836 3321 me
859 3257 991 3343 proprio
1014 3256 1179 3320 roboravit
1202 3257 1314 3322 mundi
1338 3264 1475 3338 creator,

479 3407 482 3416 .
593 3361 735 3425 Vincula
757 3361 813 3445 qui
834 3360 948 3424 mortis
971 3360 1068 3444 fregit
1090 3367 1234 3425 tartarea
1257 3368 1386 3446 potens.

861 3568 891 3611 rx
929 3545 1041 3610 ITEM
1064 3547 1251 3612 VERSUS.

570 3657 572 3660 ⁵
595 3671 699 3734 Filius
723 3689 799 3733 ecce
822 3666 876 3732 dei
898 3668 1068 3731 conculcat
1091 3669 1176 3732 colla
1199 3670 1315 3749 leonis,

678 3771 784 3845 Quem
806 3777 955 3835 metuunt
977 3771 1121 3855 regulus,
1145 3773 1234 3858 aspis
1258 3773 1385 3858 etipse
1409 3773 1517 3838 draco.

594 3877 682 3941 Huic
705 3876 880 3940 famuletur
904 3874 1011 3953 homo,
1034 3874 1212 3938 famuletur
1234 3883 1268 3940 et
1291 3878 1429 3961 angelus
1454 3878 1569 3959 omnis,

677 3981 741 4044 Hic
764 3979 847 4044 deus
870 3989 921 4043 est
943 4000 1057 4042 verus:
1082 3978 1157 4042 huic
1180 3980 1356 4044 famuletur
1379 3981 1485 4046 homo.

527 4108 538 4142 s
598 4085 716 4149 Omnia
739 4084 858 4169 quique
881 4083 965 4168 regit
988 4084 1087 4164 solus,
1111 4084 1166 4168 qui
1190 4093 1310 4149 cuncta
1331 4086 1504 4171 gubernat,

678 4185 799 4250 Nostra
823 4186 911 4248 salus
934 4184 988 4248 hic
1012 4191 1072 4262 est,
1096 4186 1206 4249 omnia
1229 4188 1349 4271 quique
1371 4190 1467 4274 regit.

265 4426 284 4468 x
324 4403 372 4467 IN
395 4394 618 4465 EUULESIA
642 4393 780 4458 BEATI
802 4392 1027 4458 ANASTASI
1050 4392 1178 4467 QUAM
1202 4393 1490 4490 CONSTRUXI'P
1512 4399 1848 4465 LEUTBRANDUS
1931 4493 1932 4496 Ἴ

868 4514 984 4579 REX²
1006 4515 1055 4578 IN
1078 4514 1244 4580 ITALIA.

598 4653 685 4717 Ecce
709 4652 824 4717 domus
847 4651 969 4716 domini
991 4652 1188 4738 perpulchro
1212 4654 1342 4718 condita
1365 4663 1457 4721 textu

598 4756 727 4820 Emicat
749 4761 782 4820 et
805 4755 895 4818 vario
918 4755 1023 4840 fulget
1045 4755 1197 4819 distincta
1219 4758 1363 4836 metallo

599 4860 764 4924 Marmora
786 4859 839 4922 cui
860 4859 1007 4943 pretiosa
1028 4856 1120 4922 dedit
1142 4879 1358 4944 museumquc
1382 4862 1549 4926 columnas

343 5225 354 5290 ΙΙ
367 5225 410 5291 [vll
446 5244 477 5276 ar
496 5225 553 5275 Pal.
571 5223 649 5292 f.4'l⁴
667 5225 823 5290 spiraculum
846 5223 1007 5273 ccclesias
1023 5223 1045 5272 t'
1170 5220 1187 5272 4
1205 5233 1291 5289 scepta
1305 5225 1336 5288 G,
1364 5235 1450 5291 saepta
1468 5226 1622 5290 Moorrnscn,
1648 5235 1721 5294 copta
1740 5227 1885 5277 Bellmrcnu

241 5309 305 5376 [vrri]
329 5309 804 5378 aoclano,gor1ennnnnannmsen
908 5307 920 5371 11
933 5306 977 5372 [rx]
1013 5326 1043 5358 err
1062 5308 1120 5358 Pul.
1132 5307 1202 5374 j.48
1297 5309 1314 5361 2
1338 5319 1453 5362 ,fletuum
1467 5313 1489 5360 (a
1584 5313 1595 5376 ῃ
1609 5311 1643 5378 [χ]
1679 5331 1710 5363 05„
1728 5314 1786 5364 1³01,
1803 5315 1825 5378 s,
1844 5312 1886 5364 48¹

330 5499 355 5564 1)
378 5499 434 5552 scil.
466 5499 606 5552 Iohannes
633 5497 755 5551 laborem
782 5496 883 5564 coepit,
918 5494 1032 5548 Thomas
1058 5510 1144 5564 nepos
1170 5501 1195 5548 rt
1218 5511 1361 5550 successor
1383 5497 1444 5550 eius
1468 5499 1595 5567 explevit.
1682 5501 1709 5568 2)
1734 5499 1777 5568 Cf.
1802 5500 1887 5554 Pauli
1947 5491 1950 5498 ’

227 5601 302 5653 Hist.
320 5599 442 5668 Iangoh.
467 5600 510 5652 VI
524 5615 547 5653 c.
565 5601 613 5654 58:
641 5601 673 5653 ln
693 5599 802 5652 Olonna
825 5598 1007 5652 nihilominus
1031 5615 1080 5650 suo
1103 5598 1226 5666 proastio
1250 5600 1319 5652 miro
1344 5617 1426 5668 opere
1450 5601 1478 5653 in
1504 5602 1607 5656 honoro
1631 5604 1719 5656 sancti
1745 5603 1885 5656 Anastasii

224 5703 354 5770 ruartyris
374 5703 483 5756 Christo
501 5703 673 5757 domicilium
689 5703 798 5764 statuit,
816 5703 845 5756 in
865 5721 920 5771 quo
939 5705 968 5755 ct
986 5704 1184 5758 monasterium
1203 5704 1277 5758 fecit.

294 5803 398 5850 Porrus
416 5814 500 5851 mrim
518 5801 744 5853 reviviscunt.
1647 5801 1679 5855 14
