4574 6442
123 1609 125 1612 ,
266 1465 723 1633 IOSEPHI
778 1464 1176 1634 SCOTTI
1232 1465 1815 1632 CARMINA.
1955 1577 1956 1580 Ν

322 1867 486 1976 Iosephus
513 1896 576 1960 sioc
598 1895 749 1975 Ioscppus
778 1894 914 1970 Scottus,
937 1893 1001 1974 'qui
1027 1893 1094 1956 iam
1122 1892 1158 1955 in
1180 1891 1359 1955 Britannia
1387 1891 1423 1954 in
1448 1891 1581 1955 Atacini
1607 1890 1810 1971 disciplinam
1836 1912 1869 1956 sc
1967 1903 1969 1906 ’

213 1997 352 2076 dederat,
380 2002 445 2060 tum
467 2017 563 2062 conces
584 1998 710 2062 itineris
732 1997 799 2060 cius
820 2017 850 2060 a.
874 2016 899 2060 c.
924 1998 985 2060 790
1010 1995 1043 2059 in
1065 2015 1195 2078 reanum
1216 1995 1414 2059 Francorum
1436 1998 1465 2058 ct
1485 1994 1553 2075 ipsc
1580 1995 1664 2056 uenit
1675 1993 1696 2072 1,
1723 1993 1778 2057 ubi
1804 1997 1868 2057 tam

213 2121 282 2164 enm
303 2100 469 2184 liudpero,
489 2102 666 2166 Frcsonum
687 2100 823 2180 apostata
844 2119 882 2162 ac
903 2097 1150 2162 ItIonasteriensi
1171 2097 1318 2177 episcopo,
1341 2097 1513 2162 amicitiam
1534 2096 1649 2174 innuit,
1671 2116 1766 2177 quam
1787 2096 1869 2177 repis

214 2203 314 2282 ipsim
339 2203 510 2285 capnitione
535 2207 628 2284 atque
654 2221 715 2266 usu
742 2203 856 2284 dianus
885 2201 1011 2265 habitus
1040 2205 1094 2264 cst.
1142 2199 1202 2266 Oui
1230 2199 1303 2263 dum
1329 2199 1469 2263 versibus
1494 2198 1675 2263 acrostichis
1702 2199 1869 2278 artificiose

213 2305 385 2369 coniunctis
411 2307 536 2386 placere
564 2306 690 2383 nititur,
725 2304 858 2368 Atacini
885 2303 1030 2386 mape'stri
1058 2304 1148 2366 iussu
1180 2303 1414 2366 coementarios
1442 2301 1630 2383 Hieronymi
1659 2300 1696 2364 iu
1729 2300 1868 2366 Iesaiam

208 2407 391 2487 prophetam
420 2409 606 2490 conscriptos
638 2409 674 2471 in
700 2408 836 2488 sarnam
864 2406 1031 2470 breuiorem
1061 2405 1187 2488 redepit.
1240 2405 1391 2486 Iosephus
1416 2405 1539 2470 abbatis
1564 2405 1655 2470 titulo
1683 2404 1869 2494 insinuitur,

213 2531 300 2591 quom
317 2510 398 2574 unde
412 2515 524 2575 nactus
539 2512 589 2589 sit,
604 2497 766 2577 nesciinus.
805 2508 883 2575 000
894 2509 1052 2573 Atacinus
1065 2508 1102 2571 in
1111 2509 1241 2590 epistota
1255 2507 1487 2573 adRcrncdiam
1502 2495 1682 2575 Ouriaisan
1696 2507 1869 2588 episcopum

211 2613 329 2693 scripta
349 2614 466 2694 petat²,
488 2618 524 2676 nt
538 2635 602 2695 pro
623 2614 680 2678 iilo
701 2613 766 2677 iam
788 2611 932 2697 defuncto
947 2611 1066 2678 mando
1080 2611 1258 2690 intercedat,
1280 2611 1446 2692 Iosephum
1465 2615 1539 2676 ante
1553 2613 1745 2695 mapistrum,
1768 2610 1803 2674 id
1823 2613 1868 2674 est

213 2719 287 2779 ante
307 2735 428 2780 annum
450 2719 526 2794 804,
549 2715 660 2779 obiisse
682 2718 807 2795 oportet.
1028 2719 1030 2724 '

256 2897 258 2902 .
320 2835 412 2900 Libri
433 2837 649 2918 manuscripti,
672 2837 727 2919 qui
748 2836 866 2916 scripta
887 2835 956 2908 eires
976 2835 1066 2899 nobis
1086 2834 1294 2912 tradiderant,
1315 2835 1350 2899 hi
1371 2838 1462 2899 suut:
1491 2837 1556 2921 (B)
1577 2835 1670 2900 codex
1691 2833 1867 2899 Bcrnensis

215 2942 287 3018 212,
309 2957 334 3002 s.
357 2938 498 3004 IX-X.
521 2941 557 3004 iu
579 2945 701 3022 quarta,
724 2941 859 3005 eontinet
877 2944 948 3020 post
962 2938 1095 3020 Partirii
1112 2938 1277 3020 Optatiani
1286 2940 1510 3024 ponepyricmn
1527 2937 1731 3005 Constantina
1752 2937 1868 3001 dictum

212 3042 235 3122 f.
262 3044 429 3106 123-126
451 3046 564 3123 septem
586 3042 729 3108 canusina
749 3041 953 3106 acrostichica
975 3041 1120 3120 Atacini,
1142 3041 1282 3122 Iosephi,
1314 3041 1474 3123 Teudutfi,
1503 3041 1539 3105 in
1561 3041 1674 3122 quibus
1694 3039 1867 3105 acrosticha

214 3143 310 3207 rubro
332 3144 430 3209 colore
451 3146 599 3210 distincta
621 3149 703 3210 sunt.
752 3145 891 3211 Codicem
912 3142 1143 3226 descripserunt
1165 3145 1284 3211 Sinner
1307 3145 1463 3231 (Catatap.
1479 3144 1564 3209 codd.
1577 3144 1679 3210 Bern.
1694 3142 1723 3221 I,
1737 3147 1766 3223 3,
1779 3140 1866 3227 582),

214 3245 290 3309 Iac.
318 3245 442 3310 Miller
481 3247 617 3329 (Publii.
649 3247 752 3329 Optat.
783 3247 928 3329 Porfyrii
961 3247 1114 3314 Carniiua
1151 3269 1183 3328 p.
1211 3248 1282 3326 XI,
1308 3248 1488 3332 XVIIII),
1521 3246 1565 3313 Η.
1594 3247 1709 3328 Hapen
1743 3245 1865 3332 (Catal.

213 3346 295 3410 codd.
311 3347 412 3415 Bern.
426 3369 459 3428 p.
476 3348 563 3434 260),
585 3351 641 3430 qni
662 3354 691 3412 ct
711 3351 777 3429 ipse
798 3349 873 3414 hacc
894 3350 1045 3427 carmina,
1066 3354 1187 3431 quanta
1209 3350 1372 3432 dilipentia
1389 3351 1502 3430 potuit,
1522 3349 1725 3431 imprimenda
1745 3348 1868 3413 curauit

214 3451 337 3533 (Carm.
349 3451 444 3514 medii
457 3452 526 3514 aevi
536 3473 571 3532 p.
587 3455 765 3527 110-123,
783 3451 979 3536 216-220).
1024 3452 1098 3516 Etsi
1119 3454 1154 3516 in
1176 3452 1276 3517 codice
1288 3453 1450 3517 chcnsi
1470 3453 1607 3533 quinque
1621 3472 1660 3515 coc
1670 3450 1866 3532 poematibus

214 3552 343 3633 Iosopho
364 3557 470 3619 nostra
490 3556 716 3633 attribuantur,
745 3557 853 3637 quisita
874 3575 986 3620 nornen
1007 3556 1074 3619 eins
1095 3576 1199 3620 errore
1219 3555 1386 3635 manifesto
1406 3555 1599 3631 inscribitur,
1627 3574 1696 3618 cum
1721 3554 1757 3617 iu
1778 3573 1865 3618 aaa·

213 3656 319 3720 stichis
340 3657 498 3721 Alcuinus
519 3663 674 3723 auctorem
695 3659 762 3722 eins
783 3678 815 3723 se
835 3659 939 3738 ipsum
958 3660 1153 3739 profiteatur.

327 3773 442 3840 Versus
464 3776 605 3854 sedecim,
634 3777 747 3858 quibus
769 3777 919 3858 Iosephus
940 3778 1132 3862 liudperum
1153 3779 1328 3843 Fresonam
1354 3777 1527 3858 apostolum
1552 3775 1672 3858 (postea
1692 3776 1865 3856 episcopum

213 3877 508 3956 Marsastcricnsem)
537 3879 701 3956 salutavit,
724 3878 905 3964 Attsiidus,
928 3881 1080 3964 Ihudpcri
1101 3899 1254 3945 successor
1276 3880 1489 3964 (839-849),
1511 3879 1547 3942 in
1574 3879 1670 3942 uitam
1695 3879 1762 3941 cius
1790 3899 1812 3940 a
1832 3899 1865 3942 se

213 3980 361 4060 scriptam
389 3984 523 4060 receptos
555 3983 699 4046 servarit.
758 3983 841 4065 eros
870 3982 964 4048 Pertn
997 3983 1072 4069 (SS.
1097 3983 1147 4060 II,
1170 3981 1247 4067 409)
1277 4002 1344 4046 una
1374 4002 1444 4047 aum
1474 3981 1541 4045 rita
1574 3981 1671 4046 edidit
1698 4001 1738 4045 es
1765 3977 1864 4044 codice

216 4082 461 4165 Guelferbytano
475 4084 646 4164 (quondam
667 4089 772 4150 sancte
782 4085 892 4150 Maria
913 4087 1047 4168 oirpinis
1061 4086 1148 4167 apud
1160 4086 1372 4169 Helmcnstat)
1392 4104 1471 4151 saec.
1486 4085 1592 4150 XIII.
1607 4083 1680 4167 (G).
1724 4084 1865 4148 Exstant

211 4189 374 4264 praetcrea
401 4187 438 4249 iu
468 4187 571 4264 libris,
608 4207 740 4268 quorum
771 4188 914 4252 notitiam
947 4189 1103 4254 Gniteimo
1131 4188 1319 4269 Dichaupio
1339 4187 1484 4270 Aquensi
1508 4190 1599 4268 prato
1629 4186 1736 4251 animo
1765 4186 1864 4273 debeo,

213 4286 361 4352 herdam
393 4286 543 4353 Vossrano
573 4289 627 4354 uc.
657 4290 693 4352 iu
714 4294 827 4370 quarto
849 4295 890 4353 55
913 4310 936 4355 s.
959 4291 1098 4356 Χ-ΧΙ.
1121 4291 1195 4372 (L),
1227 4290 1395 4358 Oassclano
1420 4289 1524 4355 Iheot.
1552 4291 1588 4354 in
1615 4293 1728 4371 quarto
1759 4311 1792 4355 n.
1821 4294 1862 4356 29

212 4408 237 4453 s.
260 4389 398 4454 X-XI.
421 4390 488 4473 (0),
512 4391 725 4456 Londonieusi
746 4392 925 4457 Harleeano
948 4397 1031 4459 2800
1053 4413 1079 4458 s.
1102 4394 1205 4458 XIII.
1228 4393 1304 4476 (H).

323 4509 550 4576 Commentario
581 4511 618 4573 iu
637 4511 823 4592 prophetam
845 4511 968 4575 Isaiam
993 4513 1109 4594 scripto
1137 4516 1165 4578 a
1194 4513 1285 4577 libris
1305 4512 1439 4578 XVIII
1462 4511 1675 4592 canprebenso
1695 4513 1864 4594 praemisit

213 4613 363 4692 Iosephus
384 4632 492 4678 uersus
512 4615 689 4692 nonnullos,
710 4615 823 4696 quibics
845 4636 912 4678 enm
924 4615 1062 4680 Aicuina
1076 4615 1238 4693 dedicarit,
1259 4616 1448 4697 eandernpae
1468 4616 1608 4681 versibnu
1626 4619 1719 4697 atque
1733 4617 1863 4698 epistota

214 4717 337 4781 clausit.
381 4717 470 4780 Haec
491 4719 655 4804 ‘exceptio
679 4740 778 4804 super
792 4718 925 4783 Essiam
941 4718 1078 4805 Iosephi
1093 4720 1194 4784 Seoti'
1217 4719 1360 4783 exstabat
1380 4719 1455 4783 olim
1475 4720 1512 4783 in
1533 4719 1712 4784 bibliotheca
1727 4719 1863 4784 Leues-

214 4819 356 4883 hamcnsi
383 4819 490 4905 (Mai,
521 4820 666 4903 Spicilep.
688 4820 779 4887 Rern.
808 4820 843 4899 V,
870 4818 961 4905 189),
988 4825 1018 4884 ct
1038 4824 1141 4885 eunuc
1166 4821 1345 4904 etianmunc
1370 4823 1406 4885 in
1427 4821 1526 4886 codice
1547 4820 1727 4886 Parisiensi
1751 4825 1863 4901 12154,

213 4921 370 5002 amendam
395 4920 604 5005 Oarbeieusi⁸,
625 4944 651 4988 s.
674 4925 736 4988 IX.
758 4925 785 5005 f.
812 4927 950 5004 1-192,
972 4946 1011 4988 coc
1033 4945 1093 5006 quo
1114 4944 1220 4989 uersas
1242 4925 1409 5007 literasqne
1429 4925 1566 4990 auctoris
1586 4924 1684 4989 edidit
1704 4925 1864 4990 Mabiilon

215 5025 311 5108 (Aac
332 5024 394 5091 SS.
416 5024 441 5088 I
444 5024 478 5104 V,
505 5030 531 5106 1,
558 5030 642 5108 188).
693 5027 839 5090 Alterum
864 5027 999 5091 ciusdem
1025 5027 1238 5092 commentarii
1264 5031 1424 5112 caanplar
1445 5034 1491 5093 est
1511 5027 1605 5093 codea
1627 5028 1661 5096 S.
1686 5029 1777 5095 Gabii
1799 5033 1860 5093 254

323 5351 348 5416 1)
368 5351 491 5404 Manum,
504 5351 675 5404 Alcuiniana
689 5367 717 5419 p.
740 5351 797 5414 167,
817 5353 875 5416 171,
896 5353 952 5406 176.
987 5353 1124 5407 Aicuinus
1136 5354 1207 5408 duas
1217 5353 1350 5421 epistolas
1363 5354 1389 5407 ei
1400 5353 1523 5423 scripsit,
1540 5371 1575 5407 ex
1586 5352 1760 5422 quibuscum
1771 5370 1798 5405 a.
1812 5353 1863 5407 790

214 5455 244 5507 in
267 5469 352 5523 repuo
374 5454 547 5508 Francorum
567 5453 672 5508 neoram'
693 5453 823 5507 aidanus.
871 5454 954 5508 Coton
971 5454 1131 5523 presbyter,
1154 5455 1204 5524 qui
1225 5472 1251 5507 a.
1271 5455 1320 5508 794
1344 5455 1426 5521 obiit,
1449 5455 1582 5523 mapister
1599 5455 1714 5525 Iosephi
1739 5461 1862 5510 vocatia.

213 5561 241 5625 2)
261 5558 367 5611 15709
384 5573 409 5611 0.
423 5557 488 5610 213ε
508 5555 615 5624 Iubeas,
637 5555 757 5620 obsecro,
776 5573 864 5619 orare,
877 5574 926 5626 pro
939 5556 1041 5611 anima.
1111 5559 1139 5625 3)
1160 5559 1203 5628 Cf.
1218 5557 1304 5613 Catai.
1315 5557 1380 5612 bibi·
1392 5558 1544 5612 cuneum.
1557 5559 1630 5624 (Mai
1643 5559 1739 5628 Spicil.
1757 5560 1786 5624 V,
1798 5562 1861 5630 209)

214 5661 303 5731 XVI,
329 5662 361 5714 19
384 5661 482 5732 loseph
504 5679 586 5732 super
604 5659 711 5715 Isaiam.
