4694 6428
614 403 752 458 VERSUS
771 405 818 458 DE
836 405 986 461 seueris
1006 406 1268 462 EUBORICENSIS
1287 407 1486 462 ECCLESIAE.

640 577 788 651 Qualiter
810 580 977 664 angelicos
1000 579 1141 644 monitus
1166 579 1329 645 medicina
1351 587 1464 646 secuta
1486 589 1548 662 est,

641 680 729 745 Dum
752 689 860 746 tumor
882 682 915 746 in
939 688 1053 747 tenero
1076 684 1240 747 succrevit
1263 705 1399 770 corpore
1423 684 1564 765 fervens,

640 788 708 851 Aut
731 786 893 872 quomodo
916 787 987 872 ipse
1011 808 1095 872 puer
1116 787 1224 851 ventis
1247 809 1307 873 per
1330 789 1461 852 caerula
1484 811 1611 875 puppes

548 910 585 948 aa
644 890 786 954 Iactatae
809 889 961 974 precibus
986 889 1161 954 revocabat
1184 890 1225 954 ab
1249 912 1392 975 aequore
1416 892 1541 975 quinas,

642 993 790 1065 Qualiter
812 1001 868 1058 aut
890 995 1032 1058 animam
1055 993 1133 1058 ferri
1155 1015 1255 1079 super
1277 1000 1366 1058 astra
1387 993 1520 1059 videbat

641 1097 807 1162 Praesulia
831 1097 977 1176 Aedani,
1006 1103 1136 1162 teneros
1158 1097 1235 1161 dum
1258 1105 1409 1183 pasceret
1431 1119 1534 1184 agnos
1547 1100 1567 1162 ¹.

642 1200 840 1265 Caelicolum
863 1200 1024 1286 quomodo
1049 1207 1179 1264 terreno
1202 1222 1287 1286 pane
1310 1200 1422 1265 fovere

642 1303 729 1368 Dum
753 1310 902 1390 cuperet,
926 1304 1046 1369 meruit
1069 1305 1230 1368 caelestes
1255 1325 1384 1370 sumere
1408 1305 1449 1369 ab
1473 1305 1539 1369 illo.

561 1430 571 1466 r
641 1408 688 1471 Ut
710 1408 827 1472 beluae
850 1407 995 1492 gelidum
1017 1407 1095 1472 villo
1119 1408 1263 1493 flatuque
1286 1407 1475 1490 fovebant&

642 1511 839 1576 Cementcm
862 1511 996 1574 fratrem
1019 1509 1132 1574 morbo
1157 1512 1316 1596 culpaque
1339 1513 1507 1586 relaxat³;

642 1614 752 1698 thue
775 1612 939 1699 precando
965 1615 1083 1678 famem
1107 1615 1274 1698 proiectus
1297 1616 1339 1680 ab
1362 1636 1504 1700 aequore
1527 1616 1635 1678 nautis

558 1757 561 1764 »
641 1716 798 1796 Abstulit,
821 1723 855 1781 et
878 1723 1002 1782 certum
1025 1716 1189 1802 praedixit
1211 1717 1329 1781 adesse
1353 1737 1515 1782 serenum.

641 1819 709 1884 Aut
731 1818 893 1905 quomodo
917 1841 959 1884 ex
982 1818 1092 1905 aquila
1114 1817 1223 1883 delato
1246 1820 1337 1905 pisce
1361 1819 1535 1884 cibandum

549 1944 586 1980 roo
643 1921 685 1986 Sc
710 1923 899 2006 sociumque
923 1943 1018 1986 suum
1040 1921 1215 2006 praedixit,
1239 1929 1273 1986 et
1297 1931 1348 1987 est
1369 1923 1416 1986 ita
1437 1923 1569 1989 lactum.

640 2025 709 2088 Aut
731 2023 892 2109 quomodo
914 2024 1068 2089 ardentes
1092 2026 1211 2089 avertit
1232 2025 1274 2089 ab
1297 2025 1434 2091 aedibus
1457 2027 1561 2111 ignes,

642 2127 837 2192 incumbens
860 2128 1012 2215 precibus
1034 2130 1187 2193 iuvenum
1209 2149 1289 2212 quos
1313 2128 1430 2193 dextra
1451 2127 1607 2212 nequibat
1615 2127 1637 2188 ⁴.

643 2232 865 2297 Daemoniaea
888 2231 1019 2317 quidem
1042 2233 1094 2296 vel
1118 2231 1258 2316 qualiter
1279 2253 1364 2296 uxor
1385 2231 1426 2295 ab
1449 2231 1506 2294 illo

557 2347 561 2350 “
644 2336 694 2400 Sit
716 2343 840 2416 sanata,
863 2337 1073 2422 priusquam
1096 2343 1185 2401 tecta
1208 2336 1353 2420 rogantis
1376 2335 1501 2400 inisset.

549 2460 578 2496 ι.
644 2439 831 2504 Daemones
855 2447 911 2503 aut
934 2439 1094 2524 quomodo
1118 2445 1250 2504 sanctus
1274 2437 1314 2503 de
1338 2439 1445 2502 Fame
1467 2437 1628 2521 malignos

642 2541 832 2628 Expulerit,
855 2543 949 2606 iuxta
971 2542 1097 2607 faciens
1121 2543 1184 2606 sibi
1208 2547 1296 2606 tecta
1317 2539 1480 2619 manendi,

642 2644 697 2708 Ex
719 2646 806 2710 sicco
828 2653 865 2710 ut
887 2645 1043 2731 liquidam
1068 2646 1222 2732 produxit
1245 2647 1370 2732 cespite
1393 2644 1570 2731 lympham,

645 2749 737 2823 Quae
753 2748 795 2813 ad
815 2755 925 2813 votum
949 2750 1049 2835 patris
1066 2750 1255 2835 praestabat
1278 2750 1311 2813 in
1334 2771 1390 2814 ore
1408 2769 1568 2834 saporem.

645 2850 794 2925 Qualiter
816 2853 888 2938 ipse
912 2851 975 2916 sibi
998 2873 1141 2917 messem
1164 2852 1304 2916 sevisset
1326 2852 1360 2916 in
1382 2847 1472 2936 agro,

549 2977 560 3013 ι
644 2956 689 3019 Et
712 2956 859 3020 volucres
885 2955 985 3020 verbo
1008 2962 1134 3020 tantum
1157 2955 1340 3042 pepulisset
1362 2956 1404 3020 ab
1426 2956 1493 3019 illa.

645 3057 690 3121 Ut
705 3057 803 3123 ¹mare
827 3079 900 3122 curn
923 3057 1030 3122 beluis
1054 3065 1166 3122 sancto
1191 3058 1315 3123 servire
1339 3058 1475 3138 solebat,

644 3162 789 3226 Plurima
812 3160 955 3226 veridico
979 3161 1145 3247 praedixit
1168 3167 1202 3226 et
1224 3182 1281 3226 ore
1304 3161 1422 3242 futura,

644 3265 696 3330 De
721 3287 755 3330 sc
779 3264 886 3350 deque
912 3265 1008 3344 aliis,
1032 3285 1114 3350 quae
1138 3264 1305 3350 praescius
1328 3273 1404 3329 ante
1426 3263 1569 3329 videbat.

646 3369 795 3444 Qualiter
815 3369 913 3433 uxori
936 3368 1076 3448 comitis,
1099 3367 1151 3431 cui
1174 3369 1309 3432 miserat
1330 3367 1452 3432 undam

550 3496 581 3533 r.
646 3474 790 3553 Sacram,
812 3472 955 3538 restituit
977 3471 1116 3557 depulsa
1137 3477 1231 3556 peste
1256 3470 1404 3536 salutem.

647 3579 830 3642 Chrismate
854 3576 902 3640 sic
925 3573 1086 3660 quandam
1105 3581 1277 3639 sanaverat
1294 3575 1366 3660 ipse
1380 3581 1569 3661 perunctam

645 3681 677 3744 A
699 3679 813 3744 morbo
835 3678 949 3743 lateris
973 3678 1155 3764 capitisque
1179 3677 1290 3743 dolore
1313 3679 1466 3765 puellam.

648 3783 694 3846 Ut
715 3779 909 3846 benedictus
932 3782 1012 3846 item
1035 3779 1163 3845 delatus
1186 3781 1281 3866 panis
1303 3780 1344 3844 ab
1367 3781 1423 3845 illo
1542 3843 1548 3855 ,

645 3885 795 3950 lumissis
818 3884 960 3969 lymphis
983 3882 1146 3968 quendam
1169 3890 1343 3948 sanaverat
1365 3905 1510 3969 aegrum.

552 4012 591 4050 rao
648 3988 800 4063 Qualiter
822 3994 878 4051 aut
900 3987 1052 4052 iuvenem
1076 3987 1268 4052 moriturum
1290 3987 1373 4052 forte
1396 3987 1502 4052 viator

643 4091 814 4178 Repperit,
838 4088 960 4155 orando
985 4090 1038 4154 cui
1061 4089 1202 4155 reddidit
1225 4091 1297 4176 ipse
1321 4091 1471 4156 salutem.

645 4195 692 4260 Ut
713 4196 787 4282 pins
810 4200 907 4280 atque
930 4199 1035 4281 pater,
1059 4194 1173 4258 morbo
1197 4201 1347 4258 vastante
1370 4193 1556 4274 Britannos,
1577 4259 1581 4270 ,

646 4297 816 4363 Praedixit
838 4297 933 4362 matri
956 4297 1090 4381 natique
1114 4296 1293 4382 domusque
1318 4296 1466 4363 salutem.

648 4400 798 4475 Qualiter
820 4406 876 4464 aut
899 4400 1040 4464 animam
1062 4400 1203 4486 pastoris
1226 4399 1267 4463 ab
1290 4399 1406 4464 arbore
1428 4401 1513 4487 lapsi

553 4528 564 4564 r
647 4504 827 4589 Angeliccs
851 4504 943 4569 caelo
967 4509 1079 4568 coctus
1102 4503 1224 4568 inferre
1247 4503 1384 4584 videret,

648 4608 757 4693 Atque
781 4627 875 4672 suum
897 4612 1071 4691 aegrotans
1093 4612 1264 4671 curaverat
1285 4607 1355 4692 ipse
1378 4607 1572 4686 ministrum,

648 4710 805 4775 Profluvii
828 4709 953 4774 ventris
976 4709 1083 4773 fuerat
1105 4709 1160 4794 qui
1183 4708 1258 4774 tabe
1282 4716 1447 4793 gravatus.

648 4812 797 4887 Qualiter
818 4813 989 4879 undecimo
1013 4819 1248 4899 postmortem
1271 4833 1388 4899 corpus
1411 4814 1445 4877 in
1468 4835 1553 4879 anno

648 4917 818 5001 Integrum
841 4916 948 4981 luerat
969 4923 1039 4981 tota
1060 4927 1133 4981 eum
1156 4923 1249 4981 veste
1273 4922 1447 5001 repertum.

556 5042 593 5080 aa
650 5018 892 5083 Daemoniacus
916 5018 1024 5100 homo,
1048 5039 1146 5105 supra
1167 5039 1265 5103 quem
1287 5017 1433 5083 funditur
1454 5019 1551 5101 unda,

649 5121 799 5201 Sanatur,
825 5141 935 5184 sacros
957 5121 1059 5207 patris
1082 5141 1165 5206 quae
1188 5121 1314 5186 laverat
1337 5123 1459 5185 artns‘.

338 5348 389 5402 702
406 5366 471 5416 quae
491 5349 556 5399 Gale
660 5343 712 5397 730
728 5347 807 5400 humo
828 5346 893 5398 aaa

338 5505 362 5570 1)
381 5502 426 5557 De
444 5503 474 5556 S.
495 5499 632 5556 (ledberto
649 5499 701 5553 ab
718 5515 742 5553 a.
757 5498 833 5552 1-a
850 5501 959 5552 teneros
977 5497 1059 5554 laetis
1077 5499 1142 5552 dnm
1161 5499 1278 5554 collibus
1291 5517 1379 5570 agnos
1394 5500 1399 5566 Ι
1415 5499 1551 5554 Pasearet.
1585 5501 1639 5554 ab
1656 5501 1737 5557 Ferre
1754 5503 1884 5558 animam.

232 5612 260 5675 ⁶2)
277 5608 322 5661 Ib.
334 5607 383 5661 c.8
396 5623 418 5659 v.
430 5606 464 5660 10
480 5603 589 5675 gelidas
601 5602 670 5656 villu
683 5604 807 5672 flatuque
819 5603 943 5658 foventia
956 5604 1076 5672 plautas.
1145 5605 1172 5672 3)
1185 5603 1228 5658 Ib.
1241 5622 1265 5658 v.
1275 5607 1309 5658 ‘28
1322 5604 1485 5673 languorem
1498 5602 1580 5674 pellit
1593 5603 1757 5675 culpamque
1770 5606 1885 5662 relaxat.

233 5713 261 5777 l)
281 5711 325 5763 It.
344 5725 366 5762 c.
386 5710 418 5762 12
436 5725 459 5763 v.
477 5708 495 5762 4
513 5708 644 5761 iuvenum
662 5725 734 5775 quae
752 5706 850 5760 dextra
867 5707 1010 5776 nequibat.
1080 5709 1108 5776 5)
1127 5707 1170 5762 Ib.
1189 5723 1212 5762 c.
1229 5709 1265 5762 40
1281 5725 1305 5764 n.
1320 5711 1337 5762 9
1355 5709 1465 5763 functos
1482 5725 1555 5778 quac
1572 5708 1681 5762 laverat
1697 5713 1783 5765 artur.

304 5809 407 5858 l'orrrr
420 5805 710 5862 urmarrrvrcuvonmr
723 5807 741 5855 1.
1649 5803 1684 5856 24
