4612 6414
709 399 846 456 VERSUS
867 402 916 456 All
934 402 1187 460 HLUDOWICUM
1205 407 1404 462 CAESAREM.

985 657 1139 782 LXXVI.

817 859 1002 934 vanarn
1030 860 1237 934 nusnau
1252 859 1273 936 ¹.

591 1005 708 1072 Inclita
732 1008 855 1073 Caesar
877 1030 949 1091 ave,
973 1009 1167 1074 Hludowice
1191 1033 1319 1092 serene,
1342 1015 1492 1099 valeque,

673 1109 718 1175 Et
740 1111 801 1176 tibi
824 1113 1051 1199 cunctipotens
1075 1112 1131 1178 det
1153 1114 1240 1178 bona
1262 1115 1403 1180 cuncta²
1425 1117 1510 1203 pius.

591 1211 690 1276 Orbis
712 1220 746 1278 te
769 1220 856 1279 totus
879 1215 990 1280 laudat
1001 1216 1023 1293 ³,
1046 1223 1229 1298 veneratur,
1252 1224 1414 1304 amatque,

673 1315 718 1381 Et
740 1319 874 1382 monitis
897 1325 991 1405 paret
1013 1319 1147 1384 sedulus
1170 1319 1257 1385 unde
1281 1321 1357 1389 tuis.

523 1438 535 1474 s
594 1417 724 1485 Primus
748 1421 781 1484 in
804 1422 882 1486 orbe
905 1422 1018 1504 micas,
1041 1423 1123 1487 nulli
1145 1443 1181 1487 es
1205 1423 1325 1488 virtute
1349 1425 1522 1506 secundus,

672 1521 807 1586 Viribus
829 1525 1041 1610 armipotens,
1063 1532 1097 1590 te
1122 1526 1189 1590 scio
1212 1547 1309 1590 nemo
1332 1529 1448 1613 praeit.

588 1622 691 1688 Arma
713 1646 749 1690 es
772 1626 962 1711 pontificum
971 1628 994 1708 ⁴,
1017 1627 1196 1692 venerandi
1219 1630 1362 1694 culmina
1385 1630 1465 1695 iuris

673 1727 723 1793 'Pu
746 1729 826 1814 vigil
849 1729 1010 1796 instanter
1031 1730 1074 1794 ad
1095 1732 1234 1796 meliora
1255 1733 1374 1797 levas⁵.

589 1829 640 1894 Tu
662 1830 764 1897 decus
787 1853 822 1896 es
846 1833 935 1908 cleri,
958 1834 1071 1920 populi
1096 1855 1155 1898 seu
1177 1855 1292 1898 norma
1315 1835 1431 1900 salutis
1440 1837 1464 1916 ⁶,

509 1939 537 1991 10'
678 1935 797 2001 Iudicii
819 1938 962 2002 callem⁷
985 1938 1108 2002 arbiter
1131 1958 1255 2022 aequus
1279 1961 1380 2004 amas.

588 2038 682 2103 Haeo
709 2039 791 2103 facis
821 2046 855 2104 et
876 2040 1027 2104 facienda
1050 2039 1148 2105 doces
1173 2062 1256 2125 quae
1279 2041 1320 2106 ad
1344 2040 1464 2127 sydera
1487 2043 1616 2124 tollunt,

672 2140 764 2215 Quae
787 2151 940 2228 mergunt
963 2144 1080 2208 sollers
1105 2165 1237 2230 semper
1259 2143 1300 2208 ad
1323 2145 1389 2208 ima
1411 2167 1520 2211 caves.

588 2244 634 2310 Es
657 2266 787 2331 quoque
810 2247 975 2332 pacificus,
999 2246 1130 2331 sapiens
1155 2245 1338 2312 Salomonis
1361 2247 1538 2330 adinstar,

672 2347 713 2412 In
736 2349 847 2434 specie
871 2370 907 2414 es
930 2349 1063 2436 Ioseph,
1086 2350 1211 2416 viribus
1234 2352 1332 2436 inquo
1355 2350 1463 2417 David
1475 2353 1497 2418 ⁸.

507 2473 531 2511 rs
589 2450 652 2516 Est
674 2457 708 2516 et
730 2452 899 2538 scripturis
922 2453 1054 2538 patulus
1077 2453 1138 2517 tibi
1161 2475 1277 2518 sensus
1300 2455 1334 2518 in
1356 2455 1461 2536 almis,

672 2553 787 2618 Lectio
810 2561 843 2619 te
867 2576 1004 2641 quarum
1026 2556 1133 2642 pascit
1155 2557 1277 2641 alitque
1300 2557 1467 2643 frequens.

588 2657 764 2744 Corporeis
787 2659 893 2745 epulis
917 2660 1047 2724 satiaris
1072 2681 1208 2746 corpore
1232 2682 1340 2748 parce,

673 2759 741 2826 Sed
764 2768 822 2827 tua
844 2759 954 2828 divina
977 2784 1070 2829 mens
1093 2764 1249 2829 alimenta
1273 2765 1352 2828 sitit.

589 2864 673 2930 Nam
697 2865 790 2930 cibus
814 2867 925 2931 illatus
949 2867 1048 2932 satiat
1069 2874 1127 2931 tua
1150 2867 1278 2932 viscera
1299 2889 1428 2953 parcus,

505 2992 531 3028 aa
675 2967 742 3033 Sed
765 2968 858 3033 cibus
881 2969 1048 3034 aetherius
1063 2977 1215 3056 ¹mentem
1238 2971 1447 3057 animumque
1470 2971 1568 3036 cibat.

585 3073 665 3138 Plus
691 3073 805 3159 epulas
828 3075 957 3138 animae
980 3095 1078 3159 quam
1103 3075 1209 3139 carnis
1233 3074 1343 3160 diligis
1364 3075 1469 3161 ipse⁹,

670 3175 742 3240 Has
765 3177 854 3262 capis
877 3176 919 3240 ad
941 3184 1082 3264 tempus,
1105 3177 1164 3242 has
1188 3178 1258 3242 sine
1281 3178 1345 3243 fine
1368 3178 1451 3243 sitis.

578 3278 630 3342 Es
654 3299 783 3364 quoque
804 3286 841 3343 tu
864 3281 1000 3344 multum
1023 3280 1155 3367 proprio
1180 3279 1362 3346 laudandus
1384 3281 1418 3345 in
1440 3287 1531 3346 actu:

667 3380 762 3454 Quod
785 3403 860 3447 caro
885 3384 954 3447 vult
975 3404 1090 3469 parce,
1113 3405 1207 3449 mens
1230 3383 1317 3469 quod
1339 3390 1374 3449 et
1396 3390 1490 3470 optat
1512 3405 1612 3449 amas.

502 3506 528 3544 aa
585 3484 678 3558 Quae
701 3485 787 3549 mala
810 3491 886 3548 sunt
907 3484 1043 3569 refugis,
1065 3483 1152 3550 bona
1175 3504 1323 3570 quaeque
1346 3485 1557 3571 amplecteris
1579 3486 1675 3562 ultro,

667 3586 749 3652 Inde
774 3586 856 3651 deus
878 3592 998 3667 tecum,
1022 3607 1081 3651 rex
1103 3585 1290 3665 benedicte,
1312 3595 1433 3653 manet.

584 3689 755 3755 Ecclesiae
779 3695 912 3754 sanetae
936 3687 1076 3754 dilectus
1099 3688 1187 3753 filius
1209 3695 1315 3770 extas,

669 3791 774 3865 Quam
797 3793 857 3857 tibi
879 3793 1042 3857 commisit
1064 3793 1179 3857 unicus
1202 3794 1274 3880 ipse
1297 3793 1410 3879 patris.

584 3896 679 3960 Hanc
703 3903 737 3959 tu
761 3900 950 3960 constanter
972 3892 1129 3960 doctrinis
1152 3895 1274 3960 imbuis
1297 3895 1403 3976 almis,

501 4021 528 4060 aa
670 3999 803 4080 Incolis,
827 4005 1030 4086 augmentes,
1054 4000 1201 4080 instruis,
1224 3999 1389 4064 aedificas.

583 4104 688 4172 Nemo
711 4103 776 4169 fide
799 4103 921 4169 Christi
943 4124 1018 4168 nam
1041 4111 1074 4168 te
1097 4104 1317 4190 praestantior
1340 4109 1441 4183 exta,

666 4208 746 4272 Plus
769 4205 971 4272 orthodoxus
994 4206 1126 4271 esttibi
1151 4228 1249 4272 nemo
1272 4206 1422 4293 super²⁰.

509 4394 512 4399 ν
586 4310 647 4375 Est
669 4311 731 4375 tibi
752 4332 849 4376 nemo
873 4332 982 4397 super,
1007 4311 1122 4376 similis
1145 4311 1270 4397 pietate
1293 4311 1346 4376 vel
1367 4317 1454 4391 actu,

666 4413 718 4478 De
741 4419 773 4478 te
797 4433 876 4478 vera
896 4413 986 4498 loqui
1009 4434 1062 4478 me
1084 4419 1142 4477 tua
1163 4413 1251 4477 facta
1271 4412 1422 4498 probant.

501 4541 526 4580 ss
583 4516 725 4581 Divitias
747 4513 860 4580 mundi
883 4522 978 4581 cauto
1002 4516 1140 4581 sectaris
1162 4537 1284 4596 amore,

665 4618 747 4693 Quis
769 4619 830 4684 tibi
852 4624 1041 4684 constanter
1061 4639 1165 4705 regna
1186 4618 1284 4684 beata
1305 4639 1412 4705 paras.

582 4722 658 4788 Non
680 4729 793 4801 temet,
815 4722 859 4786 mi
882 4745 953 4804 rex,
976 4723 1096 4787 limbus
1119 4743 1185 4787 non
1207 4742 1327 4786 aureus
1349 4721 1492 4801 inflatu,

663 4824 738 4890 Non
759 4824 910 4891 diadema
931 4827 1056 4891 micans
1079 4827 1198 4891 mentis
1221 4827 1254 4890 in
1276 4825 1391 4891 aroe¹²
1415 4825 1519 4892 sedet.

286 5119 414 5188 [LXXVI]
432 5123 528 5174 Versus
547 5122 661 5173 eiusdem
675 5121 699 5172 G
712 5137 739 5186 p.
760 5118 808 5171 121

322 5272 348 5341 1)
376 5273 524 5328 Historiae
544 5273 689 5327 literarum
711 5271 853 5327 Fraarioe
871 5272 936 5340 (IV,
946 5273 1009 5340 471)
1033 5272 1150 5327 editores
1171 5273 1221 5326 troc
1242 5287 1349 5326 carossa
1371 5270 1426 5326 iasa
1451 5289 1470 5326 o
1492 5271 1646 5339 modultu
1671 5272 1791 5326 atkoam
1813 5289 1869 5327 aare

214 5375 452 5442 caisbmovcruat
470 5376 571 5446 quibas
581 5376 695 5431 Liersrtr
704 5377 731 5442 (t.
742 5377 758 5428 t.
768 5393 798 5446 p.
808 5375 853 5444 57)
866 5375 1031 5432 adsentitur.
1091 5377 1118 5443 2)
1133 5376 1177 5444 Cf.
1188 5391 1276 5446 supro
1282 5393 1312 5446 p.
1321 5376 1373 5430 494
1382 5391 1407 5430 a.
1415 5377 1440 5438 8,
1452 5377 1486 5430 34
1496 5380 1542 5430 etc.
1600 5375 1628 5442 3)
1648 5375 1691 5443 Cf.
1697 5392 1728 5444 p.
1740 5374 1792 5428 433
1805 5392 1829 5428 v.
1845 5378 1867 5429 1.

215 5480 242 5545 4)
264 5476 411 5548 Cfisupro
425 5496 455 5548 p.
474 5479 526 5533 523
543 5471 604 5532 at.
673 5479 701 5545 5)
722 5477 765 5546 Of.
780 5495 810 5548 p.
828 5479 880 5532 537
898 5493 923 5533 a.
941 5478 1000 5532 190.
1070 5479 1098 5546 6)
1118 5478 1162 5546 Of.
1175 5495 1205 5547 p.
1218 5477 1270 5531 494
1287 5493 1311 5530 o.
1322 5477 1365 5530 32.
1436 5477 1463 5544 7)
1484 5477 1527 5546 Of.
1541 5494 1572 5546 p.
1584 5477 1636 5532 493
1653 5493 1678 5531 o.
1692 5479 1716 5530 1.
1777 5478 1803 5546 8)
1825 5476 1869 5545 Os.

212 5579 307 5652 aaut
325 5581 403 5635 aaa
475 5583 502 5650 9)
523 5583 565 5650 Cf.
581 5581 678 5651 poss
694 5598 717 5635 o.
730 5581 774 5634 45.
838 5580 888 5646 ,10)
908 5581 1146 5650 0)“.ρ.4843,22.
1216 5581 1260 5648 ll)
1279 5579 1328 5636 Oa.
1341 5579 1405 5634 Met.
1425 5580 1518 5648 IV,bl
1536 5597 1620 5650 qnam
1637 5579 1739 5634 limbus
1751 5579 1866 5651 obibat!

216 5684 332 5738 Aureus.
406 5686 449 5752 12)
470 5684 513 5753 Os.
530 5701 619 5754 aupro
636 5701 662 5753 p.
681 5685 734 5740 508
751 5700 776 5740 o.
794 5685 857 5748 592;
872 5700 902 5753 p.
920 5685 973 5739 485
990 5701 1014 5738 υ.
1032 5684 1073 5738 90.

286 5783 389 5831 Por-rar
402 5795 486 5832 carui
499 5795 558 5833 srvi
571 5783 697 5833 canobon
709 5784 729 5833 1.
1628 5779 1662 5833 73
