4666 6406
1081 419 1287 474 THEODULFI
1306 420 1481 474 CARMINA.

816 594 854 657 In
878 592 1015 658 calathis
1037 592 1159 676 fruges,
1182 613 1316 678 magnas
1342 595 1374 658 in
1397 595 1542 659 turribus
1565 595 1675 674 urbes,

900 697 1074 782 Agricolae
1098 697 1264 780 ingenium
1288 697 1395 781 signat
1417 697 1451 760 in
1474 717 1580 782 angue
1603 697 1738 761 vafrum.

816 799 976 864 Panditur
998 804 1135 876 aestate,
1158 800 1192 862 in
1213 799 1328 863 bruma
1351 801 1427 884 quia
1450 801 1611 866 clauditur
1633 824 1747 880 annus,

901 902 1080 967 Gestamon
1103 901 1203 966 clavis
1227 901 1309 966 haec
1332 902 1422 967 vehit
1445 903 1521 968 inde
1545 925 1652 969 manu.

749 1027 760 1064 a
818 1005 977 1090 Cymbala
999 1010 1075 1069 sunt
1098 1005 1235 1084 sonitus,
1260 1005 1341 1069 liunt
1363 1007 1418 1089 qui
1440 1007 1626 1091 agrestibus
1649 1011 1748 1073 armis
1760 1011 1781 1090 ¹,

901 1107 1045 1171 Faetitat
1067 1115 1123 1170 aut
1146 1107 1258 1192 opifex
1281 1107 1421 1192 quilibet
1443 1117 1513 1174 arte
1537 1131 1607 1175 sua.

817 1209 861 1272 Et
883 1210 959 1295 quia
981 1231 1041 1294 pro
1064 1209 1170 1295 patria
1194 1210 1303 1273 cuncti
1327 1211 1503 1296 confligere
1527 1210 1657 1284 debent,

902 1311 1051 1397 Effigies,
1075 1311 1198 1392 Tellus,
1221 1313 1297 1376 hino
1320 1312 1409 1378 vehit
1432 1335 1522 1378 arma
1544 1321 1610 1380 tua.
1665 1301 1672 1314 ’

818 1413 916 1479 Orbis
940 1421 1079 1480 stemma
1103 1422 1203 1494 rotae,
1228 1415 1401 1498 signabant
1424 1417 1549 1481 semina
1572 1419 1660 1504 galli,

900 1517 998 1582 Orbis
1021 1525 1179 1603 concepto
1205 1519 1328 1583 semine
1352 1520 1454 1583 multa
1477 1519 1577 1584 dabit.

819 1619 885 1684 Olli
909 1619 1091 1684 subduntur
1113 1620 1269 1706 pecudes,
1293 1621 1368 1705 quia
1391 1622 1512 1707 pabula
1535 1623 1576 1686 ab
1599 1624 1656 1688 illa

904 1721 1051 1802 Sumunt,
1074 1723 1120 1786 nil
1144 1730 1177 1787 et
1200 1724 1271 1808 opis
1295 1725 1356 1789 hac
1380 1725 1592 1790 sinehabere
1616 1733 1748 1811 queunt.

818 1823 977 1910 Quodque
1002 1826 1117 1890 subest
1140 1827 1187 1890 illi
1213 1827 1321 1892 rabies
1344 1828 1476 1892 inimico
1499 1828 1640 1910 leonum,

902 1929 976 1994 Hoc
999 1928 1158 2014 estquod
1181 1929 1295 1994 Tellus
1318 1939 1427 1996 terrea
1451 1939 1567 1997 cuncta
1590 1933 1710 1997 domat.

738 2055 763 2090 a
822 2032 941 2097 Omnia
964 2053 1037 2096 cum
1061 2035 1126 2096 sint
1149 2040 1247 2110 mota,
1270 2040 1380 2098 tamen
1405 2036 1519 2120 nequit
1540 2036 1613 2121 ipsa
1635 2037 1769 2117 moveri,

901 2138 989 2203 Hinc
1011 2139 1196 2223 fingebatur
1219 2141 1301 2203 sella
1322 2141 1477 2226 perennis
1501 2141 1542 2206 ei.

817 2243 881 2307 Per
904 2242 1001 2307 sedes
1024 2243 1123 2307 etiam
1148 2241 1260 2306 mundi
1284 2243 1455 2326 signantur
1476 2244 1629 2322 honores,

898 2344 1062 2431 Perpetuo
1085 2344 1171 2428 quod
1194 2366 1251 2409 eos
1274 2366 1370 2410 nemo
1393 2345 1564 2411 habiturus
1586 2346 1664 2412 adit.

818 2448 914 2513 Alter
936 2448 970 2512 in
993 2447 1146 2514 alterius²
1168 2448 1289 2533 gaudet
1312 2449 1458 2516 residere
1482 2450 1647 2528 cathedra,

737 2573 762 2610 ao
905 2552 970 2616 Hic
993 2551 1097 2631 sedet,
1121 2552 1175 2616 hic
1200 2551 1296 2631 sedit,
1319 2552 1372 2618 hic
1395 2554 1429 2633 it,
1454 2561 1487 2618 et
1510 2555 1565 2620 ille
1588 2554 1683 2619 redit.

817 2654 899 2720 Inde
923 2655 1105 2720 vehebatur
1127 2677 1234 2735 curru,
1258 2655 1345 2741 quod
1367 2657 1401 2720 in
1425 2679 1502 2722 aere
1525 2657 1647 2744 pendet

901 2758 1024 2837 Tellus,
1048 2765 1082 2822 et
1105 2757 1232 2823 levibus
1257 2759 1456 2824 sustineatur
1477 2762 1580 2845 aquis.

819 2863 907 2944 Hine
931 2862 1046 2928 est'de
1068 2861 1200 2927 domino
1224 2885 1325 2928 verax
1348 2865 1433 2950 quod
1459 2866 1557 2929 lectio
1581 2865 1727 2950 promit3,

901 2966 995 3030 Illius
1019 2965 1134 3030 laudes
1158 2987 1351 3030 enumerare
1376 2965 1522 3046 studens,

670 3143 676 3153 ,
751 3096 762 3132 a
821 3070 886 3144 Qui
910 3092 1008 3158 super
1030 3071 1214 3135 inmensum
1237 3071 1367 3137 Borean
1392 3070 1540 3136 extendit
1563 3071 1669 3150 inane,

903 3173 958 3254 Et,
982 3181 1080 3256 terra,
1104 3172 1262 3260 appendit
1285 3181 1317 3239 te
1341 3196 1440 3260 super
1462 3176 1536 3260 ipsa
1558 3173 1649 3238 nihil.

820 3279 978 3365 Quodque
1002 3279 1082 3343 rotis
1106 3278 1244 3358 vehitur,
1268 3277 1379 3341 mundi
1402 3279 1528 3362 vertigo
1551 3285 1691 3360 notatur,

903 3381 967 3455 Qui
991 3381 1114 3445 volucri
1137 3402 1235 3445 cursu
1258 3381 1400 3444 volvitur
1422 3387 1519 3465 atque
1542 3380 1648 3445 modo.

821 3486 915 3550 Stare
938 3484 1112 3550 videbatur
1134 3492 1285 3549 terrenae
1310 3484 1406 3548 sortis
1430 3485 1548 3570 imago,

908 3589 1047 3675 Semper
1069 3588 1170 3676 habet
1193 3588 1345 3672 quoniam
1369 3608 1444 3651 rura
1467 3587 1577 3652 colens
1601 3587 1686 3674 quod
1709 3597 1796 3674 agat.

820 3691 894 3757 Hoc
917 3713 999 3778 opus
1023 3698 1059 3755 ut
1081 3691 1176 3755 fieret
1198 3685 1401 3756 Theodullus
1424 3691 1599 3776 episcopus
1623 3692 1686 3776 egi,

902 3795 946 3859 Et
968 3793 1090 3880 duplici
1114 3793 1220 3857 olfieio
1245 3794 1305 3858 rite
1326 3794 1441 3886 uigere
1464 3793 1549 3859 dedi.

821 3897 955 3964 Scilicet
977 3906 1014 3962 ut
1036 3897 1174 3983 dapibus
1197 3904 1373 3983 pascantur
1396 3920 1532 3985 corpora
1555 3899 1641 3979 latis,

902 4002 1057 4088 Inspeeta
1080 4008 1113 4067 et
1135 4007 1280 4066 mentem
1305 4001 1393 4066 orbis
1418 4003 1527 4086 imago
1551 4001 1650 4068 cibet.
1768 4023 1770 4028 ·

751 4129 762 4165 c
819 4105 899 4170 Plus
922 4107 1037 4192 epulas
1060 4105 1188 4169 animae
1211 4126 1308 4189 quarn
1332 4125 1450 4190 corpus
1474 4104 1584 4188 dilige,
1606 4105 1705 4185 visor,

903 4208 1022 4273 Vivida
1043 4228 1135 4272 mens
1160 4208 1236 4286 illis,
1261 4208 1312 4272 his
1336 4228 1411 4271 earo
1434 4207 1537 4293 pollet
1559 4207 1673 4273 hebes.

819 4312 952 4378 Ocelica
973 4311 1074 4376 verba
1097 4319 1223 4390 sonent,
1246 4310 1384 4397 dapibus
1408 4311 1489 4375 haee
1512 4332 1625 4375 mansa
1647 4310 1816 4392 redundet,

847 4453 849 4456 ·
903 4416 947 4481 Et
969 4423 1103 4481 teneant
1125 4417 1248 4480 nullum
1271 4415 1372 4480 livida
1394 4415 1481 4480 dicta
1503 4416 1621 4480 locum.

819 4520 934 4585 Totius
958 4519 1046 4584 orbis
1068 4518 1163 4584 adest
1185 4519 1330 4584 breviter
1352 4518 1482 4604 depicta
1504 4518 1617 4603 figura,

736 4648 761 4684 so
903 4621 986 4687 Rem
1007 4643 1159 4706 magnam
1182 4622 1215 4686 in
1238 4643 1339 4708 parvo
1363 4643 1499 4707 corpore
1522 4642 1621 4687 nosse
1644 4621 1744 4686 dabit.

817 4726 881 4791 Hic
903 4725 1104 4809 Amphitrite
1127 4731 1287 4789 terrarum
1311 4725 1458 4809 margine
1482 4723 1579 4809 longo

897 4828 1038 4892 Brachia
1060 4827 1243 4913 protendit*
1268 4828 1401 4902 flumina
1425 4835 1542 4892 cuncta
1564 4848 1691 4893 vorans.

815 4932 941 4998 Inflatis
965 4931 1078 4995 bueeis
1102 4929 1271 4995 discordes
1294 4929 1437 5015 undique
1459 4931 1587 5009 fratres,

896 5035 1057 5099 Insistunt
1080 5034 1161 5116 orbi,
1186 5039 1261 5097 sunt
1284 5055 1343 5098 sua
1366 5035 1483 5118 cuique
1507 5034 1588 5098 loca.

557 5370 584 5437 1)
606 5367 690 5437 Vere.
710 5367 811 5436 Georg.
830 5364 856 5428 1,
877 5363 927 5417 160
948 5362 1105 5432 agrestibus
1123 5381 1207 5418 anua.
1277 5365 1303 5430 ⁴2)
1321 5366 1388 5418 Aea.
1410 5366 1453 5430 ΙΙ,
1472 5363 1522 5418 667
1542 5363 1620 5417 Alter
1638 5363 1669 5415 in
1686 5362 1815 5424 alterium
1836 5363 1883 5416 Oo.
1903 5365 1959 5432 Ep.
1978 5367 2038 5430 ΙΙΙ,
2061 5366 2101 5419 ll.

451 5470 478 5538 3)
500 5469 567 5526 Gen.
587 5473 610 5532 1,
625 5471 654 5532 r,
679 5469 750 5522 lsai.
768 5467 869 5544 luvra.
938 5465 966 5532 4)
987 5467 1034 5518 Oe.
1054 5466 1120 5520 Mel.
1141 5470 1165 5533 I,
1187 5467 1288 5520 14-15
1306 5484 1355 5520 nee
1376 5466 1489 5521 brachia
1511 5467 1595 5536 longo
1616 5470 1620 5534 Ι
1641 5465 1768 5534 Margine
1789 5468 1924 5520 terrarum
1944 5471 2103 5535 porrexerat

453 5572 593 5642 Amphitri
609 5589 631 5624 e.
