4612 6420
728 408 1006 464 ruscarerrouns
1025 371 1200 462 nocoaun
1219 406 1423 462 scurronum.

618 582 708 647 Crux
730 582 907 648 benedicta
927 582 1022 662 nitet,
1046 581 1197 645 dominus
1221 601 1286 665 qua
1308 601 1405 645 earne
1428 577 1596 666 pependit,

701 687 810 771 Atque
834 708 892 751 suo
917 686 1034 750 elausit
1056 686 1173 750 funere
1195 685 1308 749 mortis
1332 685 1405 749 iter.

550 813 561 851 s
621 791 686 856 Hic
709 797 823 856 auctor
846 792 932 857 vitae
955 797 1093 855 mortem
1116 789 1285 856 moriendo
1308 789 1457 876 peremit,

684 895 885 960 Vulneribus
910 915 1027 958 sanans
1051 895 1186 958 vulnera
1207 902 1320 958 nostra
1343 893 1421 958 suis.

1068 1172 1089 1214 11

640 1257 643 1264 s

617 1273 706 1338 Ante
729 1273 881 1336 thronum
904 1271 1031 1336 aeterni
1053 1271 1134 1335 felix
1157 1271 1212 1356 qui
1233 1273 1321 1357 regis
1345 1273 1378 1334 in
1400 1293 1528 1354 aevum,

702 1375 855 1456 Michael,
879 1395 1005 1438 summa
1027 1375 1060 1438 in
1083 1395 1157 1438 aree
1179 1374 1328 1440 minister
1350 1375 1444 1451 ades;

621 1480 840 1565 Aligerosque
864 1479 948 1543 inter
971 1479 1077 1543 socios
1099 1500 1160 1565 por
1182 1480 1270 1544 seola
1291 1481 1453 1544 manentis

700 1586 857 1666 Luminis,
882 1592 915 1650 et
938 1585 1028 1671 pacis
1052 1607 1154 1670 regna
1175 1587 1275 1651 beatu
1298 1589 1406 1652 oanis:

550 1713 561 1750 s
619 1691 771 1776 Protego,
795 1714 890 1777 quam
914 1693 1008 1756 terris
1033 1693 1093 1756 tibi
1116 1692 1185 1757 iure
1210 1675 1399 1775 dicavimus,
1421 1695 1540 1772 aulam,

702 1793 863 1880 Optantes
886 1795 1038 1880 precibus
1063 1795 1220 1860 scandere
1244 1796 1285 1860 ad
1307 1805 1396 1861 astra
1418 1798 1492 1861 tuis.

617 1898 785 1983 Igneaque
809 1900 919 1964 infesti
942 1906 1144 1964 noceantne
1168 1901 1235 1964 tela
1257 1899 1418 1980 draconis,

702 2001 897 2066 Continuam
921 2003 1055 2066 infirmis
1079 2002 1186 2089 pande
1209 2004 1370 2088 benignus
1394 2025 1499 2090 opem,

618 2102 786 2176 Quatenus
810 2106 942 2190 expleto
964 2105 1044 2170 belli
1067 2106 1250 2191 praesentis
1274 2127 1390 2190 ogone,

704 2208 756 2271 Ad
779 2209 920 2293 palmam
944 2208 1030 2272 vitae
1052 2230 1112 2272 nos
1135 2215 1191 2273 tua
1214 2209 1331 2273 dextra
1352 2210 1448 2274 levet.

1064 2492 1095 2534 ΙΙΙ

618 2591 680 2654 His
704 2591 844 2654 solidata
865 2591 958 2672 fides,
982 2592 1033 2656 his
1057 2598 1108 2655 est
1131 2591 1202 2670 tibi,
1224 2590 1340 2671 Roma,
1364 2592 1498 2670 catenis,

619 2694 787 2781 Simplicio
809 2717 895 2759 nuno
919 2696 989 2780 ipse
1012 2695 1103 2759 dedit
1127 2717 1219 2760 sacra
1240 2697 1311 2759 iura
1333 2703 1458 2760 tenere.

617 2798 738 2863 Libera
761 2821 891 2885 semper
914 2800 995 2864 eris:
1020 2799 1097 2884 quid
1121 2799 1206 2864 enim
1230 2819 1294 2862 non
1317 2798 1445 2862 vincula
1467 2805 1644 2885 praestent,

617 2902 709 2974 Quae
733 2903 849 2988 tetigit,
874 2905 928 2988 qui
951 2912 1067 2967 cuncta
1089 2910 1199 2989 potest
1221 2904 1414 2968 absolvere?
1439 2904 1530 2968 ouius

617 3007 711 3071 Haeo
734 3007 855 3071 invicta
877 3029 992 3071 manus
1014 3009 1067 3072 vel
1091 3008 1260 3092 relligiosa
1281 3006 1445 3092 triumpho

551 3182 553 3186 7
617 3110 748 3175 Moenia
770 3132 835 3174 non
857 3111 925 3175 ullo
948 3112 1077 3196 penitus
1101 3112 1287 3195 quatientur
1309 3111 1350 3175 ab
1373 3110 1478 3176 hoste.

619 3212 749 3277 Claudit
772 3214 834 3277 iter
856 3213 964 3294 bellis,
988 3215 1042 3298 qui
1065 3221 1191 3300 portam
1213 3213 1328 3299 pandit
1350 3214 1382 3277 in
1405 3213 1513 3278 astris.

1063 3492 1093 3535 ιν
1158 3493 1160 3498 ⁴

617 3596 833 3681 Omnipotens
857 3593 995 3678 genitor,
1020 3593 1145 3657 cunctis
1169 3593 1225 3676 qui
1247 3592 1402 3676 gentibus
1423 3593 1543 3657 almum

701 3697 845 3782 Egregio
867 3696 962 3760 Pauli
985 3695 1092 3759 fundis
1116 3695 1157 3759 ab
1183 3717 1239 3760 ore
1262 3695 1366 3773 iubar,

620 3803 712 3866 illius
736 3800 831 3864 nobis
853 3799 1008 3886 precibus
1032 3798 1073 3863 da
1095 3797 1225 3884 gaudia,
1249 3819 1351 3883 regna

699 3905 769 3968 Nos
793 3903 884 3968 cuius
908 3902 1039 3966 monitis
1062 3922 1198 3988 poscere
1222 3901 1312 3966 celsa
1334 3901 1437 3965 iubes.

927 4055 1230 4062 -μ--α--σ--ι--ι

1068 4181 1088 4222 V

617 4280 681 4354 Qui
703 4302 798 4347 cruce
822 4282 965 4345 munitus
989 4301 1126 4366 superas
1149 4280 1219 4343 fera
1238 4279 1363 4365 praelia
1385 4278 1507 4359 mundi,

700 4386 895 4470 Felicesque
919 4385 1021 4449 trahis
1045 4385 1149 4449 victor
1172 4384 1212 4448 ad
1235 4391 1324 4448 astra
1346 4382 1473 4464 choros,

618 4489 731 4570 Serva,
754 4490 868 4572 Paule,
891 4489 939 4553 tui
961 4489 1149 4554 veneranda
1172 4489 1314 4554 sacraria
1336 4489 1461 4573 templi,

697 4594 748 4659 Ne
772 4595 855 4658 latro
878 4593 1081 4679 depopulans
1104 4599 1212 4657 vastet
1235 4593 1320 4656 ovile
1343 4598 1445 4656 tuum.

920 4747 1229 4754 *...-......—

1063 4870 1094 4912 Vl

616 4972 679 5053 En,
703 4971 891 5058 Stephanus
913 4970 1040 5057 lapides
1064 4971 1189 5050 suffert,
1212 4969 1408 5033 Laurentius
1432 4969 1536 5053 ignes,

698 5075 827 5159 Perque
851 5075 913 5139 iter
935 5079 1111 5158 angustum
1135 5093 1237 5157 regna
1259 5072 1357 5136 beata
1378 5078 1503 5157 petunt.

616 5176 692 5240 Iure
715 5177 814 5240 micat
837 5175 934 5240 rutilo
958 5175 1130 5238 levitarum
1154 5174 1229 5238 aula
1251 5174 1371 5253 colore,

667 5273 668 5278 ’
700 5277 789 5351 Quos
812 5280 898 5344 vitae
922 5278 964 5343 ad
986 5279 1127 5365 palmam
1151 5300 1238 5342 mors
1262 5279 1407 5364 pretiosa
1428 5284 1534 5342 vocat.

358 5472 866 5480 ——-——————.-.-..—.
878 5473 960 5478 -..-f...
977 5473 982 5478 .
992 5471 1210 5478 ...———.-.------
1222 5473 1225 5476 .
1239 5473 1244 5477 .
1258 5472 1281 5476 ...
1296 5471 1795 5481 Q———ss—

367 5607 378 5671 il
399 5606 427 5674 [ι]
451 5607 468 5659 4
489 5609 581 5658 mentis
593 5608 626 5672 Q,
649 5607 775 5659 mortisF
784 5605 878 5674 pm
976 5605 987 5670 ll
1009 5605 1058 5674 [ιιι]
1082 5605 1194 5658 5ιιιιιιιιι
1206 5608 1235 5672 Q,
1264 5624 1356 5659 manus
1373 5605 1403 5658 F
1485 5606 1572 5661 iinon
1590 5610 1662 5661 nullo
1678 5608 1707 5674 Q,
1734 5627 1785 5661 non
1803 5611 1858 5662 ullo
1873 5609 1903 5660 F

249 5691 259 5758 ii
269 5691 308 5760 [V]
327 5691 343 5743 3
362 5697 444 5746 Saeva
456 5695 485 5760 Q,
505 5697 583 5746 Serva
593 5693 622 5744 F

318 5807 423 5858 Pontus
434 5819 519 5858 narrar
531 5819 590 5855 snvr
602 5805 728 5856 Canocuu
740 5807 760 5857 1.
1648 5801 1683 5856 44
