4554 6434
570 386 708 442 VERSUS
727 388 773 442 DE
791 389 941 444 SANCTIS
960 391 1219 447 EUBORICENSIS
1237 393 1382 449 ECCLESI
1408 394 1437 447 Ε.

540 561 657 625 Nullus
680 569 715 626 ut
738 569 876 626 extenso
898 562 1065 630 videretur
1087 565 1245 630 terminus
1268 567 1327 634 illl.
1436 627 1442 634 ,.

542 663 608 728 Sed
630 686 732 751 prope
756 664 832 730 dum
856 667 1014 748 venimus,
1039 689 1113 752 quo,
1137 670 1226 754 quali
1248 671 1361 736 nescio
1378 677 1465 738 certe

541 767 674 847 Ordine,
697 789 757 833 nos
780 769 900 835 fuimus
924 777 1049 836 stantes
1073 773 1107 836 in
1130 773 1270 838 culmine
1293 775 1394 838 muri,

540 870 628 936 Eece
650 871 694 935 ibi
713 893 845 957 campus
863 880 934 936 erat
948 894 1088 958 magnus
1102 875 1341 960 pulcherrimus
1357 884 1465 963 atquc.

470 997 480 1032 a
543 973 643 1039 Cuius
667 981 775 1039 tantus
800 981 870 1040 crat
894 976 1068 1060 fragrantis
1092 977 1186 1042 nidor
1209 979 1327 1056 odoris,

542 1077 573 1141 A
596 1099 648 1142 me
672 1077 830 1142 foetorem
853 1100 930 1144 mox
953 1087 989 1144 ut
1013 1079 1194 1166 depelleret
1217 1095 1364 1158 omnem;

539 1180 584 1245 Et
606 1183 663 1246 lux
685 1188 777 1246 tanta
793 1203 921 1247 sacrum
942 1183 1130 1270 perfuderat
1146 1184 1288 1271 undique
1305 1207 1464 1273 campum,

540 1284 698 1350 Vincerat
720 1292 757 1349 ut
778 1287 886 1350 lucem
908 1287 988 1350 solis
1013 1287 1108 1351 simul
1131 1294 1228 1373 atque
1252 1288 1327 1354 diei.

540 1386 579 1449 In
602 1386 654 1450 his
678 1407 755 1471 ergo
778 1387 858 1452 loois
881 1388 986 1452 laetas
1010 1389 1158 1454 habitare
1183 1391 1333 1456 videbam

543 1489 736 1554 Sanctorum
760 1497 893 1570 turmas,
918 1491 1077 1577 sedesque
1101 1501 1213 1558 tenere
1237 1495 1362 1560 beatas.

540 1592 633 1658 Haec
659 1614 720 1678 ego
744 1594 950 1679 conspiciens
974 1615 1101 1660 mecum
1123 1596 1320 1678 meditabar,
1343 1619 1385 1662 an
1408 1603 1519 1662 essent

539 1697 656 1782 Regna
679 1718 821 1782 superna
843 1699 909 1783 poli
932 1700 1057 1762 cunctis
1082 1700 1243 1783 promissa
1265 1701 1382 1766 beatis.

479 1811 486 1818 ’
540 1799 635 1864 Hace
658 1801 737 1864 mihi
761 1802 904 1865 volventi
928 1802 1097 1887 respondit
1120 1803 1234 1868 ductor
1256 1811 1290 1869 et
1312 1804 1397 1868 infit:

540 1902 635 1980 ‘Nom
661 1903 831 1990 sicutipse
847 1911 953 1989 putas,
973 1905 1070 1969 isthic
1087 1912 1162 1970 sunt
1178 1927 1279 1992 regna
1294 1909 1475 1994 polorum'.'

460 2030 470 2068 ι
540 2010 659 2094 Fulget
681 2011 715 2074 in
737 2017 813 2077 ante
836 2032 941 2075 novae
964 2012 1067 2075 maior
1090 2012 1168 2075 mihi
1191 2012 1298 2096 gratia
1321 2014 1414 2082 lucis.

542 2113 633 2186 Quae
657 2114 759 2178 nimio
783 2120 915 2200 superat
938 2115 1044 2179 lucem
1068 2116 1195 2200 fulgore
1219 2116 1371 2202 priorem,

541 2217 625 2284 Nam
649 2225 725 2282 tunc
748 2218 805 2282 illa
827 2219 915 2304 prior
938 2239 1015 2282 vere
1039 2219 1232 2283 tenuissima
1254 2220 1325 2284 visa
1348 2227 1408 2284 est.

540 2321 616 2384 Vox
632 2342 759 2406 quoque
775 2328 962 2385 cantantum
980 2327 1112 2384 resonat
1128 2320 1317 2385 dulcissima
1330 2321 1464 2404 ibidem,

540 2424 583 2488 Et
606 2445 679 2488 oum
706 2425 780 2488 luco
803 2425 865 2487 fuit
887 2424 961 2487 miri
983 2424 1157 2508 flagrantia
1179 2423 1299 2505 odoris,

463 2551 469 2564 ι
543 2527 589 2592 Ut
605 2527 685 2592 mihi
701 2535 834 2614 propter
849 2548 921 2592 eam
940 2529 1133 2614 parvissima
1149 2528 1255 2614 prima
1269 2535 1383 2614 putata
1402 2534 1463 2592 est.

543 2631 615 2704 Quo
638 2653 697 2695 nos
721 2630 798 2695 dum
822 2633 929 2696 laetus
953 2651 1120 2718 sperarem
1143 2632 1274 2712 intrare,
1297 2637 1433 2717 repente

542 2734 696 2799 Substitit
718 2736 790 2820 ipse
813 2755 906 2799 meus
923 2734 1038 2799 ductor
1053 2753 1270 2820 gressumque
1286 2740 1463 2819 retorquet,

539 2837 659 2922 Meque
675 2838 738 2916 via,
761 2858 821 2923 per
841 2858 936 2922 quam
960 2858 1020 2901 nos
1042 2838 1202 2916 venimus,
1226 2834 1301 2902 inde
1323 2835 1464 2917 reduxit,

539 2940 768 3026 Intrantesque
792 2941 910 3006 iterum
935 2941 1135 3026 campiloco
1158 2939 1294 3025 pulchra
1316 2940 1444 3024 prioris,

543 3043 663 3107 Omnia
684 3065 768 3129 quac
791 3043 867 3124 vidi,
891 3044 919 3108 si
942 3044 1060 3109 scirem
1084 3043 1178 3122 forte,
1202 3043 1347 3128 requirit.

541 3146 683 3210 ‘Nescio‘
708 3146 760 3210 oui
784 3144 862 3223 dixi,
888 3146 1064 3231 statimque
1088 3146 1169 3210 haec
1193 3144 1319 3209 addidit
1341 3145 1414 3211 ille:

541 3249 673 3314 ·vidisti
694 3250 814 3314 vallem
837 3249 979 3314 flammis
1003 3255 1036 3314 et
1059 3248 1179 3332 frigore
1202 3248 1347 3334 plenam,

542 3352 580 3416 In
609 3375 672 3438 qua
702 3374 787 3417 nunc
814 3353 944 3418 animae
973 3352 1087 3438 poenis
1118 3358 1298 3437 purgantur
1326 3350 1464 3432 acerbis,

540 3455 590 3520 Ao
614 3455 752 3522 redeunt
774 3457 892 3521 iterum
916 3460 1074 3541 purgatae
1098 3454 1139 3518 ad
1162 3454 1309 3540 praemia
1331 3455 1429 3520 vitae.

542 3559 588 3624 At
610 3581 687 3624 vero
710 3566 828 3646 puteus
852 3557 1000 3646 putidum
1024 3558 1079 3643 qui
1102 3562 1252 3622 eructuat
1273 3557 1394 3641 ignem,

542 3661 603 3726 Est
627 3682 663 3725 os
687 3661 815 3740 inferni,
839 3662 940 3726 ruerit
962 3682 1038 3726 nam
1063 3660 1209 3745 quisquis
1233 3660 1266 3723 in
1289 3659 1380 3723 illum

541 3765 640 3830 Forte
665 3766 779 3843 semel,
802 3786 967 3849 nunquam
990 3771 1065 3850 post
1087 3763 1169 3828 haec
1185 3762 1362 3827 salvabitur
1378 3760 1464 3828 inde.

541 3870 690 3953 Floriger
712 3869 774 3934 iste
797 3869 898 3949 locus,
922 3889 1021 3952 quem
1044 3865 1192 3954 possidet
1213 3866 1290 3930 alba
1304 3866 1465 3944 iuventus,

542 3973 603 4038 Est
625 3973 754 4058 requies
776 3973 810 4036 in
833 3993 897 4056 qua
919 3978 1069 4058 spectant
1091 3970 1248 4036 caelestia
1270 3990 1381 4055 regna,

464 4126 467 4136 .
543 4076 607 4150 Qui
628 4076 714 4141 bona
735 4081 919 4160 gesserunt,
944 4075 1091 4160 quamvis
1114 4096 1157 4138 ex
1180 4079 1273 4159 parte
1295 4073 1403 4137 minus
1427 4092 1523 4157 quam

541 4179 691 4244 Postulat
712 4180 800 4244 alma
821 4176 913 4243 fides.
957 4177 1041 4241 Nam
1065 4177 1119 4262 qui
1142 4176 1306 4262 perfectus
1328 4174 1449 4260 ubique
1472 4178 1532 4253 est,

542 4283 588 4347 Ut
610 4283 747 4348 moritur
770 4283 879 4346 statim
904 4281 987 4347 caeli
1009 4279 1194 4366 penetrabit
1217 4279 1251 4343 in
1274 4279 1393 4358 aulam,

544 4386 693 4452 Pertinet
715 4385 756 4450 ad
780 4385 871 4450 cuius
895 4384 1014 4449 vicinia
1036 4382 1181 4468 fulgidus
1203 4382 1260 4449 ille

543 4489 632 4556 Luce
655 4490 745 4554 loeus
768 4489 879 4569 nimia,
903 4489 977 4552 miri
1001 4508 1128 4577 quoque
1152 4486 1269 4572 plenus
1293 4485 1411 4566 odoris,

543 4592 595 4657 De
619 4613 682 4678 quo
706 4597 894 4657 cantantum
917 4591 1112 4656 suavissima
1134 4609 1198 4654 vox
1219 4588 1407 4654 resonabat.

545 4695 595 4759 Tu
618 4695 695 4780 quia
716 4715 802 4759 nunc
824 4695 944 4759 iterum
966 4692 1068 4758 debes
1091 4711 1260 4758 assumere
1284 4712 1412 4777 corpus,

544 4799 654 4883 Atque
676 4797 826 4864 homines
849 4798 934 4862 inter
957 4797 1115 4861 moritura
1137 4796 1248 4860 vivere
1272 4795 1348 4874 vita,

546 4902 693 4987 Corrige,
716 4924 856 4987 quaeso,
880 4908 954 4966 tuos
977 4921 1085 4965 mores
1110 4906 1143 4965 et
1165 4897 1266 4964 verba
1288 4897 1341 4961 vel
1363 4903 1467 4976 actus,

544 5005 591 5070 Ut
613 5013 669 5070 tua
691 5006 724 5069 in
747 5005 798 5069 hir
822 5011 937 5069 saneta
957 5008 1128 5090 reputetur
1150 5001 1275 5066 mansio
1299 4999 1433 5064 turmis'.

471 5161 473 5166 .
547 5109 639 5173 Haec
662 5109 720 5173 ubi
743 5107 884 5185 dicebat,
909 5104 1071 5191 quomodo
1096 5103 1154 5169 sed
1178 5104 1262 5168 scire
1284 5102 1426 5187 nequivi,

546 5210 701 5275 Indutum
722 5210 855 5297 proprio
880 5209 991 5274 statim
1014 5227 1068 5272 me
1091 5227 1227 5292 corpore
1251 5203 1338 5270 vidi'.

592 5314 663 5380 Nec
685 5334 767 5398 gens
789 5314 949 5378 clarorum
972 5309 1123 5395 genetrix
1144 5308 1226 5373 haec
1248 5314 1360 5372 nostra
1383 5307 1534 5384 virorum,

547 5416 637 5490 Quos
659 5417 773 5502 genuit
796 5415 857 5479 soli
881 5413 1014 5478 sibimet
1035 5417 1113 5476 tunc
1136 5411 1208 5497 ipsa
1230 5409 1375 5490 tenebat,

547 5520 639 5585 Intra
660 5521 744 5585 forte
771 5519 820 5584 sui
844 5515 1040 5583 concludens
1063 5515 1191 5578 viscera
1213 5515 1317 5598 regni,

443 5645 492 5682 1010
555 5623 620 5688 sed
643 5623 757 5708 procul
779 5643 821 5686 ex
843 5620 909 5685 illis
931 5620 1051 5683 multos
1075 5622 1164 5681 trans
1187 5606 1330 5700 aequora
1352 5614 1450 5694 misit,

552 5726 713 5792 Gentibus
737 5730 775 5788 ut
796 5723 930 5809 reliquis
953 5721 1157 5808 praeferrent
1180 5717 1305 5784 semina
1326 5717 1424 5783 vitae.
