4756 6412
1085 425 1293 480 THEODULFI
1310 426 1486 481 CARMINA.

825 599 906 663 Esto
929 599 1024 664 banis
1046 620 1163 683 agnus,
1186 601 1238 663 leo
1262 598 1408 664 fervidus
1433 609 1505 664 esto
1529 601 1698 685 malignis:

908 703 989 767 Pars
1013 711 1101 767 amet
1124 703 1187 766 ista
1210 709 1348 788 patrem,
1372 711 1408 768 ut
1430 705 1487 768 illa
1511 710 1668 790 pavescat
1689 704 1816 768 herum.

826 807 974 890 Cumque
996 806 1060 892 piis
1083 807 1185 870 fueris
1208 807 1293 891 pius,
1317 814 1351 871 et
1374 807 1542 871 districtus
1564 807 1707 872 acerbis:

908 909 956 974 Te
979 931 1055 995 pars
1078 909 1159 974 haee
1182 917 1330 990 matrem,
1354 911 1475 975 sentiat
1497 911 1554 974 illa
1576 918 1714 997 patrem.

756 1059 760 1071 .
829 1013 879 1077 Sit
901 1013 960 1077 tibi
984 1012 1075 1098 larga
1101 1014 1245 1092 manus²,
1267 1014 1431 1100 placidum
1455 1035 1522 1095 eor,
1544 1015 1652 1079 dulcia
1674 1013 1785 1094 verba,

911 1117 964 1181 Sis
988 1117 1110 1203 probus
1134 1126 1168 1182 et
1191 1119 1318 1199 sollers,
1341 1127 1510 1205 promptus
1535 1117 1575 1183 ad
1591 1140 1687 1182 omne
1705 1118 1855 1185 bonum&

828 1218 893 1284 Sed
915 1220 992 1305 quid
1015 1241 1089 1305 ago,
1111 1222 1164 1284 vel
1189 1242 1252 1307 quo
1276 1241 1328 1285 me
1351 1243 1438 1286 nune
1463 1243 1537 1287 mea
1559 1223 1669 1287 fistula
1690 1220 1803 1286 ducit?

908 1325 1046 1389 Doctori
1069 1326 1186 1390 similis
1210 1347 1282 1390 sum
1305 1326 1403 1391 modo
1426 1327 1533 1392 faetus
1556 1349 1630 1413 ego.

826 1429 874 1494 Te
898 1450 1024 1516 precor,
1047 1429 1174 1493 interea
1195 1437 1328 1494 nostrae
1351 1440 1570 1495 memoresto
1594 1431 1739 1510 ruinae³,

913 1532 1016 1596 Oratu
1040 1540 1073 1596 et
1095 1532 1250 1618 precibus
1273 1533 1340 1597 fors
1363 1535 1450 1598 mala
1472 1543 1584 1599 nostra
1606 1535 1708 1600 leves.

827 1637 964 1716 Forsan,
988 1643 1020 1700 te
1044 1642 1170 1714 orante,
1193 1637 1396 1722 fratrumque
1421 1639 1552 1704 iuvante
1575 1645 1718 1718 caterva,

912 1740 1130 1827 Omnipotens
1153 1742 1283 1806 veniam
1306 1741 1362 1806 det
1385 1741 1571 1807 miserando
1593 1742 1684 1822 mihi,

827 1844 871 1909 Et
894 1867 954 1908 nas
978 1845 1080 1909 exilia
1104 1846 1229 1910 relevet
1250 1845 1425 1909 miseratus
1449 1846 1490 1910 ab
1514 1846 1588 1920 isto,

910 1948 1035 2034 Ioseph
1058 1949 1113 2033 qui
1137 1948 1261 2012 exemit
1284 1968 1416 2012 carcere
1441 1949 1511 2013 sive
1535 1947 1678 2013 Petrum.

760 2074 767 2090 r
829 2051 918 2137 lpse,
941 2050 1004 2116 deo
1027 2051 1143 2132 fatear,
1166 2052 1357 2137 peccamina
1378 2051 1482 2115 multa
1504 2051 1629 2137 peregi,

912 2153 1004 2227 Quae
1029 2165 1185 2241 superant
1207 2176 1343 2220 numero
1365 2163 1478 2236 temet,
1501 2176 1602 2220 arena
1623 2154 1762 2228 maris⁴;

722 2307 726 2314 ·
827 2263 871 2327 Et
893 2263 1024 2349 pluviae
1048 2269 1168 2347 guttas,
1192 2263 1291 2327 meris
1313 2261 1427 2344 undas,
1450 2262 1559 2327 sidem
1581 2262 1675 2342 caeli,

784 2451 786 2454 Ι
913 2366 1075 2430 Erbarum
1098 2367 1244 2442 frutices,
1269 2368 1417 2451 germina
1440 2374 1557 2431 cuncta
1580 2366 1651 2430 soli.

832 2471 927 2536 Haec
951 2477 1036 2550 sunt,
1060 2491 1233 2534 aemmnas
1258 2492 1320 2554 ego
1344 2492 1415 2534 sum
1439 2492 1496 2535 eur
1517 2471 1638 2535 missus
1660 2469 1702 2534 ad
1725 2470 1815 2548 istas,

915 2575 999 2640 Esse
1022 2596 1084 2639 nec
1107 2581 1143 2638 ut
1165 2573 1299 2655 debent,
1322 2583 1397 2639 sunt
1419 2575 1506 2639 mala
1527 2581 1619 2639 tanta
1641 2572 1730 2640 mihi.

829 2680 903 2744 Non
926 2680 998 2764 regi
1021 2685 1078 2743 aut
1100 2679 1195 2765 preli,
1219 2701 1284 2742 non
1308 2680 1390 2758 eius,
1413 2679 1520 2758 crede,
1544 2679 1668 2763 iugali⁵

912 2783 1063 2862 Peccavi,
1086 2789 1123 2845 ut
1146 2782 1272 2845 meritis
1296 2781 1378 2846 haec
1401 2783 1488 2846 mala
1511 2787 1602 2845 tante
1624 2779 1754 2845 veham.

832 2886 939 2951 Crede
966 2886 1049 2951 meis
1073 2884 1193 2966 verbm,
1216 2885 1319 2949 irater
1342 2885 1559 2964 sanctissime,
1583 2883 1696 2948 crede:

913 2989 968 3054 Me
992 2989 1115 3054 obiecti
1138 2987 1389 3074 haudquaquam
1413 2989 1558 3054 criminis
1582 3009 1657 3052 esse
1679 3008 1783 3052 reum.

830 3093 992 3158 Perderet
1014 3102 1051 3158 ut
1074 3099 1251 3178 sceptmm,
1275 3093 1386 3172 vitam,
1410 3092 1642 3179 propriumque
1665 3091 1859 3175 nepotem⁸z

914 3198 1009 3262 Haec
1033 3199 1097 3262 tria
1120 3219 1191 3261 snm
1214 3218 1391 3282 numquam
1414 3197 1607 3260 consiliatus
1631 3216 1705 3280 ego.

831 3300 994 3366 Addimus
1018 3309 1050 3365 et
1074 3308 1241 3387 quartum:
1264 3300 1345 3364 mihi
1369 3300 1519 3364 nonfuit
1543 3300 1600 3363 illa
1621 3300 1784 3378 voluntas,

916 3405 1103 3489 Utcumque
1128 3413 1164 3468 ut
1186 3425 1296 3469 rerum
1320 3404 1403 3468 haec
1426 3405 1512 3468 mala
1535 3411 1627 3468 tanta
1648 3404 1766 3468 iurent.

833 3509 906 3575 Hoc
930 3530 992 3594 ego
1016 3510 1164 3588 clamavi,
1189 3511 1304 3588 clamo,
1328 3508 1477 3573 clamabo
1497 3529 1557 3594 per
1579 3529 1707 3588 aevum,

922 3613 1016 3677 Haec
1040 3612 1144 3677 donec
1168 3613 1297 3677 animae
1321 3612 1469 3677 membra
1491 3613 1599 3698 liquor
1620 3618 1764 3696 vegetat.

833 3717 897 3791 Qui
919 3716 1016 3781 modo
1039 3739 1105 3782 nau
1129 3717 1242 3796 credit,
1266 3723 1403 3801 cogetur
1425 3715 1559 3781 credere
1581 3715 1726 3797 tandem,

917 3821 1062 3885 Ventum
1086 3821 1148 3885 erit
1170 3827 1207 3884 ut
1229 3821 1341 3906 magni
1363 3819 1481 3884 iudicis
1504 3827 1580 3884 ante
1603 3818 1765 3883 thronum.
1814 3883 1815 3888 ,

832 3923 896 3997 Qui
919 3923 998 3988 mihi
1021 3925 1117 3989 testis
1141 3925 1204 3988 erit
1227 3926 1301 4011 pius
1326 3932 1359 3990 et
1381 3925 1581 3988 iustissimus
1604 3924 1701 4004 ultor,

916 4028 1036 4093 Omnia
1060 4030 1113 4093 cui
1138 4050 1270 4115 semper
1291 4029 1379 4094 nuda
1402 4038 1435 4094 et
1458 4037 1572 4116 aperta
1594 4030 1757 4093 manent⁷.

754 4154 778 4190 ss
839 4133 902 4206 Qui
925 4154 991 4197 non
1014 4141 1164 4219 acceptat
1186 4122 1356 4219 personas,
1380 4155 1516 4198 munera
1538 4133 1634 4212 sive⁸,

918 4234 1037 4320 Diligit
1060 4232 1201 4320 aequum
1226 4258 1361 4320 aequus,
1384 4236 1492 4321 diligit
1513 4257 1608 4299 omne
1631 4235 1765 4300 bonum.

834 4336 915 4400 Eius
938 4337 972 4400 in
995 4345 1133 4422 aspectu
1155 4337 1333 4402 falsissime
1355 4344 1474 4402 cuneta
1495 4336 1660 4422 peribunt,

917 4440 982 4504 Hic
1006 4463 1099 4506 maus
1122 4443 1260 4506 alterius
1284 4463 1349 4506 non
1373 4463 1435 4528 ope
1459 4441 1554 4505 testis
1577 4447 1663 4525 eget

836 4542 890 4607 Me
914 4550 979 4624 tua,
1003 4566 1089 4624 care,
1112 4544 1204 4610 fovet
1226 4545 1331 4610 dulcis
1355 4545 1540 4631 conpassio,
1562 4543 1673 4622 irater,

752 4669 779 4704 sc
924 4646 1159 4732 Tristitiaeque
1183 4671 1277 4713 meae
1300 4670 1376 4735 pars
1399 4648 1459 4712 tibi
1483 4669 1602 4732 magna
1624 4653 1745 4710 manet.

572 4837 607 4889 53
624 4840 724 4890 anesus
742 4839 796 4889 ru
899 4838 933 4888 66
951 4840 1030 4890 asem
1047 4839 1072 4889 r
1163 4839 1196 4891 m
1215 4859 1255 4891 ma
1273 4859 1321 4891 aa.
1339 4842 1395 4892 re
1487 4841 1521 4892 sa
1539 4843 1639 4892 noeros
1659 4840 1683 4889 r
1774 4835 1809 4889 66
1825 4827 1915 4889 sose
2000 4836 2035 4888 66
2052 4844 2122 4888 aner

469 4942 547 4987 arene
571 4924 594 4975 G
679 4923 712 4975 67
730 4926 821 4991 sydera
836 4927 859 4974 (ι’
945 4923 980 4974 68
998 4927 1144 4976 Herbarum
1158 4927 1315 4977 successe
1372 4975 1374 4979 ,
1402 4925 1436 4977 69
1455 4928 1568 4990 crumnis
1583 4926 1642 4977 GT
1688 4927 1787 4976 inistis
1808 4925 1865 4976 GT
1939 4923 2123 4976 'llcrndcrcG

471 5009 504 5061 73
521 5011 603 5062 Crede
620 5028 661 5061 me
682 5011 705 5060 G
810 5007 843 5060 74
861 5013 904 5061 Me
922 5029 970 5062 orn.
986 5013 1009 5060 C
1067 5013 1291 5077 iraudquanrqumn
1306 5015 1329 5062 G
1426 5011 1459 5062 75
1478 5023 1507 5064 ut
1524 5014 1680 5080 coeptum&
1751 5013 1931 5078 propriumque
1948 5019 2085 5078 patronum
2100 5011 2124 5060 G

471 5093 504 5147 76
521 5114 662 5162 numquam
683 5113 740 5146 sum
760 5083 798 5146 C·
898 5093 933 5146 80
955 5101 1053 5164 uegitet
1072 5097 1097 5147 T
1207 5097 1241 5149 83
1268 5101 1387 5150 iustirnus
1402 5103 1425 5150 C
1540 5097 1575 5150 86
1593 5115 1688 5164 equum
1713 5115 1809 5164 equum
1824 5101 1847 5148 G
1959 5095 2124 5163 88·th

470 5179 505 5233 90
522 5183 713 5247 tristitieqqu
783 5184 910 5249 pertinit·

575 5317 601 5385 1)
626 5316 669 5384 Cf.
687 5333 774 5386 aupre
788 5335 818 5386 p.
828 5317 878 5370 541
899 5334 923 5371 r.
945 5320 988 5378 ra;
1011 5336 1042 5386 p.
1061 5319 1113 5372 330
1130 5337 1156 5372 a.
1178 5319 1286 5380 Cirta.
1356 5322 1383 5389 2)
1404 5321 1561 5375 Erarrmm'ci
1582 5338 1623 5390 ep.
1641 5335 1665 5374 a.
1684 5321 1753 5373 5-6
1771 5319 1820 5372 Est
1843 5317 1894 5371 tibi
1918 5318 1998 5386 larga
2016 5333 2125 5380 manus,

471 5421 621 5489 placidum,
640 5437 694 5482 cer,
712 5419 806 5473 dulcia
819 5419 914 5474 verba:
931 5419 986 5488 1116
1004 5421 1106 5489 probus
1123 5426 1152 5475 ct
1169 5424 1272 5486 sollers,
1291 5429 1437 5494 promptus
1453 5424 1489 5478 ad
1502 5423 1707 5478 omnebonum.
1777 5421 1805 5489 3)
1824 5420 1948 5477 16621
1968 5420 2008 5473 Te
2027 5437 2125 5489 precer

471 5523 579 5577 interea
602 5527 726 5576 nostram
750 5523 821 5577 bene
843 5520 952 5590 suscipe
975 5521 1090 5576 Musam.
1177 5527 1205 5590 4)
1225 5527 1268 5594 Cf.
1293 5543 1381 5597 supra
1394 5545 1424 5598 p.
1439 5528 1489 5581 537
1511 5542 1536 5592 a.
1554 5527 1585 5588 43
1612 5524 1699 5578 Ereti.
1725 5524 1748 5588 1,
1761 5525 1785 5576 ⁶2.
1868 5525 1896 5590 5)
1919 5521 2125 5590 Inaiayardae.

471 5626 498 5690 6)
518 5625 712 5678 amisardum
725 5643 821 5694 6696666.
881 5625 907 5690 ’1)
926 5625 1012 5679 Hebr.
1022 5628 1047 5686 4,
1068 5627 1213 5681 momnis
1223 5635 1317 5684 autem
1327 5631 1403 5685 nuda
1413 5632 1442 5684 et
1451 5633 1549 5702 apertu
1559 5631 1625 5682 sunt
1634 5625 1721 5682 oculis
1731 5625 1797 5679 eius.
1867 5627 1894 5696 8)
1913 5625 2124 5690 1166661616

473 5730 521 5797 qui
548 5743 695 5799 personum
712 5748 768 5786 non
787 5731 899 5800 acepit,
918 5747 969 5782 uec
988 5747 1110 5787 munem.
