4554 6434
1059 370 1208 426 ALCUINI
1227 369 1402 426 CARMINA‚

777 545 828 609 Tu
855 550 950 632 pater
980 567 1015 608 es
1043 544 1185 630 patriae,
1212 543 1374 631 praeclari
1406 548 1439 606 et
1468 549 1581 629 pastor
1609 542 1713 623 ovilis,

861 648 909 712 Te
940 649 1055 711 timeat
1082 668 1220 734 pravus,
1252 652 1285 712 te
1315 646 1389 733 pius
1419 647 1523 710 omnis
1553 653 1651 712 amet.

778 751 847 815 Nec
875 750 935 814 tibi
965 750 1125 836 subripiat
1155 749 1368 836 quorumdam
1398 772 1499 836 prava
1529 750 1690 830 voluntas,

695 873 721 912 aa
867 853 930 928 Qui
960 874 1019 918 sua
1047 853 1132 917 forte
1161 853 1288 933 volunt,
1319 875 1380 918 nee
1407 860 1479 935 tua,
1512 876 1573 919 nec
1602 853 1733 919 domini.

776 957 881 1022 Roma
909 963 1007 1044 eaput
1037 957 1166 1036 mundi,
1197 958 1293 1042 primi
1322 979 1450 1043 queque
1481 960 1610 1024 eulmen
1640 959 1784 1038 honoris,

860 1060 901 1124 In
928 1082 993 1146 qua
1022 1081 1175 1146 gazarum
1204 1082 1341 1126 munera
1368 1067 1481 1126 sancta
1509 1063 1624 1142 latent,

778 1161 871 1236 Quae
895 1164 991 1230 modo
1014 1164 1162 1251 disrupto
1185 1166 1312 1251 plangit
1336 1187 1395 1231 sua
1416 1167 1545 1231 viscera
1566 1167 1668 1246 foetu,

860 1267 925 1332 Per
953 1274 985 1332 te
1014 1273 1169 1332 sanentur
1198 1269 1309 1332 saucia
1337 1268 1484 1334 membra
1515 1270 1589 1350 cite,

695 1393 722 1432 aa
780 1369 827 1434 Ut
859 1377 954 1458 pater
981 1377 1013 1435 et
1041 1372 1182 1458 populus
1214 1371 1368 1436 concordi
1396 1392 1477 1457 paee
1507 1377 1672 1456 regantur,

862 1473 908 1538 Ut
934 1495 1027 1538 mens
1055 1495 1121 1539 una
1152 1475 1225 1554 fiat,
1255 1495 1337 1559 quos
1363 1475 1464 1539 habet
1492 1495 1558 1538 una
1589 1474 1710 1546 fides¹;

779 1576 868 1650 Ques
896 1577 1012 1661 genuit
1042 1576 1189 1652 Christo,
1222 1575 1344 1640 Christi
1371 1576 1540 1641 consessus
1571 1598 1726 1657 amorem,

865 1678 1019 1763 Clariger
1045 1679 1213 1744 aetherius
1242 1679 1360 1744 Petrus
1389 1681 1423 1744 ln
1450 1679 1529 1745 erbe
1562 1680 1646 1766 pius,

779 1782 829 1848 Ne
860 1781 990 1847 turbata
1018 1783 1098 1846 fluat
1129 1804 1189 1868 per
1217 1781 1371 1846 mundum
1404 1783 1545 1848 fluminis
1568 1783 1665 1862 unda,

697 1907 722 1946 so
871 1884 967 1950 Unde
999 1885 1126 1950 solebat
1154 1906 1239 1970 aqua
1267 1907 1350 1971 pura
1379 1905 1511 1950 manare
1540 1887 1642 1972 prius.

779 1989 924 2053 Plurima
953 2010 1071 2074 nempe
1101 1988 1160 2052 tibi
1191 1995 1266 2053 sunt
1295 1988 1499 2052 emendanda
1527 2010 1586 2074 per
1616 1989 1738 2068 orbem,

817 2101 825 2116 ‘
864 2091 892 2156 Ο
922 2113 995 2172 rex,
1026 2114 1044 2156 o
1076 2098 1198 2166 rector,
1228 2112 1246 2155 ο
1273 2091 1374 2156 decus
1403 2092 1579 2156 ecclesiae!

781 2195 969 2260 Simoniaca
996 2195 1126 2280 quidem
1158 2195 1285 2282 pululat
1313 2196 1398 2259 male
1428 2195 1532 2281 pestis
1560 2195 1594 2258 in
1622 2194 1717 2272 orbe,

864 2299 1057 2364 Muneribus
1081 2298 1199 2362 dantur
1221 2299 1360 2384 mystica
1387 2298 1472 2362 dona
1501 2298 1553 2363 dei
1565 2297 1587 2380 2,

699 2423 724 2462 a
781 2399 873 2473 Quae
903 2401 983 2466 deus
1013 2408 1166 2466 aeternus
1198 2402 1323 2465 cunctis
1356 2400 1545 2488 impendere
1576 2400 1678 2485 gratis

862 2504 1025 2582 Iusserat,
1055 2510 1092 2568 ut
1120 2504 1223 2588 gratis
1256 2504 1375 2590 occipit
1398 2505 1469 2589 ipse
1493 2502 1586 2567 dator
1600 2503 1622 2566 ³.

781 2607 854 2672 Stat
886 2628 1015 2693 quoque
1043 2607 1198 2672 iudicium
1223 2627 1341 2671 causae
1372 2607 1432 2670 sub
1464 2627 1599 2670 munere
1622 2605 1738 2680 dantis,

865 2709 1019 2796 Sportula
1047 2711 1205 2774 iustitiam
1235 2710 1333 2774 vertit
1364 2709 1396 2772 in
1425 2730 1481 2774 ore
1513 2708 1643 2782 senis⁴;

780 2813 1039 2897 Muneribusque
1070 2813 1154 2877 datis
1184 2813 1320 2878 veniunt
1346 2812 1386 2877 od
1415 2813 1533 2898 poeula
1563 2818 1676 2892 testes,

700 2939 725 2978 so
871 2918 978 3005 Impia
1006 2921 1070 2983 iam
1098 2925 1216 3006 purgat
1240 2920 1449 3004 ebrietasque
1479 2940 1581 2984 reum.
1732 3003 1735 3008 Ι

782 3021 945 3107 Opprimit
975 3028 1008 3086 et
1036 3023 1174 3086 miseros
1204 3021 1415 3106 quorumdam
1446 3043 1545 3086 saeva
1573 3027 1731 3108 potestas,

863 3123 1004 3210 Impleat
1032 3131 1068 3188 ut
1097 3146 1209 3188 saccos
1239 3124 1331 3189 dives
1358 3124 1399 3190 ab
1430 3145 1486 3189 ore
1517 3146 1604 3188 suos.

781 3227 919 3315 Impune
950 3228 1137 3293 discurrunt
1167 3228 1326 3292 facientes
1356 3229 1442 3292 furta
1469 3229 1624 3309 latrones,

866 3331 999 3395 Ultores
1031 3332 1191 3396 scelerum
1221 3338 1296 3395 sunt
1326 3332 1424 3396 etiam
1454 3332 1544 3396 socii.

700 3457 725 3493 ss
784 3433 878 3498 Talia
906 3440 1095 3518 compescat
1121 3440 1192 3512 tua,
1222 3455 1299 3514 rex,
1323 3433 1510 3498 veneranda
1538 3440 1701 3520 potestas,

865 3536 1039 3601 Rectorem
1068 3537 1161 3621 regni
1189 3544 1221 3602 te
1253 3537 1334 3603 deus
1362 3539 1512 3604 instituit.

782 3638 873 3705 Grex
903 3645 954 3703 est
982 3639 1102 3726 quippe
1131 3648 1207 3706 tuus
1237 3643 1392 3728 populus,
1421 3648 1456 3707 tu
1483 3649 1596 3728 pastor
1623 3641 1717 3706 ovilis

863 3741 992 3806 Nobilis
1024 3744 1167 3829 egregii,
1198 3765 1336 3829 magnus
1369 3745 1402 3809 in
1433 3746 1512 3810 erbe
1542 3751 1644 3830 pater.

780 3845 827 3909 Ut
854 3852 910 3909 tua
941 3847 1116 3924 nobilitas,
1146 3848 1192 3911 sic
1225 3854 1258 3912 et
1288 3848 1450 3933 sapientia
1478 3848 1603 3912 cunctis

700 3969 725 4008 se
872 3949 1073 4028 Praeeellat,
1105 3951 1224 4032 virtus,
1253 3952 1340 4030 laus,
1372 3952 1476 4016 honor
1505 3957 1603 4035 atque
1626 3950 1737 4016 decus.

782 4049 835 4115 Ad
867 4057 899 4115 te
929 4052 1109 4138 respiciunt
1140 4053 1333 4118 famulorum
1362 4060 1438 4118 vota
1465 4061 1611 4132 tuorum,

868 4151 955 4225 Quid
983 4160 1054 4234 tua,
1087 4161 1337 4240 exspectantes,
1366 4177 1459 4221 mens
1490 4157 1545 4242 pia
1570 4156 1760 4242 praecipiat.

779 4256 858 4344 Ipsa
887 4265 986 4344 caput
1014 4259 1126 4323 mundi
1154 4265 1282 4347 spectat
1312 4266 1345 4325 te
1375 4260 1481 4325 Roma
1514 4266 1697 4346 patronum,

867 4359 950 4426 Cum
977 4370 1071 4450 patra
1101 4370 1134 4428 et
1161 4364 1282 4449 populo
1312 4364 1404 4450 pacis
1434 4384 1544 4428 amore
1573 4364 1639 4451 pio.

520 4653 555 4707 34
572 4665 644 4708 sanet
664 4657 693 4719 Q,
711 4663 834 4708 sanentur
851 4656 880 4706 F
980 4654 1014 4708 60
1031 4658 1170 4708 l'raeeellet.
1191 4658 1220 4722 Q,
1238 4659 1378 4709 Praecallot
1396 4657 1425 4707 F

529 4825 554 4892 1)
575 4825 618 4893 Cf,
638 4824 715 4894 aptat.
735 4823 784 4876 119
804 4825 843 4892 (p.
862 4824 923 4890 487)
942 4825 1031 4878 Roma
1055 4843 1133 4892 vero,
1155 4845 1227 4896 quae
1245 4828 1367 4880 fraterna
1390 4826 1527 4880 discordia
1545 4825 1669 4880 iniciata
1681 4830 1734 4889 est,
1757 4824 1872 4879 insitum
1890 4823 2078 4881 dissensionis

416 4943 555 4981 venenum
568 4901 627 4982 bue
644 4943 732 4995 usque
751 4929 846 4980 tenere
864 4945 920 4980 non
938 4931 1033 4982 cessat.
1105 4932 1132 4996 2)
1153 4931 1196 4999 Cf.
1215 4931 1328 4984 Alcar'm'
1346 4931 1424 4999 epist.
1443 4930 1481 4985 ed
1498 4931 1634 4984 Araencm
1652 4929 1886 4999 archiepiscopum
1904 4928 2002 4982 datum
2022 4931 2078 4985 192

414 5033 453 5101 (p.
466 5032 540 5098 675):
564 5033 599 5086 ut
617 5032 668 5086 hoc
686 5031 836 5101 praecipue
854 5030 1004 5094 intendite,
1025 5035 1057 5086 ut
1075 5033 1227 5088 simoniaco
1245 5034 1347 5088 heresis
1366 5033 1492 5088 funditus
1511 5033 1701 5100 subvertatur,
1728 5049 1800 5100 quae
1818 5032 1890 5085 male
1909 5031 2078 5090 dominatur

416 5135 446 5188 in
464 5135 569 5198 multis,
588 5135 709 5189 radicem
728 5151 746 5188 a
762 5133 901 5188 iudicibus
920 5135 1022 5189 saeculi
1042 5153 1166 5198 sumens,
1189 5154 1279 5191 ramos
1298 5155 1384 5204 usque
1403 5137 1439 5190 ad
1458 5136 1657 5191 ecclesiasticas
1676 5135 1793 5190 tendens
1812 5151 1956 5205 personam
1977 5137 2079 5194 Caroli

415 5237 551 5292 mndata
568 5238 729 5306 Aapilbcrto
755 5238 822 5292 clete
849 5237 937 5305 (Mon.
958 5239 1046 5292 tarot.
1061 5256 1092 5308 p.
1109 5240 1186 5306 353):
1215 5241 1250 5293 Et
1276 5241 1311 5294 de
1337 5240 1489 5295 simoniaca
1512 5239 1699 5293 subvertenda
1726 5238 1832 5293 haeresi
1855 5238 2077 5308 diligentissime

416 5340 532 5394 suadeas
561 5339 605 5394 illi
634 5343 680 5406 (sc.
712 5341 802 5394 Leoas'
823 5343 941 5410 popae),
975 5359 1046 5410 quae
1077 5345 1203 5396 sanetum
1237 5343 1369 5398 ecelesiae
1405 5362 1503 5413 corpus
1537 5343 1633 5397 multis
1665 5343 1738 5396 male
1771 5343 1893 5398 maculat
1927 5343 1958 5396 in
1994 5345 2076 5402 loeis.

415 5442 442 5510 3)
462 5442 561 5496 Marta.
580 5443 621 5506 10,
639 5443 656 5496 8
673 5443 762 5513 gratis
780 5443 934 5512 accepistis,
952 5445 1131 5512 gratisdate,
1150 5445 1186 5513 cf.
1206 5462 1294 5516 supra
1309 5447 1400 5516 paro
1418 5463 1441 5499 a.
1457 5447 1488 5500 15
1506 5446 1613 5500 cunctis
1631 5445 1786 5514 impendr'te
1804 5444 1899 5516 gratis.
1984 5449 2013 5516 4)
2029 5451 2076 5519 Cf.

416 5545 530 5600 Alcur'm'
542 5547 686 5615 epistolam
706 5546 805 5601 Oaroto
826 5547 886 5616 repa*
902 5549 1008 5602 iuniori
1031 5549 1162 5618 scriptam
1180 5549 1232 5602 245
1250 5551 1338 5618 (Mon.
1356 5551 1466 5606 Alecto.
1485 5551 1546 5620 789)
1568 5552 1667 5626 Neque
1690 5550 1829 5613 subiectos
1851 5553 1916 5604 tuae
1934 5553 2078 5626 potestati

427 5649 521 5703 udices
540 5648 685 5718 permittas
704 5666 754 5720 per
771 5653 909 5724 sportulas
927 5653 972 5707 vel
989 5652 1114 5725 praemia
1131 5653 1263 5710 iudicare.
