4612 6414
1049 414 1268 470 AEDlLVULFI
1285 413 1444 470 CARMEN.

791 589 973 676 Impressas
996 589 1118 676 poterit
1140 587 1252 674 digitis
1275 587 1348 674 quis
1371 607 1505 652 cernere
1528 588 1659 662 formas,

794 693 988 758 Sanctorum
1011 691 1185 780 splendent
1207 691 1335 756 animae
1359 711 1432 755 cum
1455 690 1588 756 sedibus
1612 691 1699 755 altis.

708 819 734 855 ao
877 795 942 862 Hic
965 803 1075 862 tamen
1098 795 1179 860 haec
1202 795 1325 883 placuit
1348 813 1456 860 rerum
1480 799 1664 859 commenta
1688 814 1807 858 novare

790 899 937 964 Mirifieis
960 906 1036 965 sunt
1056 899 1144 964 lacto
1166 897 1272 964 modis
1294 917 1395 983 quae:
1418 897 1569 962 laudibus
1591 903 1685 963 ornet

791 1002 982 1083 Versificus,
1006 1003 1126 1089 poterit
1148 1002 1204 1087 qui
1225 1001 1324 1086 digne
1344 1002 1428 1066 haee
1450 1000 1560 1066 dicere
1582 999 1709 1067 doetus.

790 1106 922 1171 Aureus
944 1105 1001 1171 ille
1025 1105 1123 1184 calix,
1146 1106 1240 1191 tetigi
1263 1125 1361 1190 quem
1384 1105 1527 1170 carmine
1550 1103 1702 1178 dudum¹,

790 1210 840 1274 Ac
862 1210 928 1274 late
952 1215 1089 1294 argento
1112 1209 1224 1295 pulcre
1246 1207 1404 1274 fabricata
1426 1214 1557 1294 patena,

709 1333 733 1372 a
792 1311 941 1377 Galatam
963 1311 1080 1377 faciem
1103 1310 1302 1398 portendunt
1323 1317 1398 1398 apte
1420 1311 1553 1395 figuras.

790 1415 885 1480 Talia
905 1414 983 1480 dum
1007 1422 1140 1481 sanctae
1162 1416 1328 1480 cumulant
1349 1415 1532 1501 penetralia
1553 1435 1649 1479 casae

790 1518 938 1599 Munera,
962 1539 1046 1604 quae
1069 1525 1199 1584 nostrae
1224 1525 1355 1584 servant
1377 1517 1593 1584 medicamina
1615 1518 1712 1596 vitae,

792 1621 868 1686 Iure
892 1643 987 1686 sacer
1009 1622 1146 1686 fratrum
1169 1642 1292 1686 cuneus
1316 1643 1375 1707 per
1396 1621 1526 1686 moenia
1550 1621 1653 1686 cellae

793 1721 933 1804 Gaudet,
957 1729 991 1790 et
1012 1724 1157 1790 aeternis
1179 1723 1355 1789 donantem
1377 1723 1529 1789 laudibus
1553 1729 1657 1789 omat.

1097 1861 1137 1866 —
1144 1861 1161 1866 *-
1174 1859 1403 1866 --—.-.-—--..-.-.

425 1967 482 2012 xxr
521 1944 583 2010 Da
602 1945 811 2011 OANTIOIS
835 1945 1179 2012 SPIRITUALIBUS
1198 1946 1246 2011 IN
1272 1947 1607 2013 APOSTOLORUM
1632 1944 1865 2013 ORATORIO
1882 1941 2077 2010 AUDITIS.

792 2070 840 2135 Te
863 2090 1003 2155 quoque,
1026 2077 1140 2134 sancta
1161 2070 1289 2152 domus,
1318 2072 1422 2136 cecini
1445 2093 1543 2156 quam
1566 2072 1708 2137 carmine
1731 2062 1924 2157 quondam²,

793 2170 886 2245 Quae
910 2178 1037 2237 sacrata
1059 2172 1122 2238 deo
1147 2173 1253 2258 fulges
1276 2174 1337 2239 sub
1360 2177 1492 2240 nomine
1515 2176 1616 2254 Petri,

794 2275 889 2340 Nunc
912 2276 1031 2342 iterum
1053 2276 1154 2340 liceat
1176 2277 1289 2363 paucis
1312 2299 1494 2344 memorare
1518 2278 1650 2344 beatam

793 2378 965 2444 Versibus.
1010 2379 1105 2444 Hanc
1128 2379 1249 2444 dudum
1273 2381 1386 2466 nigrae
1410 2383 1471 2446 sub
1493 2389 1641 2470 tempore
1666 2383 1771 2448 noctis

726 2505 738 2542 s
796 2482 944 2547 Moribus
968 2505 1011 2548 ex
1034 2482 1138 2547 solitis
1160 2489 1235 2569 post
1257 2505 1372 2568 ymnos
1394 2485 1501 2551 visere
1524 2493 1652 2550 certant

797 2587 941 2669 Fratres,
965 2594 1071 2674 atque'
1087 2609 1165 2652 suae
1189 2588 1354 2674 complent
1377 2589 1549 2654 sollemnia
1571 2591 1699 2656 mentis.

796 2693 897 2758 Ocius
921 2693 997 2758 inde
1021 2714 1097 2759 suos
1122 2693 1255 2781 capiunt
1277 2692 1450 2760 adcurrere
1474 2695 1588 2762 lectos.

795 2798 860 2862 Ast
882 2818 945 2883 ego
967 2803 1043 2883 post
1065 2817 1178 2861 omnes
1202 2797 1364 2862 conclusis
1388 2798 1536 2883 postibus
1559 2800 1668 2864 aulam

795 2899 1003 2986 Deseruique
1025 2897 1125 2964 alium
1148 2900 1282 2965 fratrem
1305 2900 1478 2966 comitatus
1502 2902 1596 2982 adiri,

796 3001 861 3076 Qui
883 3008 952 3067 tum
976 3003 1060 3068 forte
1082 3003 1170 3068 foras
1194 3002 1372 3089 spectando
1396 3002 1504 3069 sidera
1526 3007 1639 3072 cernit.

796 3104 885 3170 Ecce
908 3110 1043 3192 repente
1066 3106 1157 3170 venit
1179 3105 1269 3170 miris
1293 3126 1366 3171 eum
1389 3107 1539 3172 cantibus
1563 3115 1681 3194 agmen

797 3210 997 3289 Inmensum,
1021 3208 1152 3274 domino
1175 3208 1347 3274 modulans
1371 3231 1454 3295 quae
1477 3212 1621 3276 camnine
1643 3221 1759 3294 ructat,

795 3312 1028 3398 Praemiroque
1051 3313 1158 3377 locum
1181 3312 1327 3377 cinerum
1350 3311 1414 3376 iam
1437 3313 1560 3378 lumine
1584 3317 1737 3403 complet.

796 3415 925 3479 Intrant
949 3413 1078 3480 siderea
1100 3413 1295 3480 candentem
1316 3416 1389 3481 luce
1413 3414 1587 3482 delubrum

800 3516 952 3605 Spiritus,
974 3539 1013 3582 ae
1036 3518 1158 3603 gemini
1181 3517 1327 3582 distincti
1350 3519 1510 3584 classibus
1533 3541 1672 3606 ymnos*

796 3620 895 3686 Tales
919 3620 1132 3685 concinnunt:
1157 3620 1320 3705 quatitans
1343 3620 1385 3685 ad
1408 3622 1550 3687 culmina
1572 3630 1686 3689 cantus

797 3723 957 3790 Ascendit
980 3723 1074 3804 caeli,
1097 3723 1242 3788 insonuit
1264 3723 1473 3809 laquearibus
1497 3727 1582 3794 altis.

796 3827 841 3893 Et
863 3828 891 3892 si
914 3849 980 3892 non
1003 3834 1166 3892 structura
1188 3834 1298 3891 tamen
1321 3829 1447 3893 meritis
1469 3829 1569 3894 micat
1591 3831 1695 3910 almis,

796 3931 850 3996 Ad
873 3932 978 4014 celsos
1002 3936 1141 4008 montes,
1165 3937 1322 4016 superant
1343 3931 1399 4016 qui
1422 3931 1531 3998 sidera
1553 3934 1645 4010 caeli,

798 4034 968 4099 Auxilium
991 4055 1126 4121 sperans
1150 4041 1263 4099 noster
1285 4055 1321 4099 se
1344 4036 1442 4101 vertit
1462 4035 1601 4111 boellus,

798 4138 968 4204 Auxilium
992 4137 1089 4204 oredo
1111 4159 1131 4203 a
1154 4137 1284 4203 domino
1307 4139 1362 4224 qui
1385 4138 1509 4205 lecerat
1531 4147 1644 4206 auctor

698 4261 699 4270 ¹
799 4241 927 4322 Omnia,
950 4262 1034 4326 quae
1058 4240 1153 4320 caeli,
1176 4260 1260 4325 quae
1284 4245 1390 4306 terrae
1414 4248 1448 4306 et
1469 4242 1604 4307 flumina
1626 4244 1772 4330 cingunt.

797 4345 892 4411 Haec
915 4366 988 4408 cum
1012 4342 1098 4408 dieta
1121 4343 1178 4408 diu
1199 4343 1340 4428 geminis
1364 4344 1397 4408 in
1420 4345 1580 4410 classibus
1604 4348 1698 4412 aulae

799 4448 949 4514 culmine
973 4448 1034 4513 sub
1057 4446 1160 4512 sancti
1183 4454 1362 4513 sonuerunt
1383 4448 1544 4534 postibus,
1567 4451 1639 4537 ipse

717 4575 743 4615 es
801 4554 908 4637 Atque
931 4551 1016 4617 alius
1039 4550 1140 4615 frater
1162 4549 1285 4635 pariter
1307 4571 1520 4636 properamus
1543 4559 1692 4641 uterque,

800 4659 945 4725 Auribus
967 4662 1065 4740 atque
1088 4654 1192 4718 oculis
1214 4652 1399 4718 mirandum
1421 4675 1558 4721 noscere
1581 4658 1698 4722 visum.

804 4761 1032 4845 Continuoque
1056 4756 1167 4843 polum
1191 4761 1304 4820 cantus
1329 4777 1402 4821 cum
1425 4758 1549 4824 lumina
1571 4760 1691 4846 pulsat.

799 4862 947 4930 Ulterius
971 4860 1066 4926 nobis
1089 4859 1182 4924 licuit
1205 4879 1267 4924 nec
1291 4860 1370 4924 tolia
1393 4861 1463 4926 visu

804 4967 958 5047 Cernere,
982 4964 1059 5049 quin
1081 4961 1201 5048 trepidi
1225 4963 1374 5048 cupimus
1396 4963 1530 5030 visitare
1554 4967 1708 5052 quietem.

1042 5123 1107 5128 „-
1302 5121 1438 5128 ...--—.-.—
1801 5131 1831 5135 —
1889 5131 1908 5135 -
1961 5129 1980 5133 ,-

537 5225 572 5280 48
589 5229 682 5296 digitus
694 5230 788 5296 potaris
804 5229 825 5278 0
910 5225 945 5276 49
963 5228 1102 5293 splendunt
1113 5225 1171 5275 LO
1255 5221 1289 5275 51
1308 5225 1389 5276 modis
1401 5243 1465 5290 quas
1479 5227 1501 5278 Ο
1584 5226 1618 5278 52
1636 5230 1764 5282 Patulcius
1779 5230 1801 5280 0
1886 5227 1920 5279 53
1938 5228 2050 5280 carmina
2065 5227 2087 5277 0

434 5314 469 5368 54
485 5322 591 5381 argente
607 5314 629 5365 0
713 5311 748 5365 55
766 5314 882 5365 Caelatus
898 5313 919 5363 0
930 5313 952 5362 0
1000 5311 1206 5379 praetenduntO
1289 5308 1323 5362 58
1334 5313 1405 5362 Aura
1418 5312 1440 5362 0
1537 5312 1548 5376 ll
1561 5310 1623 5378 [xxr]
1637 5315 1796 5381 apostolosL
1809 5317 1830 5367 0
1916 5313 1931 5366 1
1944 5313 2019 5364 cicini
2030 5313 2088 5363 LO

434 5418 500 5468 quac
519 5401 541 5451 O
657 5398 675 5450 4
701 5400 826 5452 Versibus
842 5400 866 5450 L
948 5407 1061 5465 tempora
1080 5397 1103 5448 O
1211 5395 1228 5446 e
1249 5404 1330 5464 utque
1346 5397 1370 5447 L
1386 5397 1407 5448 0
1520 5395 1536 5447 7
1554 5399 1662 5465 cupiunt
1682 5401 1705 5451 Ο
1813 5399 1830 5452 9
1850 5400 2018 5464 Disseruiqus
2036 5397 2091 5449 00

435 5486 469 5540 14
490 5488 588 5539 sidereo
597 5485 658 5536 Lo
724 5485 855 5536 dilubrum
869 5484 890 5535 0
993 5481 1027 5533 15
1048 5483 1173 5534 distinctis
1187 5483 1209 5532 0
1310 5479 1423 5533 18-24
1441 5482 1490 5548 lapi
1506 5499 1560 5534 aon
1577 5494 1687 5550 poemat
1704 5487 1732 5538 ia
1744 5487 1768 5537 L
1876 5483 1910 5537 18
1932 5493 2054 5536 abactam
2068 5481 2091 5534 Ο

433 5569 469 5624 20
486 5589 534 5624 coc.
550 5570 572 5622 0
670 5567 705 5620 27
723 5571 851 5623 Continuo
863 5569 888 5621 L
902 5570 925 5621 0
992 5569 1126 5620 umnec
1224 5565 1259 5619 28
1276 5569 1389 5620 Alterius
1404 5568 1425 5619 0
1493 5570 1550 5620 uisa
1561 5569 1584 5620 0
2039 5571 2042 5578 “

514 5753 515 5758 ,
540 5704 569 5772 1)
590 5703 631 5770 Os.
651 5721 741 5777 supro
759 5719 782 5758 c.
800 5705 877 5760 XIV
893 5721 919 5773 p.
938 5702 998 5757 595.
1067 5703 1094 5769 2)
1114 5704 1157 5771 Ct'.
1175 5718 1262 5772 supra
1279 5717 1300 5756 c.
1319 5703 1359 5755 ΙΙ
1374 5707 1400 5756 ct
1417 5701 1463 5756 IV
1475 5719 1506 5773 p.
1525 5703 1584 5768 584,
1602 5705 1661 5759 585.
