4574 6442
628 391 789 447 WiGBODl
808 391 853 446 ΕΤ
872 390 993 447 IACOBI
1011 390 1149 446 VERSUS
1167 389 1216 444 AD
1234 389 1417 446 CAROLUM.

564 565 758 652 Exposuere
782 566 849 629 suis
872 565 1028 650 mysteria
1051 564 1149 650 digna
1171 565 1329 629 libellis¹:

483 691 509 727 ⁴0
564 669 657 734 Ilaec
674 677 710 733 tu
733 676 851 733 cuncta
873 676 990 733 tenens
1013 669 1121 733 animo
1145 669 1270 732 sitienti
1293 668 1414 732 bibisti.

564 771 645 846 Nec,
669 773 697 835 si
722 771 798 856 quid
822 792 950 835 sacrum
974 772 1100 856 antiqui
1123 772 1273 835 cecinere
1296 770 1488 856 prophetae,

566 875 613 938 Te
636 874 726 954 latet,
749 876 901 959 agnoscis
922 875 1014 958 leges
1039 881 1072 938 et
1096 881 1257 937 commata
1280 894 1402 954 servas,

564 978 673 1062 Atque
697 979 805 1042 aliena
826 985 883 1041 tua
907 976 1114 1041 commendas
1139 977 1283 1040 carmina
1305 983 1412 1040 cantu.

566 1079 652 1153 Quid
675 1086 778 1144 totum
803 1081 978 1166 replicem?
1002 1087 1036 1143 tu
1061 1080 1212 1144 sensibus
1235 1086 1327 1143 utere
1351 1079 1466 1158 doctis,

497 1206 508 1240 a
569 1182 614 1245 Et
636 1204 719 1267 quae
743 1189 822 1270 qota
843 1183 913 1261 tibi,
938 1182 990 1246 vel
1014 1203 1097 1266 quae
1121 1189 1278 1268 percepta
1300 1182 1451 1267 legend0,

565 1284 617 1348 Ad
640 1287 769 1349 virtutis
791 1307 872 1371 opus
897 1285 1003 1348 studio
1027 1292 1182 1349 converte
1205 1286 1321 1370 regali.

564 1388 633 1451 At²
656 1389 684 1451 si
707 1388 748 1452 de
771 1388 868 1473 plebe
893 1389 1062 1472 quisquam
1085 1388 1187 1451 livore
1210 1393 1363 1474 perustus

565 1489 708 1553 Dixerit:
740 1491 820 1554 ‘Iste
843 1491 914 1574 quis
938 1495 988 1553 est
1010 1495 1159 1554 veterum
1181 1491 1237 1575 qui
1259 1491 1402 1554 carmina
1423 1497 1537 1570 mutat,

564 1593 782 1678 Inscribitque
806 1595 888 1658 levis
913 1594 1149 1678 epigrammata
1169 1615 1254 1658 vana
1276 1595 1431 1659 libellis'?

566 1689 712 1760 Noverit
724 1696 787 1760 hoc
811 1698 881 1782 ipse
905 1697 991 1781 quod
1015 1718 1174 1781 nusquam
1198 1699 1294 1784 culpa
1316 1703 1457 1784 putatur,

565 1800 647 1863 Cum
671 1822 734 1864 non
758 1802 843 1864 velle
866 1801 954 1864 valet
977 1809 1010 1863 ct
1032 1802 1135 1864 maior
1157 1801 1259 1864 iussio
1283 1803 1381 1885 cogit.

564 1904 714 1989 Denique
739 1905 829 1967 iussa
851 1903 936 1980 bona
959 1901 1034 1967 dum
1059 1905 1307 1989 promulgantur
1328 1904 1467 1988 agenda,

565 2008 629 2082 Qui
653 2008 805 2092 complet,
829 2006 969 2091 sapiens,
993 2007 1047 2089 qui
1071 2007 1140 2069 vult
1164 2014 1385 2086 contemnere,
1408 2006 1553 2070 demens.

564 2109 659 2183 Quod
683 2110 710 2172 si
732 2109 892 2193 Virgilius
915 2115 948 2172 et
971 2115 1082 2171 vatum
1106 2129 1250 2172 summus
1272 2108 1437 2173 Homerus

497 2237 508 2271 a
566 2213 746 2277 censuram
769 2232 920 2276 meruere
943 2232 1060 2274 novam
1083 2219 1157 2298 post
1179 2213 1266 2276 facta
1290 2213 1409 2289 subire,

564 2316 670 2390 Quam
694 2315 750 2378 dat
772 2315 993 2394 Aristarchus,
1019 2314 1137 2394 Tucca,
1160 2316 1357 2401 Variusque,
1379 2315 1581 2399 Probusque,

565 2418 632 2482 Cur
653 2416 859 2500 dedignetur,
883 2416 969 2501 quod
992 2417 1100 2481 iussus
1124 2419 1272 2505 principe
1296 2440 1415 2502 magno

564 2521 703 2585 Parvula
726 2520 860 2604 excerpi
882 2518 1029 2584 Mosaica
1052 2521 1196 2585 carmina
1220 2521 1301 2586 bibli

561 2623 749 2710 Wigbodus
772 2623 904 2687 humilis
927 2643 1087 2707 nugarum
1110 2625 1195 2688 mole
1219 2624 1327 2710 piavi?

488 2751 506 2784 o
564 2727 682 2791 Haec³
705 2725 774 2807 tibi,
795 2747 854 2789 rex
879 2747 1015 2806 summe,
1041 2727 1132 2790 iussu
1155 2728 1342 2813 compulsus
1366 2727 1462 2790 herili

564 2831 731 2901 Servulus,
755 2835 791 2892 ut
813 2829 916 2914 potui.
940 2829 1190 2894 devotamento
1215 2829 1320 2893 dicavi
1331 2831 1354 2893 ⁴.

820 3059 1230 3067 w———ss———-—

997 3292 1057 3355 IX.

735 3437 1045 3511 lNClPlUNT
1079 3438 1322 3511 VERSUS.

561 3589 748 3654 Herbarum
772 3588 912 3674 species,
936 3586 1089 3672 pulchros
1112 3608 1186 3650 cum
1210 3589 1355 3672 germine
1379 3589 1487 3668 flores,

561 3694 770 3778 Virgnltique
794 3712 904 3755 comas
927 3692 1016 3755 lente
1039 3689 1149 3754 radice
1173 3692 1331 3771 revulsas,

563 3796 597 3860 Si
620 3804 656 3860 tu
679 3795 844 3860 lentifluos
868 3791 963 3857 viridi
987 3792 1027 3856 de
1051 3793 1171 3857 cortice
1195 3815 1290 3858 sucos

561 3899 670 3984 Atque
694 3897 880 3962 salutiferas
903 3897 990 3960 vires
1014 3897 1066 3960 vel
1090 3897 1220 3961 nomina
1242 3919 1340 3962 nosse

494 4026 506 4061 a
562 4002 637 4066 Iure
661 4002 755 4080 velis,
779 4001 896 4064 animis
920 4001 1044 4084 satagis
1068 4021 1200 4064 servare
1225 4001 1388 4082 secundis,

561 4105 660 4170 Hunc
684 4105 825 4168 librum⁵
848 4104 960 4188 legito,
986 4103 1097 4168 subtili
1120 4111 1230 4169 mente
1253 4106 1404 4180 revolve:

564 4209 619 4274 Sic
643 4231 752 4274 rerum
774 4208 897 4294 poteris
921 4228 1042 4292 gnarus
1067 4228 1266 4292 cognoscere
1291 4228 1417 4273 causas.

561 4313 724 4398 Quicquid
746 4313 864 4376 humus
887 4312 1001 4395 gignit,
1025 4311 1076 4374 vel
1101 4311 1177 4395 quid
1199 4310 1264 4376 lert
1286 4333 1448 4377 marmora
1473 4314 1575 4398 ponti,

298 4606 331 4659 41
351 4610 449 4674 antiqui
467 4627 514 4659 ortt.
533 4607 571 4669 M,
588 4609 672 4672 strppl.
692 4607 807 4671 Boaquet
909 4603 944 4655 49
962 4605 1055 4656 Scribit
1072 4606 1117 4669 qui
1135 4606 1236 4656 levibus
1255 4605 1320 4672 Erip.
1425 4602 1460 4656 50
1477 4614 1592 4658 mutatur
1611 4606 1637 4670 C',
1657 4616 1764 4674 putatur
1784 4607 1852 4674 Eitq

197 4690 230 4741 51
249 4695 331 4756 Quam
350 4693 377 4742 Ε
477 4691 512 4743 55
529 4695 580 4744 sata
600 4693 622 4742 0
722 4690 756 4742 56
775 4692 919 4742 Aristarcus
937 4701 982 4742 tua
1000 4692 1185 4756 l'arrnsqueC
1286 4691 1320 4741 58
1337 4709 1399 4742 vers.
1418 4702 1530 4758 corrupt.
1636 4691 1670 4743 59
1689 4709 1813 4746 nucarum
1834 4695 1856 4744 0

269 4776 324 4842 [IX]
360 4795 391 4828 aa
409 4779 463 4830 aad.
488 4779 570 4829 iliric-
592 4774 699 4842 Cldf.
719 4775 761 4827 57⁴

306 4948 332 5012 1)
352 4947 395 5000 De
417 4945 545 5016 Wipbodi
563 4962 643 5015 opere
661 4947 783 4999 inaximo
801 4963 835 4999 err
851 4952 933 5014 parte
950 4945 1053 4999 inedito
1071 4946 1137 4998 lraec
1155 4945 1270 4998 adnatat
1288 4942 1447 5001 Martem'as
1467 4949 1506 5016 (p.
1524 4948 1601 5016 294):
1629 4966 1692 5002 cum
1709 4948 1780 5001 illud
1799 4965 1855 5002 non

197 5048 379 5118 indiligenter
405 5049 618 5111 examinassem,
645 5048 830 5102 animadverti
855 5049 1004 5102 maximam
1033 5066 1165 5118 geneseos
1188 5051 1295 5117 partem
1320 5049 1430 5102 nonnisi
1454 5068 1555 5119 purum
1579 5051 1742 5119 Hieronymi
1768 5054 1854 5120 atque

198 5152 294 5206 Isidori
314 5155 422 5205 textum
440 5153 496 5205 lere
514 5151 674 5220 exprimere,
694 5155 840 5219 sequentes
859 5168 923 5205 vero
942 5152 1026 5205 libros
1046 5171 1133 5206 unum
1152 5152 1281 5206 exhibere
1306 5152 1448 5206 Isidortun.
1545 5156 1572 5220 ⁶2)
1590 5172 1613 5208 v.
1631 5154 1735 5208 47-59
1750 5156 1854 5224 paucis

196 5256 308 5310 mutatis
326 5255 477 5324 Wipbodus
496 5272 529 5306 ea
548 5257 643 5310 eadem
662 5257 784 5325 Eapeaii
798 5257 978 5326 praefatione
996 5274 1020 5311 v.
1040 5258 1143 5310 13-25
1165 5260 1304 5312 matuatus
1328 5260 1374 5311 est.
1463 5258 1491 5323 3)
1510 5275 1532 5311 a.
1551 5257 1654 5311 tto-61
1679 5273 1714 5318 ear
1732 5258 1856 5327 Erymii

196 5358 371 5412 morrorticliis
395 5359 426 5410 in
443 5359 501 5425 fiae
523 5359 590 5412 libri
613 5360 764 5414 Dracontii
787 5359 958 5412 adliciendis.
1054 5361 1083 5420 tt
1103 5359 1235 5428 Sequitur
1262 5359 1339 5428 apud
1363 5358 1545 5413 Marterriam:
1574 5360 1658 5413 Ratio
1678 5359 1729 5413 VII
1748 5359 1856 5414 dierum

196 5460 349 5514 ordinatur.
394 5461 502 5514 Primus
530 5461 559 5515 in
581 5463 646 5516 orbe
670 5463 728 5516 dies
748 5494 780 5500 —
799 5462 965 5530 quaesitae
989 5461 1122 5515 tenninat
1144 5479 1255 5524 aevum,
1284 5463 1332 5516 aad
1358 5465 1443 5516 totam
1465 5463 1516 5516 ltoc
1539 5477 1647 5518 cannen
1665 5464 1790 5536 Eugenii
1817 5467 1857 5519 eat

196 5569 231 5634 (r.
252 5565 355 5626 1-33),
373 5567 488 5635 ideoque
512 5567 556 5621 bic
578 5583 634 5621 nort
659 5567 834 5637 repetendam
861 5567 939 5620 dari.
1026 5567 1054 5632 5)
1076 5566 1106 5634 Q.
1126 5567 1222 5618 Serrai
1242 5566 1408 5619 Sammonici
1423 5582 1521 5634 pacina
1539 5566 1572 5619 da
1595 5567 1729 5620 curandis
1747 5567 1856 5630 morbis,

197 5669 272 5739 qrtod
288 5669 361 5723 barte
375 5671 521 5738 prologum
538 5671 569 5723 ia
587 5671 678 5724 eodem
695 5669 787 5724 codice
805 5669 930 5740 requitur
947 5669 1059 5736 aot‘-
1066 5670 1107 5722 83.

266 5769 368 5818 Porrrr
380 5781 464 5819 narrar
477 5781 535 5818 arur
548 5771 673 5820 Cinonrrr
686 5772 705 5818 l.
1605 5766 1637 5820 13
