4694 6428
1165 435 1313 492 ALCUINI
1331 435 1506 492 CARMINA.

871 608 929 690 Te,
953 629 1028 672 mee
1051 610 1145 690 celle,
1168 610 1265 675 modo
1288 611 1469 676 lacrimosis
1492 613 1611 697 plango
1635 605 1809 678 camccnis.

955 711 1065 797 Atque
1088 734 1225 797 gemens
1249 734 1344 778 cesus
1367 721 1501 800 pectore
1524 715 1643 799 plango
1666 721 1749 780 tuos.

871 813 921 878 Tu
943 815 1051 880 subito
1076 817 1228 902 quonism
1251 817 1363 902 fugisti
1387 816 1530 880 camnine
1553 824 1673 885 vetum.

787 939 814 974 oo
958 918 1068 1003 Atque
1091 920 1205 1004 ignote
1226 941 1341 984 manus
1365 926 1397 984 te
1421 919 1518 984 modo
1542 926 1612 984 tota
1634 926 1734 984 tenet.

871 1020 918 1085 Te
941 1022 1039 1086 modo
1062 1045 1124 1088 nec
1147 1023 1286 1088 Flaccus
1308 1044 1369 1088 nec
1393 1024 1476 1087 vetis
1500 1023 1664 1088 Homerus
1687 1023 1829 1088 habebit.

953 1126 1024 1191 Nec
1046 1128 1139 1212 pueri
1162 1148 1275 1192 musas
1298 1149 1357 1214 per
1379 1134 1435 1192 tus
1458 1133 1546 1192 tecta
1568 1134 1697 1192 canunt.

870 1229 1020 1294 Vertitur
1042 1251 1136 1295 omne
1159 1230 1261 1296 decus
1286 1231 1366 1294 secli
1389 1231 1436 1295 sic
1458 1252 1601 1317 namque
1625 1240 1770 1317 repente.

953 1332 1074 1398 Omnia
1096 1341 1264 1399 mutantur
1285 1333 1453 1398 ordinibus
1477 1335 1586 1398 variis.

787 1457 811 1493 rs
870 1434 926 1499 Nil
949 1444 1060 1501 menet
1082 1444 1263 1516 aeternum,
1286 1436 1367 1500 nihil
1389 1437 1594 1501 immutabile
1617 1458 1694 1501 vere
1717 1443 1777 1510 est,

954 1539 1117 1604 Obscurat
1140 1560 1267 1605 sacrum
1291 1560 1357 1603 nox
1380 1538 1556 1604 tenebrosa
1578 1538 1675 1604 diem.

868 1640 1003 1705 Decutit
1025 1649 1059 1707 et
1081 1643 1178 1708 flores
1200 1643 1308 1706 subito
1332 1642 1438 1707 hiems
1461 1640 1579 1726 frigide
1600 1643 1740 1727 pulcros,

950 1745 1125 1809 Perturbat
1147 1743 1313 1830 placidum
1338 1751 1371 1810 ct
1394 1745 1518 1809 tristior
1540 1765 1619 1809 aura
1642 1764 1740 1807 mare.

869 1845 942 1920 Qua
964 1849 1088 1934 campis
1111 1870 1224 1913 cervos
1246 1848 1394 1933 agitabat
1417 1869 1510 1914 secra
1533 1849 1695 1926 iuventus,

785 1973 811 2009 ³0
955 1951 1118 2016 Incumbit
1139 1953 1247 2016 fossus
1270 1973 1357 2017 nunc
1378 1952 1495 2017 baculo
1520 1952 1661 2016 senior.¹

866 2054 936 2119 Nos
959 2055 1083 2135 miseri,
1106 2062 1219 2120 curte
1242 2055 1427 2140 fugitivum,
1450 2054 1600 2136 mundus,
1622 2061 1791 2118 amamus?

951 2156 1002 2221 uu
1025 2157 1111 2242 fugis
1135 2179 1154 2222 a
1176 2159 1272 2222 nobis
1296 2180 1427 2244 semper
1447 2157 1569 2242 ubique
1592 2178 1700 2221 ruens.

851 2219 918 2324 ¹‘'Iu
941 2259 1071 2346 fugiens
1094 2261 1212 2345 fugias,
1238 2261 1405 2327 Christum
1427 2283 1487 2326 nos
1511 2283 1641 2347 semper
1663 2282 1818 2340 ememus,

952 2362 1092 2450 Semper
1114 2386 1206 2430 amor
1228 2371 1341 2430 teneat
1363 2371 1498 2452 pectore
1519 2370 1631 2428 nostra
1653 2362 1716 2427 dei.

785 2485 811 2522 ss
869 2464 931 2528 ille
954 2467 1029 2553 pius
1052 2466 1192 2532 famulos
1216 2466 1287 2532 diro
1310 2467 1467 2534 defendat
1490 2467 1530 2531 ab
1553 2468 1657 2546 hoste,

952 2570 1005 2633 Ad
1028 2572 1154 2636 caelum
1176 2573 1309 2657 rapiens
1332 2580 1466 2657 pectora
1488 2579 1609 2650 nostra,
1634 2592 1725 2636 suos:

868 2673 1008 2738 Pectore
1032 2695 1130 2757 quem
1152 2676 1277 2760 pariter
1299 2681 1368 2740 toto
1391 2675 1572 2746 laudemus,
1594 2695 1756 2746 amemus:

953 2775 1075 2841 Nostra
1098 2784 1149 2841 est
1171 2779 1228 2842 ille
1251 2779 1325 2864 pius
1347 2779 1463 2863 glorie,
1486 2780 1564 2857 vita,
1587 2781 1685 2843 salus.

780 2881 797 2931 b

1261 3207 1387 3272 XXIV.

864 3328 955 3393 Gens
977 3329 1064 3392 bone
1087 3327 1269 3393 Gothorum
1293 3350 1423 3415 semper
1446 3329 1516 3394 sinc
1540 3329 1604 3394 fine
1628 3331 1745 3406 valeto,

862 3431 1000 3495 Electus
1023 3430 1152 3495 domino
1176 3427 1326 3518 populus,
1349 3433 1444 3518 plebs
1467 3433 1590 3518 inclyta
1613 3434 1712 3497 salve.

860 3535 1045 3600 Praecloris
1069 3543 1184 3620 gentes
1207 3536 1316 3600 vicisti
1340 3537 1481 3601 maxime
1505 3538 1602 3601 bellis

861 3636 966 3710 Quam
989 3639 1109 3702 multas
1133 3637 1311 3723 quondam:
1335 3637 1447 3703 hostes
1471 3638 1567 3704 modo
1589 3640 1711 3704 vincite
1736 3638 1856 3703 Christi

795 3763 805 3797 s
863 3739 929 3804 Per
951 3740 1102 3826 clypeum
1126 3741 1212 3821 fidei,
1235 3763 1295 3828 per
1316 3741 1414 3806 fortia
1437 3743 1503 3806 tela
1527 3743 1652 3809 salutis.

861 3844 1049 3908 Auxilietor
1072 3845 1134 3908 erit
1155 3845 1249 3908 vobis
1273 3843 1355 3908 deus
1379 3846 1483 3909 almus
1507 3846 1638 3931 ubique,

862 3946 898 4010 Si
922 3947 986 4010 iam
1008 3935 1100 4011 lirma
1123 3946 1204 4011 fides
1228 3945 1355 4012 habitat
1378 3948 1438 4012 sub
1462 3955 1596 4033 pectore
1620 3956 1738 4014 vestro.

861 4050 971 4134 Atque
995 4070 1077 4137 opus
1100 4051 1270 4135 egregium
1294 4051 1440 4135 sequitur
1462 4051 1548 4114 bona
1571 4051 1656 4116 dona
1677 4051 1763 4115 fidei.

861 4152 943 4228 Has,
967 4173 1057 4238 rogo,
1081 4154 1267 4218 litterulas²
1289 4153 1418 4239 placido
1441 4155 1621 4238 percurrite
1646 4175 1753 4224 sensu,

863 4253 952 4328 Quas
975 4256 1071 4321 modo
1095 4256 1217 4322 direxit
1240 4257 1332 4322 vobis
1356 4256 1487 4321 dilectio
1512 4265 1634 4322 sancta.

859 4358 1025 4444 Prospera
1050 4365 1167 4423 cuncte
1190 4358 1272 4424 deus
1297 4358 1415 4423 Gothis
1439 4359 1597 4424 concedat
1620 4359 1750 4445 Olimpi.

862 4460 1020 4526 Omnibus
1044 4461 1171 4525 aeterni
1195 4461 1342 4526 tribuens
1366 4462 1453 4525 bona
1474 4462 1595 4546 gaudie
1617 4463 1720 4545 regni.

859 4564 963 4648 Inque
987 4564 1051 4649 piis
1074 4565 1225 4650 precibus
1249 4585 1412 4630 memores
1436 4570 1553 4646 estote,
1577 4585 1728 4649 rogamus

858 4665 972 4730 Albini
995 4687 1135 4752 semper,
1158 4669 1290 4754 scripsit
1313 4668 1367 4752 qui
1391 4667 1470 4731 talis
1493 4666 1596 4730 vobis.

779 4789 802 4825 rs
858 4768 928 4832 Vos
951 4768 1032 4832 deus
1056 4769 1263 4854 omnipotens
1286 4776 1390 4834 totum
1414 4777 1589 4834 conservet
1610 4771 1644 4833 in
1667 4789 1792 4833 aenum.

858 4871 1040 4936 Aeternum
1062 4871 1209 4935 tribuens
1232 4872 1325 4936 vobis
1349 4893 1408 4958 per
1431 4872 1563 4936 saecule
1584 4893 1731 4956 regnum.

740 5032 792 5037 ...-
1502 5030 1624 5036 ---.-.,
1641 5027 2046 5039 .....-...--¹—-.---—-—.—,

597 5128 629 5179 19
648 5132 727 5180 selum
744 5129 772 5194 Q,
791 5132 842 5180 fato
861 5131 998 5190 Mobillocr,
1016 5128 1142 5180 ratumF
1241 5129 1272 5180 21
1294 5131 1351 5182 listis
1364 5135 1393 5196 Q,
1411 5131 1561 5184 ralisrllah.
1665 5130 1808 5183 22'eerreut
1826 5129 1893 5180 llab.
1993 5129 2031 5182 29
2045 5138 2171 5204 QuaoQ

490 5213 525 5266 30
543 5213 668 5274 sessosQ
770 5210 805 5262 35
822 5216 933 5265 seruulus
955 5214 976 5274 (l
1079 5211 1112 5263 3'l
1131 5232 1207 5278 quam
1229 5221 1251 5277 Q

561 5296 668 5364 [XXIV]
703 5297 742 5346 cd.
763 5296 785 5357 Q
807 5316 835 5362 p.
854 5297 923 5349 1732
945 5317 970 5348 a.
989 5299 1133 5362 CCXXIII,
1161 5300 1189 5350 Z.
1207 5303 1233 5365 s.
1251 5299 1320 5364 230¹,
1345 5301 1644 5365 nar.(l·⁷roo.11,620)
1781 5301 1883 5352 lsucra
1903 5299 1937 5364 Q,
1968 5301 2042 5355 berra
2062 5307 2093 5356 Z
2100 5309 2169 5362 Bar,

490 5395 596 5435 sanctus
618 5383 648 5444 Q,
679 5397 778 5445 semper
807 5383 831 5429 Ζ
838 5383 862 5431 Il
953 5384 1038 5434 lebete
1065 5401 1130 5432 corr.
1158 5385 1184 5434 ia
1213 5387 1296 5438 valeto
1317 5389 1339 5449 Q
1476 5388 1492 5438 3
1519 5390 1674 5439 l'iclricibus
1694 5389 1726 5450 Q,
1750 5387 1886 5437 I’rseclaris
1903 5385 1936 5448 B,
1957 5387 2122 5446 Praeclarus
2144 5399 2172 5447 Z

490 5467 622 5519 tmultos
644 5463 667 5524 Q
735 5465 835 5516 Christo
854 5469 878 5516 Ζ

589 5599 616 5662 1)
630 5593 675 5659 Cf·
688 5609 811 5661 eafflcp.
823 5597 873 5650 231
884 5617 908 5653 v.
922 5601 980 5654 101.
1050 5602 1078 5666 2)
1091 5601 1213 5655 Easdem
1220 5605 1355 5672 fortasse,
1368 5625 1439 5676 quas
1451 5625 1526 5662 arrae
1539 5625 1559 5662 c.
1574 5609 1624 5662 798
1635 5605 1775 5661 sacricolis
1789 5604 1902 5660 Gothiae
1913 5604 2059 5663 Alcaimte
2071 5616 2165 5682 arrisit,

489 5702 525 5764 cf.
545 5698 625 5752 Mora.
644 5692 755 5746 Acuta.
769 5710 798 5760 p.
811 5696 862 5750 384
880 5718 907 5754 a.
923 5702 965 5754 93.
