4988 6434
934 431 1072 488 VERSUS
1091 429 1218 486 DUDDO
1237 429 1339 484 MISSI.

567 692 765 762 Uereibus
821 713 866 756 en
915 691 1075 757 iuuenis
1120 691 1277 757 durant
1327 701 1365 756 et
1414 691 1588 755 carmina
1641 695 1763 760 cantu

567 809 732 878 Ymnos
797 827 989 890 namque
1053 804 1137 870 dei
1182 805 1390 889 ymnics
1451 803 1595 869 diota
1656 803 1763 872 uiri

567 919 783 991 Nisibus
829 918 1045 983 eximiis
1091 937 1116 981 ι·
1159 940 1177 982 e
1216 917 1763 988 nouantiecarminalector

566 1033 750 1103 Flumina
804 1052 973 1116 namque
1023 1034 1138 1116 pius
1249 1033 1528 1116 frangere
1580 1029 1761 1100 iudicii

567 1146 739 1219 Rcmiua
799 1143 1112 1230 temporibus
1231 1143 1435 1230 torquebit
1457 1143 1601 1216 torribus
1635 1150 1668 1209 et
1701 1145 1762 1214 suh

566 1258 762 1329 Excelsi
893 1257 1014 1322 fatu
1059 1256 1200 1320 omnia
1254 1258 1427 1322 saecla
1684 1255 1763 1326 diu

566 1371 664 1440 Tuta
709 1375 856 1434 tenent
901 1370 1038 1434 iusto
1094 1369 1285 1454 pariter
1342 1368 1763 1438 tumteniascanctis

565 1484 633 1552 llic
657 1480 824 1546 debitur·
853 1483 949 1563 regi
1078 1499 1227 1543 aurea
1369 1482 1567 1564 hacque
1697 1481 1761 1567 pii

566 1597 663 1667 Per
784 1590 1509 1677 caelioamposetipabuntpace
1579 1593 1762 1664 tribunal

502 1737 507 1764 ‹
567 1707 797 1792 Regnantes
874 1701 1048 1766 laudant
1148 1701 1320 1786 limpida
1437 1722 1580 1787 regua
1639 1704 1762 1775 simul

566 1819 709 1904 lmpia
806 1821 1033 1902 perpetuae
1067 1821 1103 1877 ut
1126 1812 1321 1878 damnentur
1372 1813 1524 1900 gaudia
1651 1815 1762 1886 uitae

567 1930 742 2030 Sordida
809 1933 851 1992 in
953 1926 1077 1990 terris
1165 1947 1357 2011 spernere
1457 1933 1578 2012 gesta
1677 1928 1763 1996 uiri

565 2046 698 2113 Cautum
716 2049 820 2108 estut
932 2061 1107 2124 numquam
1152 2037 1273 2104 defleat
1318 2040 1479 2125 supplicia
1536 2061 1560 2105 o
1588 2063 1607 2103 a
1640 2065 1655 2104 s
1689 2063 1704 2104 s
1739 2058 1779 2109 u‘

567 2157 708 2226 Omnes
745 2155 931 2238 gentiles
1159 2151 1170 2219 i
1203 2152 1324 2237 mpia
1450 2152 1591 2237 origo
1614 2172 1762 2238 magog

503 2316 507 2328 .
566 2265 1014 2352 Regminautperdent
1038 2265 1124 2351 parit
1153 2277 1171 2326 c
1204 2286 1220 2326 r
1250 2262 1323 2327 sub
1354 2270 1512 2328 tartara
1546 2271 1558 2327 t
1595 2283 1620 2327 ι·
1646 2284 1668 2327 u
1700 2287 1715 2328 s
1749 2265 1762 2332 i

463 2369 465 2374 ⁵
567 2381 701 2450 Unus
791 2400 957 2464 nempe
1037 2376 1127 2441 deu
1155 2390 1171 2440 S
1204 2376 1369 2439 saecule
1400 2383 1548 2440 cuncta
1585 2395 1658 2441 su
1699 2376 1709 2439 i
1745 2395 1762 2446 s

566 2491 795 2560 Mirifice
897 2489 1316 2555 absoluonsuitima
1397 2487 1574 2551 tradidit
1644 2488 1761 2557 amni

566 2605 698 2673 liiues
791 2603 824 2666 in
918 2610 986 2665 arte
1206 2622 1248 2664 ua
1297 2600 1405 2664 omnia
1454 2609 1566 2664 sanctu
1610 2605 1762 2684 gradu

569 2717 687 2782 Uictor
773 2737 847 2779 nam
952 2740 1110 2790 ,esus
1151 2721 1380 2790 xor-istus
1415 2711 1761 2797 sicqueordiuatactu

490 2853 507 2887 u
568 2828 749 2914 liapsilis
811 2829 851 2891 in
901 2829 1027 2913 pastis
1081 2827 1172 2890 ber
1205 2827 1265 2889 nis
1314 2833 1383 2889 tue
1439 2823 1528 2887 iata
1578 2822 1762 2894 dicanda

568 2941 742 3011 [tenutis
809 2937 986 3003 concede
1053 2931 1302 3002 tibioum
1369 2935 1594 3001 laudibus
1651 2936 1763 3005 idtn

567 3055 806 3138 Omnipotens
840 3052 970 3135 genitor
1005 3052 1057 3114 fac
1087 3072 1127 3114 no
1156 3063 1173 3113 s
1205 3058 1255 3114 tro
1320 3050 1355 3130 in
1412 3054 1546 3134 pectore
1592 3070 1612 3133 p
1641 3067 1668 3111 o
1700 3069 1722 3111 n
1749 3049 1762 3117 i

567 3166 627 3233 Ga
649 3189 664 3228 s
685 3169 739 3229 ta
766 3184 859 3226 suum
891 3184 1049 3227 resonans
1073 3184 1127 3226 rec
1159 3161 1173 3223 i
1204 3183 1294 3226 orem
1360 3168 1397 3225 ut
1452 3161 1565 3244 lingue
1615 3164 1764 3230 cantet
1802 3183 1811 3202 =

568 3276 768 3347 Odeusln
871 3276 999 3340 solio
1118 3273 1282 3339 iudex
1338 3280 1533 3358 regnator
1580 3272 1762 3357 olimpi

492 3412 516 3447 a
568 3387 1128 3473 Numimanamquetuummon
1157 3400 1173 3448 s
1205 3393 1291 3450 trent
1314 3407 1373 3471 per
1396 3384 1528 3449 saecula
1550 3403 1579 3446 ιι
1606 3405 1625 3447 o
1653 3403 1760 3452 men

567 3499 862 3575 Gentib;inunstis
1026 3498 1268 3564 caelebrant
1433 3502 1466 3560 et
1515 3494 1640 3578 gaudia
1679 3497 1763 3566 mira

567 3611 660 3681 Edite
693 3611 891 3676 interris
969 3611 1143 3674 saluesti
1231 3611 1346 3674 secla
1456 3605 1763 3692 redemptor

570 3724 750 3810 Spiritus
786 3724 1018 3788 aethralem
1085 3722 1160 3787 tibi
1215 3722 1374 3787 laudem
1453 3717 1764 3806 splendidusaptet

569 3836 921 3906 Subicienshomiuem
1033 3842 1066 3900 et
1176 3836 1438 3921 perlustrans
1487 3831 1611 3896 lumina
1654 3837 1763 3900 terrac

569 3949 743 4035 Egregium
793 3969 940 4036 regem
1027 3955 1189 4035 gnatum
1296 3946 1532 4034 praeconia
1619 3945 1799 4014 faustum·

566 4059 992 4144 Rurioolaeiugiterdiceut
1096 4080 1195 4124 cum
1291 4059 1506 4124 carmine
1630 4059 1763 4129 clara

567 4173 724 4256 Almoque
779 4172 912 4236 feruens
966 4173 1123 4254 gremio
1203 4170 1362 4257 signabat
1538 4171 1763 4256 abisag

569 4281 704 4350 Totum
795 4281 1077 4368 quadradleus
1194 4287 1357 4347 constat
1438 4282 1600 4368 supientia
1685 4282 1763 4352 iusti

569 4396 784 4464 architenens
814 4396 901 4459 altor
922 4395 977 4480 qui
1017 4395 1281 4460 sidera
1341 4398 1474 4461 clara
1517 4396 1762 4482 gubernas

492 4530 517 4568 a
569 4508 797 4592 Rurigenae
831 4509 1092 4594 praestent*
1167 4515 1313 4573 certus
1396 4509 1558 4574 solamina
1658 4509 1764 4594 possit

569 4619 708 4688 Tradere
763 4641 823 4705 per
881 4639 991 4684 sacras
1048 4620 1305 4705 scripturas
1392 4626 1572 4703 grammate
1648 4620 1764 4692 doctor

569 4731 795 4816 Excerptue
863 4732 997 4817 priseo
1084 4750 1316 4816 puerorum
1392 4729 1598 4817 indaginis
1686 4753 1763 4803 usu

568 4842 683 4930 Magna
727 4844 811 4930 patri
861 4851 895 4908 et
944 4844 1029 4929 proli
1084 4863 1170 4908 cum
1247 4843 1377 4908 flamine
1467 4845 1573 4929 gratis
1660 4846 1765 4918 dicam

416 5175 438 5242 f.
456 5173 499 5226 44⁴
517 5175 583 5228 hoec
601 5171 759 5229 adduntur:
782 5172 854 5225 Nam
873 5171 949 5240 prior
972 5188 1036 5240 pars
1060 5169 1156 5224 circuli
1175 5170 1257 5223 huius
1276 5172 1418 5248 usquead
1436 5172 1562 5226 medium
1582 5175 1670 5229 erucis
1688 5177 1854 5245 quibusdam
1873 5186 1971 5250 penta·

312 5277 407 5332 metris
434 5277 587 5331 intersertis
613 5277 760 5330 decurrens
787 5275 935 5347 pinguitur
957 5273 1092 5336 versibus,
1120 5273 1169 5341 qui
1198 5273 1264 5328 licet
1289 5273 1369 5340 (add.
1388 5276 1459 5340 non)
1483 5276 1605 5344 pedestri
1629 5279 1747 5350 remigio
1770 5283 1891 5346 tranent,
1914 5303 1970 5341 non

312 5385 408 5435 temen
426 5380 529 5434 heroici
547 5397 598 5435 uec
617 5380 730 5434 omniuo
749 5379 865 5449 perfecti
885 5379 1000 5432 decursa
1019 5379 1101 5446 (corr.
1120 5377 1239 5444 decursi)
1259 5394 1317 5432 esse
1335 5381 1500 5442 noscuntur,
1519 5384 1631 5447 praeter
1648 5401 1756 5439 crucem
1775 5389 1869 5441 autem
1887 5407 1971 5460 supra

313 5483 416 5556 pictum
436 5483 465 5537 in
483 5483 586 5538 circulo
605 5483 708 5538 heroici
728 5501 821 5538 versus
840 5487 868 5537 et
886 5480 1003 5552 perfecti
1020 5481 1175 5535 decurrant.

382 5839 486 5894 Porrus
498 5856 581 5896 mmm
597 5857 655 5894 narr
669 5841 793 5894 Csuoumr
806 5843 823 5892 1.
