<?xml version="1.0" encoding="UTF-8"?>
<!DOCTYPE html PUBLIC "-//W3C//DTD XHTML 1.0 Transitional//EN"
    "http://www.w3.org/TR/xhtml1/DTD/xhtml1-transitional.dtd">
<html xmlns="http://www.w3.org/1999/xhtml" xml:lang="en" lang="en">
 <head>
  <title>
</title>
<meta http-equiv="Content-Type" content="text/html;charset=utf-8" />
  <meta name='ocr-system' content='tesseract 3.04.00' />
  <meta name='ocr-capabilities' content='ocr_page ocr_carea ocr_par ocr_line ocrx_word'/>
</head>
<body>
  <div class='ocr_page' id='page_1' title='image "./monumentagerman01unkngoog/monumentagerman01unkngoog_0562.png"; bbox 0 0 4756 6412; ppageno 0'>
   <div class='ocr_carea' id='block_1_1' title="bbox 751 416 1435 481">
    <p class='ocr_par' dir='ltr' id='par_1_1' title="bbox 751 416 1435 481">
     <span class='ocr_line' id='line_1_1' title="bbox 751 416 1435 481; baseline 0.007 -5"><span class='ocrx_word' id='word_1_1' title='bbox 751 423 797 477; x_wconf 80' lang='lat' dir='ltr'>Da</span> <span class='ocrx_word' id='word_1_2' title='bbox 819 416 1035 477; x_wconf 82' lang='lat' dir='ltr'>IMAGINIBUS</span> <span class='ocrx_word' id='word_1_3' title='bbox 1053 417 1197 478; x_wconf 77' lang='lat' dir='ltr'>ARTIUM</span> <span class='ocrx_word' id='word_1_4' title='bbox 1217 423 1263 478; x_wconf 76' lang='grc' dir='ltr'>ΕΤ</span> <span class='ocrx_word' id='word_1_5' title='bbox 1282 419 1435 481; x_wconf 67' lang='lat' dir='ltr'>&#39;IERRAR</span> 
     </span>
    </p>
   </div>
   <div class='ocr_carea' id='block_1_2' title="bbox 457 593 1598 2025">
    <p class='ocr_par' dir='ltr' id='par_1_2' title="bbox 457 593 1598 2025">
     <span class='ocr_line' id='line_1_2' title="bbox 633 593 1429 684; baseline 0.005 -24"><span class='ocrx_word' id='word_1_6' title='bbox 633 593 678 672; x_wconf 48' lang='lat' dir='ltr'>,In</span> <span class='ocrx_word' id='word_1_7' title='bbox 700 596 787 662; x_wconf 84' lang='lat' dir='ltr'>foliis</span> <span class='ocrx_word' id='word_1_8' title='bbox 810 596 920 676; x_wconf 87' lang='lat' dir='ltr'>verba,</span> <span class='ocrx_word' id='word_1_9' title='bbox 944 597 977 661; x_wconf 93' lang='lat' dir='ltr'>in</span> <span class='ocrx_word' id='word_1_10' title='bbox 1001 597 1106 683; x_wconf 92' lang='lat' dir='ltr'>pomis</span> <span class='ocrx_word' id='word_1_11' title='bbox 1131 597 1278 682; x_wconf 83' lang='lat' dir='ltr'>intellige</span> <span class='ocrx_word' id='word_1_12' title='bbox 1302 621 1429 684; x_wconf 85' lang='lat' dir='ltr'>sensus,</span> 
     </span>
     <span class='ocr_line' id='line_1_3' title="bbox 719 698 1595 779; baseline 0.005 -16"><span class='ocrx_word' id='word_1_13' title='bbox 719 698 814 764; x_wconf 89' lang='lat' dir='ltr'>Haec</span> <span class='ocrx_word' id='word_1_14' title='bbox 837 701 954 765; x_wconf 89' lang='lat' dir='ltr'>crebro</span> <span class='ocrx_word' id='word_1_15' title='bbox 977 706 1179 779; x_wconf 87' lang='lat' dir='ltr'>accrescunt,</span> <span class='ocrx_word' id='word_1_16' title='bbox 1202 701 1368 768; x_wconf 82' lang='lat' dir='ltr'>illabens</span> <span class='ocrx_word' id='word_1_17' title='bbox 1390 721 1452 766; x_wconf 89' lang='lat' dir='ltr'>usa</span> <span class='ocrx_word' id='word_1_18' title='bbox 1475 702 1595 767; x_wconf 80' lang='lat' dir='ltr'>cibant.</span> 
     </span>
     <span class='ocr_line' id='line_1_4' title="bbox 457 801 1496 890; baseline 0.006 -24"><span class='ocrx_word' id='word_1_19' title='bbox 457 849 466 880; x_wconf 74' lang='lat'>,</span> <span class='ocrx_word' id='word_1_20' title='bbox 639 801 713 867; x_wconf 88' lang='lat' dir='ltr'>Hac</span> <span class='ocrx_word' id='word_1_21' title='bbox 737 804 850 890; x_wconf 90' lang='lat' dir='ltr'>patula</span> <span class='ocrx_word' id='word_1_22' title='bbox 872 810 985 869; x_wconf 88' lang='lat' dir='ltr'>nostra</span> <span class='ocrx_word' id='word_1_23' title='bbox 1008 810 1182 869; x_wconf 87' lang='lat' dir='ltr'>exercetur</span> <span class='ocrx_word' id='word_1_24' title='bbox 1204 805 1237 868; x_wconf 93' lang='lat' dir='ltr'>in</span> <span class='ocrx_word' id='word_1_25' title='bbox 1259 806 1395 872; x_wconf 89' lang='lat' dir='ltr'>arbore¹</span> <span class='ocrx_word' id='word_1_26' title='bbox 1419 806 1496 888; x_wconf 85' lang='lat' dir='ltr'>vita,</span> 
     </span>
     <span class='ocr_line' id='line_1_5' title="bbox 724 905 1381 995; baseline 0.006 -25"><span class='ocrx_word' id='word_1_27' title='bbox 724 905 863 993; x_wconf 82' lang='lat' dir='ltr'>Semper</span> <span class='ocrx_word' id='word_1_28' title='bbox 885 912 921 971; x_wconf 95' lang='lat' dir='ltr'>ut</span> <span class='ocrx_word' id='word_1_29' title='bbox 942 928 963 971; x_wconf 87' lang='lat' dir='ltr'>a</span> <span class='ocrx_word' id='word_1_30' title='bbox 985 908 1094 993; x_wconf 87' lang='lat' dir='ltr'>parvis</span> <span class='ocrx_word' id='word_1_31' title='bbox 1119 907 1258 972; x_wconf 80' lang='lat' dir='ltr'><strong>editiora</strong></span> <span class='ocrx_word' id='word_1_32' title='bbox 1279 915 1381 995; x_wconf 88' lang='lat' dir='ltr'>petat,</span> 
     </span>
     <span class='ocr_line' id='line_1_6' title="bbox 545 1007 1507 1097; baseline 0.003 -24"><span class='ocrx_word' id='word_1_33' title='bbox 545 1029 581 1066; x_wconf 72' lang='grc' dir='ltr'>ιιι</span> <span class='ocrx_word' id='word_1_34' title='bbox 643 1007 767 1074; x_wconf 83' lang='lat' dir='ltr'>Sensus</span> <span class='ocrx_word' id='word_1_35' title='bbox 790 1016 823 1075; x_wconf 89' lang='lat' dir='ltr'>et</span> <span class='ocrx_word' id='word_1_36' title='bbox 845 1010 1006 1075; x_wconf 89' lang='lat' dir='ltr'>humanus</span> <span class='ocrx_word' id='word_1_37' title='bbox 1029 1011 1186 1097; x_wconf 87' lang='lat' dir='ltr'>paulatim</span> <span class='ocrx_word' id='word_1_38' title='bbox 1208 1011 1345 1076; x_wconf 91' lang='lat' dir='ltr'>scandat</span> <span class='ocrx_word' id='word_1_39' title='bbox 1366 1011 1408 1076; x_wconf 87' lang='lat' dir='ltr'>ad</span> <span class='ocrx_word' id='word_1_40' title='bbox 1429 1013 1507 1092; x_wconf 87' lang='lat' dir='ltr'>alta,</span> 
     </span>
     <span class='ocr_line' id='line_1_7' title="bbox 721 1111 1403 1199; baseline 0.003 -23"><span class='ocrx_word' id='word_1_41' title='bbox 721 1111 884 1198; x_wconf 89' lang='lat' dir='ltr'>Huncque</span> <span class='ocrx_word' id='word_1_42' title='bbox 908 1112 965 1178; x_wconf 91' lang='lat' dir='ltr'>diu</span> <span class='ocrx_word' id='word_1_43' title='bbox 986 1113 1100 1199; x_wconf 83' lang='lat' dir='ltr'>pigeat</span> <span class='ocrx_word' id='word_1_44' title='bbox 1122 1113 1278 1180; x_wconf 84' lang='lat' dir='ltr'>inferiora</span> <span class='ocrx_word' id='word_1_45' title='bbox 1301 1115 1403 1199; x_wconf 91' lang='lat' dir='ltr'>sequi.</span> 
     </span>
     <span class='ocr_line' id='line_1_8' title="bbox 637 1214 1598 1303; baseline 0.003 -25"><span class='ocrx_word' id='word_1_46' title='bbox 637 1214 756 1280; x_wconf 84' lang='lat' dir='ltr'>Ethioa</span> <span class='ocrx_word' id='word_1_47' title='bbox 779 1216 1030 1297; x_wconf 79' lang='lat' dir='ltr'>Grammaticus,</span> <span class='ocrx_word' id='word_1_48' title='bbox 1053 1217 1177 1303; x_wconf 88' lang='lat' dir='ltr'>Logioa</span> <span class='ocrx_word' id='word_1_49' title='bbox 1200 1224 1233 1282; x_wconf 93' lang='lat' dir='ltr'>et</span> <span class='ocrx_word' id='word_1_50' title='bbox 1255 1238 1333 1282; x_wconf 84' lang='lat' dir='ltr'>mox</span> <span class='ocrx_word' id='word_1_51' title='bbox 1355 1217 1500 1302; x_wconf 85' lang='lat' dir='ltr'>iungitur</span> <span class='ocrx_word' id='word_1_52' title='bbox 1521 1217 1598 1299; x_wconf 89' lang='lat' dir='ltr'>illis,</span> 
     </span>
     <span class='ocr_line' id='line_1_9' title="bbox 721 1319 1480 1406; baseline 0.003 -23"><span class='ocrx_word' id='word_1_53' title='bbox 721 1319 866 1404; x_wconf 87' lang='lat' dir='ltr'>Physica</span> <span class='ocrx_word' id='word_1_54' title='bbox 888 1342 961 1385; x_wconf 92' lang='lat' dir='ltr'>oum</span> <span class='ocrx_word' id='word_1_55' title='bbox 984 1320 1082 1384; x_wconf 91' lang='lat' dir='ltr'>sociis</span> <span class='ocrx_word' id='word_1_56' title='bbox 1106 1320 1232 1384; x_wconf 88' lang='lat' dir='ltr'>artibus</span> <span class='ocrx_word' id='word_1_57' title='bbox 1254 1327 1352 1406; x_wconf 89' lang='lat' dir='ltr'>atque</span> <span class='ocrx_word' id='word_1_58' title='bbox 1376 1320 1480 1385; x_wconf 89' lang='lat' dir='ltr'>sedet.</span> 
     </span>
     <span class='ocr_line' id='line_1_10' title="bbox 640 1420 1501 1509; baseline 0.003 -23"><span class='ocrx_word' id='word_1_59' title='bbox 640 1420 785 1495; x_wconf 87' lang='lat' dir='ltr'>Quarum</span> <span class='ocrx_word' id='word_1_60' title='bbox 810 1444 964 1509; x_wconf 89' lang='lat' dir='ltr'>suprema</span> <span class='ocrx_word' id='word_1_61' title='bbox 987 1422 1100 1488; x_wconf 91' lang='lat' dir='ltr'>sedem</span> <span class='ocrx_word' id='word_1_62' title='bbox 1124 1422 1187 1487; x_wconf 85' lang='lat' dir='ltr'>sibi</span> <span class='ocrx_word' id='word_1_63' title='bbox 1212 1424 1293 1509; x_wconf 82' lang='lat' dir='ltr'>legit</span> <span class='ocrx_word' id='word_1_64' title='bbox 1316 1425 1348 1488; x_wconf 92' lang='lat' dir='ltr'>in</span> <span class='ocrx_word' id='word_1_65' title='bbox 1371 1445 1457 1504; x_wconf 89' lang='lat' dir='ltr'>arce,</span> <span class='ocrx_word' id='word_1_66' title='bbox 1499 1427 1501 1432; x_wconf 84' lang='grc'><strong>’</strong></span> 
     </span>
     <span class='ocr_line' id='line_1_11' title="bbox 547 1523 1526 1614; baseline 0.005 -26"><span class='ocrx_word' id='word_1_67' title='bbox 547 1547 584 1584; x_wconf 84' lang='lat'>110</span> <span class='ocrx_word' id='word_1_68' title='bbox 727 1523 819 1598; x_wconf 87' lang='lat' dir='ltr'>Quae</span> <span class='ocrx_word' id='word_1_69' title='bbox 842 1527 951 1610; x_wconf 89' lang='lat' dir='ltr'>legem</span> <span class='ocrx_word' id='word_1_70' title='bbox 974 1533 1136 1591; x_wconf 80' lang='lat' dir='ltr'>astrorum</span> <span class='ocrx_word' id='word_1_71' title='bbox 1160 1528 1307 1592; x_wconf 90' lang='lat' dir='ltr'>eontinet</span> <span class='ocrx_word' id='word_1_72' title='bbox 1328 1534 1426 1613; x_wconf 91' lang='lat' dir='ltr'>atquc</span> <span class='ocrx_word' id='word_1_73' title='bbox 1450 1527 1526 1614; x_wconf 93' lang='lat' dir='ltr'>poli.</span> 
     </span>
     <span class='ocr_line' id='line_1_12' title="bbox 638 1627 1497 1716; baseline 0.005 -25"><span class='ocrx_word' id='word_1_74' title='bbox 638 1627 814 1712; x_wconf 86' lang='lat' dir='ltr'>Eloquium</span> <span class='ocrx_word' id='word_1_75' title='bbox 837 1650 955 1710; x_wconf 88' lang='lat' dir='ltr'>mores,</span> <span class='ocrx_word' id='word_1_76' title='bbox 978 1629 1103 1714; x_wconf 85' lang='lat' dir='ltr'>Logiea</span> <span class='ocrx_word' id='word_1_77' title='bbox 1124 1629 1200 1695; x_wconf 89' lang='lat' dir='ltr'>illos</span> <span class='ocrx_word' id='word_1_78' title='bbox 1222 1631 1309 1694; x_wconf 89' lang='lat' dir='ltr'>alma</span> <span class='ocrx_word' id='word_1_79' title='bbox 1332 1637 1497 1716; x_wconf 86' lang='lat' dir='ltr'>sequatur,</span> 
     </span>
     <span class='ocr_line' id='line_1_13' title="bbox 719 1730 1389 1817; baseline 0.004 -23"><span class='ocrx_word' id='word_1_80' title='bbox 719 1730 765 1794; x_wconf 92' lang='lat' dir='ltr'>Ut</span> <span class='ocrx_word' id='word_1_81' title='bbox 786 1732 953 1797; x_wconf 80' lang='lat' dir='ltr'>naturales</span> <span class='ocrx_word' id='word_1_82' title='bbox 976 1753 1030 1796; x_wconf 90' lang='lat' dir='ltr'>res</span> <span class='ocrx_word' id='word_1_83' title='bbox 1052 1731 1138 1796; x_wconf 90' lang='lat' dir='ltr'>bene</span> <span class='ocrx_word' id='word_1_84' title='bbox 1161 1753 1259 1797; x_wconf 91' lang='lat' dir='ltr'>nosse</span> <span class='ocrx_word' id='word_1_85' title='bbox 1282 1740 1389 1817; x_wconf 79' lang='lat' dir='ltr'>queat</span> 
     </span>
     <span class='ocr_line' id='line_1_14' title="bbox 637 1833 1461 1922; baseline 0.004 -25"><span class='ocrx_word' id='word_1_86' title='bbox 637 1833 681 1897; x_wconf 87' lang='lat' dir='ltr'>Et</span> <span class='ocrx_word' id='word_1_87' title='bbox 704 1855 852 1900; x_wconf 85' lang='lat' dir='ltr'>convexa</span> <span class='ocrx_word' id='word_1_88' title='bbox 875 1837 942 1922; x_wconf 93' lang='lat' dir='ltr'>poli</span> <span class='ocrx_word' id='word_1_89' title='bbox 965 1842 1080 1900; x_wconf 89' lang='lat' dir='ltr'>cantus</span> <span class='ocrx_word' id='word_1_90' title='bbox 1104 1842 1273 1922; x_wconf 89' lang='lat' dir='ltr'>terrasque</span> <span class='ocrx_word' id='word_1_91' title='bbox 1297 1843 1461 1921; x_wconf 78' lang='lat' dir='ltr'>peragret,</span> 
     </span>
     <span class='ocr_line' id='line_1_15' title="bbox 720 1937 1480 2025; baseline 0 -23"><span class='ocrx_word' id='word_1_92' title='bbox 720 1937 773 2003; x_wconf 89' lang='lat' dir='ltr'>De</span> <span class='ocrx_word' id='word_1_93' title='bbox 796 1939 907 2004; x_wconf 92' lang='lat' dir='ltr'>mundi</span> <span class='ocrx_word' id='word_1_94' title='bbox 932 1946 965 2005; x_wconf 92' lang='lat' dir='ltr'>et</span> <span class='ocrx_word' id='word_1_95' title='bbox 988 1940 1087 2005; x_wconf 88' lang='lat' dir='ltr'>robus</span> <span class='ocrx_word' id='word_1_96' title='bbox 1110 1939 1246 2004; x_wconf 81' lang='lat' dir='ltr'>cethem</span> <span class='ocrx_word' id='word_1_97' title='bbox 1269 1940 1358 2004; x_wconf 87' lang='lat' dir='ltr'>celsa</span> <span class='ocrx_word' id='word_1_98' title='bbox 1380 1945 1480 2025; x_wconf 90' lang='lat' dir='ltr'>petat.</span> 
     </span>
    </p>
   </div>
   <div class='ocr_carea' id='block_1_3' title="bbox 897 2179 1307 2188">
    <p class='ocr_par' dir='ltr' id='par_1_3' title="bbox 897 2179 1307 2188">
     <span class='ocr_line' id='line_1_16' title="bbox 897 2179 1307 2188; baseline 0.007 -3"><span class='ocrx_word' id='word_1_99' title='bbox 897 2179 1307 2188; x_wconf 77' lang='lat'><em>-—-—-—--———-</em></span> 
     </span>
    </p>
   </div>
   <div class='ocr_carea' id='block_1_4' title="bbox 979 2393 1170 2513">
    <p class='ocr_par' dir='ltr' id='par_1_4' title="bbox 979 2393 1170 2513">
     <span class='ocr_line' id='line_1_17' title="bbox 979 2393 1170 2513; baseline -0.005 0"><span class='ocrx_word' id='word_1_100' title='bbox 979 2393 1170 2513; x_wconf 57' lang='lat' dir='ltr'>ssxnvu.</span> 
     </span>
    </p>
   </div>
   <div class='ocr_carea' id='block_1_5' title="bbox 314 2607 1890 2821">
    <p class='ocr_par' dir='ltr' id='par_1_5' title="bbox 314 2607 1890 2821">
     <span class='ocr_line' id='line_1_18' title="bbox 314 2607 1890 2697; baseline -0.001 -14"><span class='ocrx_word' id='word_1_101' title='bbox 314 2608 429 2684; x_wconf 84' lang='lat' dir='ltr'>ALIA</span> <span class='ocrx_word' id='word_1_102' title='bbox 455 2607 683 2696; x_wconf 84' lang='lat' dir='ltr'>PICTURA,</span> <span class='ocrx_word' id='word_1_103' title='bbox 708 2607 757 2680; x_wconf 93' lang='lat' dir='ltr'>IN</span> <span class='ocrx_word' id='word_1_104' title='bbox 784 2607 885 2697; x_wconf 86' lang='lat' dir='ltr'>QUA</span> <span class='ocrx_word' id='word_1_105' title='bbox 912 2607 1043 2681; x_wconf 84' lang='lat' dir='ltr'><strong>ERAT</strong></span> <span class='ocrx_word' id='word_1_106' title='bbox 1069 2609 1224 2683; x_wconf 86' lang='lat' dir='ltr'>IMAGO</span> <span class='ocrx_word' id='word_1_107' title='bbox 1250 2609 1447 2682; x_wconf 85' lang='lat' dir='ltr'><strong>TERRAE</strong></span> <span class='ocrx_word' id='word_1_108' title='bbox 1472 2609 1519 2683; x_wconf 94' lang='lat' dir='ltr'>IN</span> <span class='ocrx_word' id='word_1_109' title='bbox 1546 2611 1719 2688; x_wconf 90' lang='lat' dir='ltr'><strong>MODUM</strong></span> <span class='ocrx_word' id='word_1_110' title='bbox 1747 2610 1890 2684; x_wconf 90' lang='lat' dir='ltr'>ORBIS</span> 
     </span>
     <span class='ocr_line' id='line_1_19' title="bbox 916 2745 1285 2821; baseline 0.005 -3"><span class='ocrx_word' id='word_1_111' title='bbox 916 2745 1285 2821; x_wconf 79' lang='lat' dir='ltr'>COMPREHENSA.</span> 
     </span>
    </p>
   </div>
   <div class='ocr_carea' id='block_1_6' title="bbox 641 2910 1588 3207">
    <p class='ocr_par' dir='ltr' id='par_1_6' title="bbox 641 2910 1588 3207">
     <span class='ocr_line' id='line_1_20' title="bbox 641 2910 1582 3000; baseline 0.004 -23"><span class='ocrx_word' id='word_1_112' title='bbox 641 2910 713 2985; x_wconf 87' lang='lat' dir='ltr'>Quo</span> <span class='ocrx_word' id='word_1_113' title='bbox 737 2919 844 2978; x_wconf 90' lang='lat' dir='ltr'>terrae</span> <span class='ocrx_word' id='word_1_114' title='bbox 867 2913 901 2976; x_wconf 93' lang='lat' dir='ltr'>in</span> <span class='ocrx_word' id='word_1_115' title='bbox 924 2913 1069 3000; x_wconf 91' lang='lat' dir='ltr'>speciem</span> <span class='ocrx_word' id='word_1_116' title='bbox 1092 2913 1263 3000; x_wconf 83' lang='lat' dir='ltr'>perstabat</span> <span class='ocrx_word' id='word_1_117' title='bbox 1285 2913 1421 3000; x_wconf 88' lang='lat' dir='ltr'>pulchra</span> <span class='ocrx_word' id='word_1_118' title='bbox 1442 2915 1582 3000; x_wconf 79' lang='lat' dir='ltr'>virago²,</span> 
     </span>
     <span class='ocr_line' id='line_1_21' title="bbox 725 3016 1556 3106; baseline 0.006 -26"><span class='ocrx_word' id='word_1_119' title='bbox 725 3016 818 3090; x_wconf 86' lang='lat' dir='ltr'>Quao</span> <span class='ocrx_word' id='word_1_120' title='bbox 841 3037 978 3106; x_wconf 91' lang='lat' dir='ltr'>puerum</span> <span class='ocrx_word' id='word_1_121' title='bbox 1001 3018 1110 3098; x_wconf 89' lang='lat' dir='ltr'>lactat,</span> <span class='ocrx_word' id='word_1_122' title='bbox 1133 3017 1228 3102; x_wconf 83' lang='lat' dir='ltr'>fruge</span> <span class='ocrx_word' id='word_1_123' title='bbox 1252 3018 1358 3104; x_wconf 91' lang='lat' dir='ltr'>replet</span> <span class='ocrx_word' id='word_1_124' title='bbox 1381 3018 1556 3086; x_wconf 84' lang='lat' dir='ltr'>calathum.</span> 
     </span>
     <span class='ocr_line' id='line_1_22' title="bbox 642 3117 1588 3207; baseline 0.003 -26"><span class='ocrx_word' id='word_1_125' title='bbox 642 3117 875 3204; x_wconf 88' lang='lat' dir='ltr'>Turritumque</span> <span class='ocrx_word' id='word_1_126' title='bbox 900 3127 1007 3206; x_wconf 87' lang='lat' dir='ltr'>eaput,</span> <span class='ocrx_word' id='word_1_127' title='bbox 1031 3120 1142 3205; x_wconf 85' lang='lat' dir='ltr'>magni</span> <span class='ocrx_word' id='word_1_128' title='bbox 1165 3126 1198 3184; x_wconf 90' lang='lat' dir='ltr'>et</span> <span class='ocrx_word' id='word_1_129' title='bbox 1221 3119 1412 3184; x_wconf 89' lang='lat' dir='ltr'>sinuaminis</span> <span class='ocrx_word' id='word_1_130' title='bbox 1435 3141 1588 3207; x_wconf 86' lang='lat' dir='ltr'>anguem,</span> 
     </span>
    </p>
   </div>
   <div class='ocr_carea' id='block_1_7' title="bbox 561 3220 1608 3926">
    <p class='ocr_par' dir='ltr' id='par_1_7' title="bbox 561 3220 1608 3926">
     <span class='ocr_line' id='line_1_23' title="bbox 723 3220 1608 3307; baseline 0.005 -23"><span class='ocrx_word' id='word_1_131' title='bbox 723 3220 828 3305; x_wconf 93' lang='lat' dir='ltr'>Inque</span> <span class='ocrx_word' id='word_1_132' title='bbox 849 3243 948 3286; x_wconf 90' lang='lat' dir='ltr'>manu</span> <span class='ocrx_word' id='word_1_133' title='bbox 971 3222 1107 3302; x_wconf 83' lang='lat' dir='ltr'>clavem,</span> <span class='ocrx_word' id='word_1_134' title='bbox 1131 3222 1282 3307; x_wconf 79' lang='lat' dir='ltr'>cymbala</span> <span class='ocrx_word' id='word_1_135' title='bbox 1303 3229 1337 3287; x_wconf 91' lang='lat' dir='ltr'>et</span> <span class='ocrx_word' id='word_1_136' title='bbox 1360 3243 1450 3288; x_wconf 89' lang='lat' dir='ltr'>arma</span> <span class='ocrx_word' id='word_1_137' title='bbox 1472 3224 1608 3289; x_wconf 83' lang='lat' dir='ltr'>vehens.</span> 
     </span>
     <span class='ocr_line' id='line_1_24' title="bbox 571 3321 1447 3410; baseline 0.011 -30"><span class='ocrx_word' id='word_1_138' title='bbox 571 3344 583 3380; x_wconf 81' lang='lat' dir='ltr'>s</span> <span class='ocrx_word' id='word_1_139' title='bbox 640 3321 714 3387; x_wconf 85' lang='lat' dir='ltr'>Hae</span> <span class='ocrx_word' id='word_1_140' title='bbox 737 3344 846 3388; x_wconf 90' lang='lat' dir='ltr'>coram</span> <span class='ocrx_word' id='word_1_141' title='bbox 870 3325 958 3408; x_wconf 83' lang='lat' dir='ltr'>galli,</span> <span class='ocrx_word' id='word_1_142' title='bbox 983 3323 1139 3410; x_wconf 90' lang='lat' dir='ltr'>pecudes,</span> <span class='ocrx_word' id='word_1_143' title='bbox 1163 3325 1311 3410; x_wconf 84' lang='lat' dir='ltr'>torvique</span> <span class='ocrx_word' id='word_1_144' title='bbox 1334 3326 1447 3391; x_wconf 90' lang='lat' dir='ltr'>leones</span> 
     </span>
     <span class='ocr_line' id='line_1_25' title="bbox 726 3425 1457 3508; baseline 0.004 -18"><span class='ocrx_word' id='word_1_145' title='bbox 726 3425 899 3491; x_wconf 84' lang='lat' dir='ltr'>Summissi</span> <span class='ocrx_word' id='word_1_146' title='bbox 921 3427 1062 3508; x_wconf 87' lang='lat' dir='ltr'>stabant,</span> <span class='ocrx_word' id='word_1_147' title='bbox 1083 3428 1166 3493; x_wconf 91' lang='lat' dir='ltr'>sella</span> <span class='ocrx_word' id='word_1_148' title='bbox 1190 3434 1224 3493; x_wconf 90' lang='lat' dir='ltr'>et</span> <span class='ocrx_word' id='word_1_149' title='bbox 1246 3429 1352 3493; x_wconf 91' lang='lat' dir='ltr'>inanis</span> <span class='ocrx_word' id='word_1_150' title='bbox 1377 3436 1457 3494; x_wconf 91' lang='lat' dir='ltr'>erat.</span> 
     </span>
     <span class='ocr_line' id='line_1_26' title="bbox 640 3527 1465 3618; baseline 0.006 -26"><span class='ocrx_word' id='word_1_151' title='bbox 640 3527 774 3594; x_wconf 85' lang='lat' dir='ltr'>Mobilis</span> <span class='ocrx_word' id='word_1_152' title='bbox 797 3531 873 3595; x_wconf 91' lang='lat' dir='ltr'>huie</span> <span class='ocrx_word' id='word_1_153' title='bbox 894 3531 1006 3616; x_wconf 86' lang='lat' dir='ltr'>magni</span> <span class='ocrx_word' id='word_1_154' title='bbox 1028 3530 1163 3596; x_wconf 88' lang='lat' dir='ltr'>suberat</span> <span class='ocrx_word' id='word_1_155' title='bbox 1185 3532 1312 3618; x_wconf 82' lang='lat' dir='ltr'>vertigo</span> <span class='ocrx_word' id='word_1_156' title='bbox 1335 3532 1465 3614; x_wconf 80' lang='lat' dir='ltr'>vehicli,</span> 
     </span>
     <span class='ocr_line' id='line_1_27' title="bbox 725 3632 1410 3717; baseline 0.004 -21"><span class='ocrx_word' id='word_1_157' title='bbox 725 3632 834 3717; x_wconf 86' lang='lat' dir='ltr'>Atque</span> <span class='ocrx_word' id='word_1_158' title='bbox 857 3640 950 3699; x_wconf 83' lang='lat' dir='ltr'>rotae</span> <span class='ocrx_word' id='word_1_159' title='bbox 973 3635 1089 3700; x_wconf 89' lang='lat' dir='ltr'>teretis</span> <span class='ocrx_word' id='word_1_160' title='bbox 1112 3634 1252 3699; x_wconf 89' lang='lat' dir='ltr'>circulus</span> <span class='ocrx_word' id='word_1_161' title='bbox 1276 3635 1345 3700; x_wconf 89' lang='lat' dir='ltr'>ibat</span> <span class='ocrx_word' id='word_1_162' title='bbox 1368 3635 1410 3700; x_wconf 90' lang='lat' dir='ltr'>ei.</span> 
     </span>
     <span class='ocr_line' id='line_1_28' title="bbox 641 3734 1535 3825; baseline 0.003 -26"><span class='ocrx_word' id='word_1_163' title='bbox 641 3734 735 3801; x_wconf 88' lang='lat' dir='ltr'>Haeo</span> <span class='ocrx_word' id='word_1_164' title='bbox 758 3757 895 3822; x_wconf 91' lang='lat' dir='ltr'>puerum</span> <span class='ocrx_word' id='word_1_165' title='bbox 917 3738 1027 3818; x_wconf 91' lang='lat' dir='ltr'>lactat,</span> <span class='ocrx_word' id='word_1_166' title='bbox 1050 3737 1204 3822; x_wconf 89' lang='lat' dir='ltr'>quoniam</span> <span class='ocrx_word' id='word_1_167' title='bbox 1226 3739 1397 3803; x_wconf 88' lang='lat' dir='ltr'>nascentia</span> <span class='ocrx_word' id='word_1_168' title='bbox 1418 3739 1535 3825; x_wconf 86' lang='lat' dir='ltr'>pascit,</span> 
     </span>
     <span class='ocr_line' id='line_1_29' title="bbox 561 3839 1454 3926; baseline 0.006 -26"><span class='ocrx_word' id='word_1_169' title='bbox 561 3861 587 3900; x_wconf 82' lang='lat' dir='ltr'>ro</span> <span class='ocrx_word' id='word_1_170' title='bbox 732 3839 941 3926; x_wconf 82' lang='lat' dir='ltr'>Tellurisque</span> <span class='ocrx_word' id='word_1_171' title='bbox 961 3841 1051 3906; x_wconf 84' lang='lat' dir='ltr'>fovet</span> <span class='ocrx_word' id='word_1_172' title='bbox 1074 3847 1191 3906; x_wconf 86' lang='lat' dir='ltr'>cuncta</span> <span class='ocrx_word' id='word_1_173' title='bbox 1214 3847 1326 3907; x_wconf 88' lang='lat' dir='ltr'>creata</span> <span class='ocrx_word' id='word_1_174' title='bbox 1348 3842 1454 3907; x_wconf 91' lang='lat' dir='ltr'>simul.</span> 
     </span>
    </p>
   </div>
   <div class='ocr_carea' id='block_1_8' title="bbox 714 4036 1824 4045">
    <p class='ocr_par' dir='ltr' id='par_1_8' title="bbox 714 4036 1824 4045">
     <span class='ocr_line' id='line_1_30' title="bbox 714 4036 1824 4045; baseline 0.003 -4"><span class='ocrx_word' id='word_1_175' title='bbox 714 4036 1268 4044; x_wconf 64' lang='lat'>——-..--..-—.--.-—...——..—--------=</span> <span class='ocrx_word' id='word_1_176' title='bbox 1280 4038 1334 4043; x_wconf 82' lang='lat'><em>—..-</em></span> <span class='ocrx_word' id='word_1_177' title='bbox 1344 4038 1824 4045; x_wconf 61' lang='lat'>---..-...-,—.—.——-</span> 
     </span>
    </p>
   </div>
   <div class='ocr_carea' id='block_1_9' title="bbox 347 4147 1020 4342">
    <p class='ocr_par' dir='ltr' id='par_1_9' title="bbox 347 4147 1020 4342">
     <span class='ocr_line' id='line_1_31' title="bbox 382 4147 836 4234; baseline -0.011 -10"><span class='ocrx_word' id='word_1_178' title='bbox 382 4147 432 4224; x_wconf 83' lang='lat' dir='ltr'>lli</span> <span class='ocrx_word' id='word_1_179' title='bbox 451 4173 508 4223; x_wconf 79' lang='lat' dir='ltr'>illas</span> <span class='ocrx_word' id='word_1_180' title='bbox 521 4169 550 4234; x_wconf 72' lang='grc' dir='ltr'>Β,</span> <span class='ocrx_word' id='word_1_181' title='bbox 567 4171 626 4221; x_wconf 88' lang='lat' dir='ltr'>illos</span> <span class='ocrx_word' id='word_1_182' title='bbox 643 4187 709 4220; x_wconf 82' lang='lat' dir='ltr'>corr.</span> <span class='ocrx_word' id='word_1_183' title='bbox 729 4168 836 4221; x_wconf 80' lang='lat' dir='ltr'>Liersclr</span> 
     </span>
     <span class='ocr_line' id='line_1_32' title="bbox 347 4267 1020 4342; baseline -0.003 -15"><span class='ocrx_word' id='word_1_184' title='bbox 347 4272 465 4342; x_wconf 83' lang='lat' dir='ltr'>[XLVII]</span> <span class='ocrx_word' id='word_1_185' title='bbox 483 4289 514 4326; x_wconf 77' lang='lat' dir='ltr'>sa</span> <span class='ocrx_word' id='word_1_186' title='bbox 530 4273 569 4326; x_wconf 81' lang='lat' dir='ltr'>ed.</span> <span class='ocrx_word' id='word_1_187' title='bbox 589 4271 722 4324; x_wconf 67' lang='lat' dir='ltr'>Simonidi</span> <span class='ocrx_word' id='word_1_188' title='bbox 735 4289 764 4338; x_wconf 84' lang='lat' dir='ltr'>p.</span> <span class='ocrx_word' id='word_1_189' title='bbox 782 4267 833 4322; x_wconf 76' lang='lat'>207</span> <span class='ocrx_word' id='word_1_190' title='bbox 852 4273 868 4324; x_wconf 79' lang='lat'>1.</span> <span class='ocrx_word' id='word_1_191' title='bbox 888 4273 925 4322; x_wconf 88' lang='lat' dir='ltr'>IV</span> <span class='ocrx_word' id='word_1_192' title='bbox 942 4291 963 4326; x_wconf 82' lang='lat' dir='ltr'>c.</span> <span class='ocrx_word' id='word_1_193' title='bbox 982 4275 1020 4325; x_wconf 88' lang='lat'>111</span> 
     </span>
    </p>
   </div>
   <div class='ocr_carea' id='block_1_10' title="bbox 278 4457 1935 5670">
    <p class='ocr_par' dir='ltr' id='par_1_10' title="bbox 278 4457 1935 5670">
     <span class='ocr_line' id='line_1_33' title="bbox 382 4457 1931 4531; baseline -0.001 -15"><span class='ocrx_word' id='word_1_194' title='bbox 382 4462 408 4531; x_wconf 93' lang='lat'>1)</span> <span class='ocrx_word' id='word_1_195' title='bbox 428 4461 494 4516; x_wconf 72' lang='lat' dir='ltr'>Mer.</span> <span class='ocrx_word' id='word_1_196' title='bbox 517 4463 542 4528; x_wconf 88' lang='lat' dir='ltr'>I,</span> <span class='ocrx_word' id='word_1_197' title='bbox 553 4459 605 4514; x_wconf 90' lang='grc'>106</span> <span class='ocrx_word' id='word_1_198' title='bbox 629 4459 728 4530; x_wconf 84' lang='lat' dir='ltr'>patula</span> <span class='ocrx_word' id='word_1_199' title='bbox 751 4457 824 4512; x_wconf 86' lang='lat' dir='ltr'>Iovis</span> <span class='ocrx_word' id='word_1_200' title='bbox 842 4458 948 4513; x_wconf 84' lang='lat' dir='ltr'>arbore.</span> <span class='ocrx_word' id='word_1_201' title='bbox 1042 4459 1071 4527; x_wconf 73' lang='lat'>2)</span> <span class='ocrx_word' id='word_1_202' title='bbox 1097 4459 1140 4528; x_wconf 79' lang='lat' dir='ltr'>Cf.</span> <span class='ocrx_word' id='word_1_203' title='bbox 1159 4457 1268 4513; x_wconf 77' lang='lat' dir='ltr'>Isidori</span> <span class='ocrx_word' id='word_1_204' title='bbox 1291 4459 1382 4529; x_wconf 72' lang='lat' dir='ltr'>Oripp.</span> <span class='ocrx_word' id='word_1_205' title='bbox 1401 4461 1482 4527; x_wconf 83' lang='lat' dir='ltr'>VIII,</span> <span class='ocrx_word' id='word_1_206' title='bbox 1495 4461 1536 4526; x_wconf 83' lang='lat'>11,</span> <span class='ocrx_word' id='word_1_207' title='bbox 1550 4461 1581 4515; x_wconf 89' lang='grc'>61</span> <span class='ocrx_word' id='word_1_208' title='bbox 1602 4460 1741 4515; x_wconf 82' lang='lat' dir='ltr'>Tellurem</span> <span class='ocrx_word' id='word_1_209' title='bbox 1766 4463 1795 4516; x_wconf 87' lang='lat' dir='ltr'>et</span> <span class='ocrx_word' id='word_1_210' title='bbox 1812 4460 1931 4515; x_wconf 83' lang='lat' dir='ltr'>Matrem</span> 
     </span>
     <span class='ocr_line' id='line_1_34' title="bbox 279 4561 1932 4636; baseline 0 -18"><span class='ocrx_word' id='word_1_211' title='bbox 279 4581 410 4636; x_wconf 78' lang='lat' dir='ltr'>magnam</span> <span class='ocrx_word' id='word_1_212' title='bbox 433 4563 556 4636; x_wconf 81' lang='lat' dir='ltr'>lingunt,</span> <span class='ocrx_word' id='word_1_213' title='bbox 580 4562 711 4617; x_wconf 89' lang='lat' dir='ltr'>turritam</span> <span class='ocrx_word' id='word_1_214' title='bbox 734 4579 797 4616; x_wconf 88' lang='lat' dir='ltr'>eum</span> <span class='ocrx_word' id='word_1_215' title='bbox 814 4565 949 4631; x_wconf 85' lang='lat' dir='ltr'>tympano</span> <span class='ocrx_word' id='word_1_216' title='bbox 972 4565 1002 4616; x_wconf 89' lang='lat' dir='ltr'>ot</span> <span class='ocrx_word' id='word_1_217' title='bbox 1023 4563 1100 4632; x_wconf 83' lang='lat' dir='ltr'>gallo</span> <span class='ocrx_word' id='word_1_218' title='bbox 1123 4565 1151 4616; x_wconf 88' lang='lat' dir='ltr'>et</span> <span class='ocrx_word' id='word_1_219' title='bbox 1169 4561 1289 4631; x_wconf 84' lang='lat' dir='ltr'>strepitu</span> <span class='ocrx_word' id='word_1_220' title='bbox 1308 4561 1498 4630; x_wconf 82' lang='lat' dir='ltr'>cymbalorum</span> <span class='ocrx_word' id='word_1_221' title='bbox 1577 4564 1681 4618; x_wconf 84' lang='lat' dir='ltr'>almam</span> <span class='ocrx_word' id='word_1_222' title='bbox 1698 4565 1769 4630; x_wconf 75' lang='lat' dir='ltr'>(scal.</span> <span class='ocrx_word' id='word_1_223' title='bbox 1787 4567 1932 4632; x_wconf 74' lang='lat' dir='ltr'>moutam),</span> 
     </span>
     <span class='ocr_line' id='line_1_35' title="bbox 278 4665 1930 4738; baseline -0.001 -14"><span class='ocrx_word' id='word_1_224' title='bbox 278 4669 346 4738; x_wconf 90' lang='lat' dir='ltr'>qnia</span> <span class='ocrx_word' id='word_1_225' title='bbox 364 4668 493 4723; x_wconf 85' lang='lat' dir='ltr'>universa</span> <span class='ocrx_word' id='word_1_226' title='bbox 510 4665 645 4722; x_wconf 86' lang='lat' dir='ltr'>animalia</span> <span class='ocrx_word' id='word_1_227' title='bbox 662 4665 798 4721; x_wconf 78' lang='lat' dir='ltr'>fructibus</span> <span class='ocrx_word' id='word_1_228' title='bbox 817 4666 873 4720; x_wconf 89' lang='lat' dir='ltr'>suis</span> <span class='ocrx_word' id='word_1_229' title='bbox 891 4667 958 4720; x_wconf 85' lang='lat' dir='ltr'>alat.</span> <span class='ocrx_word' id='word_1_230' title='bbox 994 4666 1044 4720; x_wconf 88' lang='lat' dir='ltr'>Est</span> <span class='ocrx_word' id='word_1_231' title='bbox 1061 4665 1136 4720; x_wconf 87' lang='lat' dir='ltr'>enim</span> <span class='ocrx_word' id='word_1_232' title='bbox 1154 4665 1351 4722; x_wconf 87' lang='lat' dir='ltr'>alimentorum</span> <span class='ocrx_word' id='word_1_233' title='bbox 1369 4667 1464 4721; x_wconf 90' lang='lat' dir='ltr'>nutrix</span> <span class='ocrx_word' id='word_1_234' title='bbox 1483 4670 1566 4722; x_wconf 87' lang='lat' dir='ltr'>terra.</span> <span class='ocrx_word' id='word_1_235' title='bbox 1601 4667 1636 4722; x_wconf 70' lang='lat'>62</span> <span class='ocrx_word' id='word_1_236' title='bbox 1655 4667 1734 4734; x_wconf 83' lang='lat' dir='ltr'>Quod</span> <span class='ocrx_word' id='word_1_237' title='bbox 1753 4668 1930 4724; x_wconf 85' lang='lat' dir='ltr'>simulacrum</span> 
     </span>
     <span class='ocr_line' id='line_1_36' title="bbox 280 4768 1931 4841; baseline -0.001 -13"><span class='ocrx_word' id='word_1_238' title='bbox 280 4773 339 4828; x_wconf 89' lang='lat' dir='ltr'>eius</span> <span class='ocrx_word' id='word_1_239' title='bbox 357 4789 420 4828; x_wconf 87' lang='lat' dir='ltr'>oum</span> <span class='ocrx_word' id='word_1_240' title='bbox 437 4769 509 4826; x_wconf 82' lang='lat' dir='ltr'>olavi</span> <span class='ocrx_word' id='word_1_241' title='bbox 527 4769 657 4841; x_wconf 85' lang='lat' dir='ltr'>fingitur,</span> <span class='ocrx_word' id='word_1_242' title='bbox 680 4769 747 4839; x_wconf 87' lang='lat' dir='ltr'>qnia</span> <span class='ocrx_word' id='word_1_243' title='bbox 761 4769 845 4824; x_wconf 87' lang='lat' dir='ltr'>tellus</span> <span class='ocrx_word' id='word_1_244' title='bbox 862 4769 954 4824; x_wconf 86' lang='lat' dir='ltr'>hieme</span> <span class='ocrx_word' id='word_1_245' title='bbox 972 4768 1124 4835; x_wconf 87' lang='lat' dir='ltr'>clauditur,</span> <span class='ocrx_word' id='word_1_246' title='bbox 1142 4787 1206 4824; x_wconf 84' lang='lat' dir='ltr'>vere</span> <span class='ocrx_word' id='word_1_247' title='bbox 1224 4770 1362 4840; x_wconf 89' lang='lat' dir='ltr'>aperitur,</span> <span class='ocrx_word' id='word_1_248' title='bbox 1388 4771 1420 4824; x_wconf 91' lang='lat' dir='ltr'>ut</span> <span class='ocrx_word' id='word_1_249' title='bbox 1437 4771 1530 4840; x_wconf 80' lang='lat' dir='ltr'>fruges</span> <span class='ocrx_word' id='word_1_250' title='bbox 1547 4774 1699 4826; x_wconf 84' lang='lat' dir='ltr'>nascantur</span> <span class='ocrx_word' id='word_1_251' title='bbox 1799 4773 1833 4828; x_wconf 86' lang='grc'>63</span> <span class='ocrx_word' id='word_1_252' title='bbox 1851 4772 1931 4839; x_wconf 85' lang='lat' dir='ltr'>Quod</span> 
     </span>
     <span class='ocr_line' id='line_1_37' title="bbox 279 4871 1932 4944; baseline -0.001 -12"><span class='ocrx_word' id='word_1_253' title='bbox 279 4895 360 4932; x_wconf 86' lang='lat' dir='ltr'>curru</span> <span class='ocrx_word' id='word_1_254' title='bbox 378 4875 442 4930; x_wconf 88' lang='lat' dir='ltr'>vehi</span> <span class='ocrx_word' id='word_1_255' title='bbox 466 4874 582 4938; x_wconf 79' lang='lat' dir='ltr'>dIcitur‚</span> <span class='ocrx_word' id='word_1_256' title='bbox 606 4873 674 4942; x_wconf 86' lang='lat' dir='ltr'>quia</span> <span class='ocrx_word' id='word_1_257' title='bbox 698 4873 760 4942; x_wconf 87' lang='lat' dir='ltr'>ipsa</span> <span class='ocrx_word' id='word_1_258' title='bbox 783 4875 826 4926; x_wconf 88' lang='lat' dir='ltr'>est</span> <span class='ocrx_word' id='word_1_259' title='bbox 848 4875 936 4938; x_wconf 84' lang='lat' dir='ltr'>terra,</span> <span class='ocrx_word' id='word_1_260' title='bbox 959 4890 1031 4943; x_wconf 88' lang='lat' dir='ltr'>quae</span> <span class='ocrx_word' id='word_1_261' title='bbox 1053 4874 1158 4944; x_wconf 87' lang='lat' dir='ltr'>pendet</span> <span class='ocrx_word' id='word_1_262' title='bbox 1181 4873 1211 4927; x_wconf 91' lang='lat' dir='ltr'>in</span> <span class='ocrx_word' id='word_1_263' title='bbox 1233 4890 1306 4928; x_wconf 86' lang='lat' dir='ltr'>aere.</span> <span class='ocrx_word' id='word_1_264' title='bbox 1343 4872 1423 4939; x_wconf 83' lang='lat' dir='ltr'>Quod</span> <span class='ocrx_word' id='word_1_265' title='bbox 1447 4871 1601 4928; x_wconf 90' lang='lat' dir='ltr'>sustinetur</span> <span class='ocrx_word' id='word_1_266' title='bbox 1622 4874 1702 4938; x_wconf 87' lang='lat' dir='ltr'>rotis,</span> <span class='ocrx_word' id='word_1_267' title='bbox 1727 4875 1795 4944; x_wconf 90' lang='lat' dir='ltr'>quia</span> <span class='ocrx_word' id='word_1_268' title='bbox 1812 4876 1932 4930; x_wconf 89' lang='lat' dir='ltr'>mundus</span> 
     </span>
     <span class='ocr_line' id='line_1_38' title="bbox 279 4975 1932 5048; baseline -0.001 -13"><span class='ocrx_word' id='word_1_269' title='bbox 279 4983 387 5035; x_wconf 84' lang='lat' dir='ltr'>rotatur</span> <span class='ocrx_word' id='word_1_270' title='bbox 405 4981 434 5034; x_wconf 93' lang='lat' dir='ltr'>et</span> <span class='ocrx_word' id='word_1_271' title='bbox 451 4977 583 5033; x_wconf 85' lang='lat' dir='ltr'>volubilis</span> <span class='ocrx_word' id='word_1_272' title='bbox 601 4980 651 5031; x_wconf 89' lang='lat' dir='ltr'>est.</span> <span class='ocrx_word' id='word_1_273' title='bbox 687 4976 767 5043; x_wconf 85' lang='lat' dir='ltr'>Quod</span> <span class='ocrx_word' id='word_1_274' title='bbox 785 4977 879 5030; x_wconf 89' lang='lat' dir='ltr'>leones</span> <span class='ocrx_word' id='word_1_275' title='bbox 897 4976 940 5030; x_wconf 92' lang='lat' dir='ltr'>illi</span> <span class='ocrx_word' id='word_1_276' title='bbox 959 4976 1113 5031; x_wconf 88' lang='lat' dir='ltr'>subiiciunt</span> <span class='ocrx_word' id='word_1_277' title='bbox 1125 4979 1291 5042; x_wconf 85' lang='lat' dir='ltr'>mansuetos,</span> <span class='ocrx_word' id='word_1_278' title='bbox 1310 4980 1342 5031; x_wconf 90' lang='lat' dir='ltr'>ut</span> <span class='ocrx_word' id='word_1_279' title='bbox 1355 4975 1512 5042; x_wconf 73' lang='lat' dir='ltr'>ostendant,</span> <span class='ocrx_word' id='word_1_280' title='bbox 1530 4977 1639 5031; x_wconf 90' lang='lat' dir='ltr'>nullum</span> <span class='ocrx_word' id='word_1_281' title='bbox 1658 4994 1717 5033; x_wconf 88' lang='lat' dir='ltr'>esse</span> <span class='ocrx_word' id='word_1_282' title='bbox 1735 4995 1823 5048; x_wconf 79' lang='lat' dir='ltr'>genus</span> <span class='ocrx_word' id='word_1_283' title='bbox 1841 4983 1932 5034; x_wconf 84' lang='lat' dir='ltr'>terrac</span> 
     </span>
     <span class='ocr_line' id='line_1_39' title="bbox 280 5079 1932 5152; baseline -0.001 -14"><span class='ocrx_word' id='word_1_284' title='bbox 280 5087 339 5138; x_wconf 88' lang='lat' dir='ltr'>tarn</span> <span class='ocrx_word' id='word_1_285' title='bbox 361 5083 458 5148; x_wconf 82' lang='lat' dir='ltr'>ferum,</span> <span class='ocrx_word' id='word_1_286' title='bbox 480 5081 556 5151; x_wconf 93' lang='lat' dir='ltr'>quod</span> <span class='ocrx_word' id='word_1_287' title='bbox 574 5098 631 5136; x_wconf 91' lang='lat' dir='ltr'>non</span> <span class='ocrx_word' id='word_1_288' title='bbox 649 5079 742 5150; x_wconf 76' lang='lat' dir='ltr'>subigi</span> <span class='ocrx_word' id='word_1_289' title='bbox 761 5080 849 5150; x_wconf 88' lang='lat' dir='ltr'>possit</span> <span class='ocrx_word' id='word_1_290' title='bbox 866 5083 917 5135; x_wconf 91' lang='lat' dir='ltr'>aut</span> <span class='ocrx_word' id='word_1_291' title='bbox 934 5081 1059 5150; x_wconf 88' lang='lat' dir='ltr'>superari</span> <span class='ocrx_word' id='word_1_292' title='bbox 1081 5081 1116 5134; x_wconf 85' lang='lat' dir='ltr'>ab</span> <span class='ocrx_word' id='word_1_293' title='bbox 1141 5097 1181 5135; x_wconf 86' lang='lat' dir='ltr'>ea.</span> <span class='ocrx_word' id='word_1_294' title='bbox 1221 5081 1255 5134; x_wconf 84' lang='grc'>64</span> <span class='ocrx_word' id='word_1_295' title='bbox 1274 5080 1354 5145; x_wconf 84' lang='lat' dir='ltr'>Quod</span> <span class='ocrx_word' id='word_1_296' title='bbox 1375 5079 1405 5133; x_wconf 93' lang='lat' dir='ltr'>in</span> <span class='ocrx_word' id='word_1_297' title='bbox 1423 5081 1516 5150; x_wconf 83' lang='lat' dir='ltr'>capite</span> <span class='ocrx_word' id='word_1_298' title='bbox 1533 5081 1776 5152; x_wconf 80' lang='lat' dir='ltr'>turritam-gestat</span> <span class='ocrx_word' id='word_1_299' title='bbox 1794 5099 1932 5146; x_wconf 87' lang='lat' dir='ltr'>coronam,</span> 
     </span>
     <span class='ocr_line' id='line_1_40' title="bbox 279 5181 1932 5256; baseline 0 -16"><span class='ocrx_word' id='word_1_300' title='bbox 279 5185 403 5241; x_wconf 87' lang='lat' dir='ltr'>ostendit</span> <span class='ocrx_word' id='word_1_301' title='bbox 414 5183 603 5256; x_wconf 87' lang='lat' dir='ltr'>superpositas</span> <span class='ocrx_word' id='word_1_302' title='bbox 620 5186 712 5238; x_wconf 88' lang='lat' dir='ltr'>terrae</span> <span class='ocrx_word' id='word_1_303' title='bbox 724 5182 854 5237; x_wconf 85' lang='lat' dir='ltr'>civitates</span> <span class='ocrx_word' id='word_1_304' title='bbox 865 5183 946 5252; x_wconf 90' lang='lat' dir='ltr'>quasi</span> <span class='ocrx_word' id='word_1_305' title='bbox 959 5183 1109 5254; x_wconf 80' lang='lat' dir='ltr'>insignitas</span> <span class='ocrx_word' id='word_1_306' title='bbox 1121 5183 1245 5237; x_wconf 90' lang='lat' dir='ltr'>turribus</span> <span class='ocrx_word' id='word_1_307' title='bbox 1257 5185 1391 5238; x_wconf 82' lang='lat' dir='ltr'>constare.</span> <span class='ocrx_word' id='word_1_308' title='bbox 1428 5181 1507 5249; x_wconf 83' lang='lat' dir='ltr'>Quod</span> <span class='ocrx_word' id='word_1_309' title='bbox 1520 5182 1597 5238; x_wconf 88' lang='lat' dir='ltr'>sedes</span> <span class='ocrx_word' id='word_1_310' title='bbox 1610 5184 1755 5254; x_wconf 77' lang='lat' dir='ltr'>tinguntur</span> <span class='ocrx_word' id='word_1_311' title='bbox 1772 5184 1845 5239; x_wconf 86' lang='lat' dir='ltr'>circa</span> <span class='ocrx_word' id='word_1_312' title='bbox 1862 5202 1932 5251; x_wconf 90' lang='lat' dir='ltr'>eam,</span> 
     </span>
     <span class='ocr_line' id='line_1_41' title="bbox 279 5285 1933 5360; baseline -0.002 -15"><span class='ocrx_word' id='word_1_313' title='bbox 279 5291 347 5360; x_wconf 90' lang='lat' dir='ltr'>quia</span> <span class='ocrx_word' id='word_1_314' title='bbox 364 5307 428 5345; x_wconf 90' lang='lat' dir='ltr'>eum</span> <span class='ocrx_word' id='word_1_315' title='bbox 445 5289 540 5344; x_wconf 89' lang='lat' dir='ltr'>omnia</span> <span class='ocrx_word' id='word_1_316' title='bbox 552 5291 724 5350; x_wconf 85' lang='lat' dir='ltr'>moveantur,</span> <span class='ocrx_word' id='word_1_317' title='bbox 742 5287 833 5357; x_wconf 88' lang='lat' dir='ltr'>ipsam</span> <span class='ocrx_word' id='word_1_318' title='bbox 851 5304 907 5342; x_wconf 93' lang='lat' dir='ltr'>non</span> <span class='ocrx_word' id='word_1_319' title='bbox 925 5288 1039 5343; x_wconf 87' lang='lat' dir='ltr'>moveri.</span> <span class='ocrx_word' id='word_1_320' title='bbox 1075 5288 1110 5341; x_wconf 84' lang='grc'>65</span> <span class='ocrx_word' id='word_1_321' title='bbox 1128 5287 1207 5352; x_wconf 90' lang='lat' dir='ltr'>Quod</span> <span class='ocrx_word' id='word_1_322' title='bbox 1221 5286 1391 5355; x_wconf 84' lang='lat' dir='ltr'>Corybantes</span> <span class='ocrx_word' id='word_1_323' title='bbox 1411 5286 1470 5340; x_wconf 88' lang='lat' dir='ltr'>eiua</span> <span class='ocrx_word' id='word_1_324' title='bbox 1487 5285 1608 5341; x_wconf 87' lang='lat' dir='ltr'>ministri</span> <span class='ocrx_word' id='word_1_325' title='bbox 1627 5305 1690 5342; x_wconf 87' lang='lat' dir='ltr'>cnm</span> <span class='ocrx_word' id='word_1_326' title='bbox 1708 5288 1812 5342; x_wconf 87' lang='lat' dir='ltr'>strictis</span> <span class='ocrx_word' id='word_1_327' title='bbox 1830 5287 1933 5358; x_wconf 85' lang='lat' dir='ltr'>gladiis</span> 
     </span>
     <span class='ocr_line' id='line_1_42' title="bbox 279 5389 1933 5465; baseline -0.003 -15"><span class='ocrx_word' id='word_1_328' title='bbox 279 5412 338 5450; x_wconf 88' lang='lat' dir='ltr'>esse</span> <span class='ocrx_word' id='word_1_329' title='bbox 356 5395 512 5465; x_wconf 78' lang='lat' dir='ltr'>finguntur,</span> <span class='ocrx_word' id='word_1_330' title='bbox 534 5395 567 5446; x_wconf 95' lang='lat' dir='ltr'>ut</span> <span class='ocrx_word' id='word_1_331' title='bbox 584 5391 789 5461; x_wconf 79' lang='lat' dir='ltr'>significaretur</span> <span class='ocrx_word' id='word_1_332' title='bbox 806 5408 901 5446; x_wconf 89' lang='lat' dir='ltr'>omnes</span> <span class='ocrx_word' id='word_1_333' title='bbox 923 5409 973 5462; x_wconf 89' lang='lat' dir='ltr'>pro</span> <span class='ocrx_word' id='word_1_334' title='bbox 991 5394 1066 5445; x_wconf 86' lang='lat' dir='ltr'>terra</span> <span class='ocrx_word' id='word_1_335' title='bbox 1091 5407 1140 5444; x_wconf 87' lang='lat' dir='ltr'>sua</span> <span class='ocrx_word' id='word_1_336' title='bbox 1158 5389 1259 5445; x_wconf 90' lang='lat' dir='ltr'>debere</span> <span class='ocrx_word' id='word_1_337' title='bbox 1276 5406 1411 5460; x_wconf 82' lang='lat' dir='ltr'>pugnare.</span> <span class='ocrx_word' id='word_1_338' title='bbox 1453 5389 1532 5456; x_wconf 83' lang='lat' dir='ltr'>Quod</span> <span class='ocrx_word' id='word_1_339' title='bbox 1549 5389 1641 5459; x_wconf 82' lang='lat' dir='ltr'>gallos</span> <span class='ocrx_word' id='word_1_340' title='bbox 1658 5389 1723 5446; x_wconf 90' lang='lat' dir='ltr'>huic</span> <span class='ocrx_word' id='word_1_341' title='bbox 1741 5391 1810 5446; x_wconf 89' lang='lat' dir='ltr'>deae</span> <span class='ocrx_word' id='word_1_342' title='bbox 1829 5395 1861 5446; x_wconf 92' lang='lat' dir='ltr'>ut</span> <span class='ocrx_word' id='word_1_343' title='bbox 1878 5409 1933 5446; x_wconf 86' lang='lat' dir='ltr'>ser·</span> 
     </span>
     <span class='ocr_line' id='line_1_43' title="bbox 279 5493 1933 5567; baseline -0.002 -13"><span class='ocrx_word' id='word_1_344' title='bbox 279 5499 373 5554; x_wconf 79' lang='lat' dir='ltr'>virent</span> <span class='ocrx_word' id='word_1_345' title='bbox 389 5500 527 5563; x_wconf 84' lang='lat' dir='ltr'>lecerunt,</span> <span class='ocrx_word' id='word_1_346' title='bbox 544 5496 698 5567; x_wconf 78' lang='lat' dir='ltr'>significat,</span> <span class='ocrx_word' id='word_1_347' title='bbox 717 5497 767 5565; x_wconf 90' lang='lat' dir='ltr'>qui</span> <span class='ocrx_word' id='word_1_348' title='bbox 785 5496 891 5552; x_wconf 84' lang='lat' dir='ltr'>semine</span> <span class='ocrx_word' id='word_1_349' title='bbox 910 5496 1065 5566; x_wconf 80' lang='lat' dir='ltr'>indigeant,</span> <span class='ocrx_word' id='word_1_350' title='bbox 1084 5498 1187 5548; x_wconf 86' lang='lat' dir='ltr'>terram</span> <span class='ocrx_word' id='word_1_351' title='bbox 1205 5494 1284 5562; x_wconf 87' lang='lat' dir='ltr'>sequi</span> <span class='ocrx_word' id='word_1_352' title='bbox 1294 5495 1429 5563; x_wconf 88' lang='lat' dir='ltr'>oportere.</span> <span class='ocrx_word' id='word_1_353' title='bbox 1468 5493 1500 5547; x_wconf 93' lang='lat' dir='ltr'>ln</span> <span class='ocrx_word' id='word_1_354' title='bbox 1519 5509 1552 5547; x_wconf 89' lang='lat' dir='ltr'>ea</span> <span class='ocrx_word' id='word_1_355' title='bbox 1569 5493 1675 5564; x_wconf 86' lang='lat' dir='ltr'>quippe</span> <span class='ocrx_word' id='word_1_356' title='bbox 1692 5493 1787 5548; x_wconf 85' lang='lat' dir='ltr'>omnis</span> <span class='ocrx_word' id='word_1_357' title='bbox 1804 5494 1933 5565; x_wconf 78' lang='lat' dir='ltr'>reperire.</span> 
     </span>
     <span class='ocr_line' id='line_1_44' title="bbox 280 5596 1935 5670; baseline -0.004 -13"><span class='ocrx_word' id='word_1_358' title='bbox 280 5604 379 5658; x_wconf 88' lang='grc'>66...</span> <span class='ocrx_word' id='word_1_359' title='bbox 397 5601 593 5670; x_wconf 84' lang='lat' dir='ltr'>Cymbalorum</span> <span class='ocrx_word' id='word_1_360' title='bbox 610 5618 753 5656; x_wconf 87' lang='lat' dir='ltr'>aereorum</span> <span class='ocrx_word' id='word_1_361' title='bbox 771 5602 879 5656; x_wconf 90' lang='lat' dir='ltr'>sonitus</span> <span class='ocrx_word' id='word_1_362' title='bbox 896 5601 1123 5656; x_wconf 81' lang='lat' dir='ltr'>ferramentorum</span> <span class='ocrx_word' id='word_1_363' title='bbox 1142 5597 1264 5666; x_wconf 79' lang='lat' dir='ltr'>crepitus</span> <span class='ocrx_word' id='word_1_364' title='bbox 1288 5598 1318 5651; x_wconf 91' lang='lat' dir='ltr'>in</span> <span class='ocrx_word' id='word_1_365' title='bbox 1336 5596 1451 5652; x_wconf 88' lang='lat' dir='ltr'>colendo</span> <span class='ocrx_word' id='word_1_366' title='bbox 1469 5614 1537 5666; x_wconf 83' lang='lat' dir='ltr'>agro</span> <span class='ocrx_word' id='word_1_367' title='bbox 1619 5597 1661 5666; x_wconf 77' lang='lat' dir='ltr'>Os.</span> <span class='ocrx_word' id='word_1_368' title='bbox 1684 5599 1764 5654; x_wconf 80' lang='lat' dir='ltr'>etiam</span> <span class='ocrx_word' id='word_1_369' title='bbox 1783 5600 1935 5668; x_wconf 67' lang='lat' dir='ltr'>Asfflsstim&#39;</span> 
     </span>
    </p>
   </div>
   <div class='ocr_carea' id='block_1_11' title="bbox 282 5706 1727 5850">
    <p class='ocr_par' dir='ltr' id='par_1_11' title="bbox 282 5706 1727 5850">
     <span class='ocr_line' id='line_1_45' title="bbox 282 5706 786 5762; baseline -0.002 -1"><span class='ocrx_word' id='word_1_370' title='bbox 282 5706 416 5761; x_wconf 71' lang='lat' dir='ltr'>Desinit.</span> <span class='ocrx_word' id='word_1_371' title='bbox 435 5707 480 5760; x_wconf 84' lang='lat' dir='ltr'>dei</span> <span class='ocrx_word' id='word_1_372' title='bbox 497 5707 514 5759; x_wconf 87' lang='lat' dir='ltr'>l.</span> <span class='ocrx_word' id='word_1_373' title='bbox 534 5708 592 5760; x_wconf 86' lang='lat' dir='ltr'>VII</span> <span class='ocrx_word' id='word_1_374' title='bbox 605 5723 627 5762; x_wconf 85' lang='lat' dir='ltr'>c.</span> <span class='ocrx_word' id='word_1_375' title='bbox 646 5707 687 5762; x_wconf 75' lang='lat'>2⁴.</span> <span class='ocrx_word' id='word_1_376' title='bbox 782 5745 786 5760; x_wconf 91' lang='lat'><em>.</em></span> 
     </span>
     <span class='ocr_line' id='line_1_46' title="bbox 1677 5799 1727 5850; baseline 0 0"><span class='ocrx_word' id='word_1_377' title='bbox 1677 5799 1727 5850; x_wconf 75' lang='lat' dir='ltr'>te·</span> 
     </span>
    </p>
   </div>
   <div class='ocr_carea' id='block_1_12' title="bbox 0 0 2390 6404">
    <p class='ocr_par' dir='ltr' id='par_1_12' title="bbox 0 0 2390 6404">
     <span class='ocr_line' id='line_1_47' title="bbox 0 0 2390 6404; baseline 0 0"><span class='ocrx_word' id='word_1_378' title='bbox 0 0 2390 6404; x_wconf 95' lang='lat' dir='ltr'> </span> 
     </span>
    </p>
   </div>
  </div>
 </body>
</html>
