<?xml version="1.0" encoding="UTF-8"?>
<!DOCTYPE html PUBLIC "-//W3C//DTD XHTML 1.0 Transitional//EN"
    "http://www.w3.org/TR/xhtml1/DTD/xhtml1-transitional.dtd">
<html xmlns="http://www.w3.org/1999/xhtml" xml:lang="en" lang="en">
 <head>
  <title>
</title>
<meta http-equiv="Content-Type" content="text/html;charset=utf-8" />
  <meta name='ocr-system' content='tesseract 3.04.00' />
  <meta name='ocr-capabilities' content='ocr_page ocr_carea ocr_par ocr_line ocrx_word'/>
</head>
<body>
  <div class='ocr_page' id='page_1' title='image "./monumentagerman01unkngoog/monumentagerman01unkngoog_0274.png"; bbox 0 0 4694 6428; ppageno 0'>
   <div class='ocr_carea' id='block_1_1' title="bbox 613 429 1478 497">
    <p class='ocr_par' dir='ltr' id='par_1_1' title="bbox 613 429 1478 497">
     <span class='ocr_line' id='line_1_1' title="bbox 613 429 1478 497; baseline 0.002 -12"><span class='ocrx_word' id='word_1_1' title='bbox 613 431 662 485; x_wconf 87' lang='lat' dir='ltr'>AD</span> <span class='ocrx_word' id='word_1_2' title='bbox 680 429 856 486; x_wconf 81' lang='lat' dir='ltr'><strong>OAROLUM</strong></span> <span class='ocrx_word' id='word_1_3' title='bbox 875 431 1154 497; x_wconf 77' lang='lat' dir='ltr'>IMPERATOREM,</span> <span class='ocrx_word' id='word_1_4' title='bbox 1172 432 1221 486; x_wconf 80' lang='lat' dir='ltr'>AD</span> <span class='ocrx_word' id='word_1_5' title='bbox 1240 431 1478 488; x_wconf 85' lang='lat' dir='ltr'>FRIDUCINUM.</span> 
     </span>
    </p>
   </div>
   <div class='ocr_carea' id='block_1_2' title="bbox 497 603 1573 2860">
    <p class='ocr_par' dir='ltr' id='par_1_2' title="bbox 497 603 1573 2860">
     <span class='ocr_line' id='line_1_2' title="bbox 504 603 1571 690; baseline 0.007 -25"><span class='ocrx_word' id='word_1_6' title='bbox 504 628 529 665; x_wconf 81' lang='lat' dir='ltr'>cs</span> <span class='ocrx_word' id='word_1_7' title='bbox 587 603 677 678; x_wconf 84' lang='lat' dir='ltr'>Quos</span> <span class='ocrx_word' id='word_1_8' title='bbox 700 627 854 671; x_wconf 86' lang='lat' dir='ltr'>revocare</span> <span class='ocrx_word' id='word_1_9' title='bbox 881 604 1012 690; x_wconf 90' lang='lat' dir='ltr'>quidem</span> <span class='ocrx_word' id='word_1_10' title='bbox 1042 605 1173 670; x_wconf 80' lang='lat' dir='ltr'>studeat</span> <span class='ocrx_word' id='word_1_11' title='bbox 1199 613 1256 671; x_wconf 90' lang='lat' dir='ltr'>tua</span> <span class='ocrx_word' id='word_1_12' title='bbox 1284 613 1396 672; x_wconf 88' lang='lat' dir='ltr'>sancta</span> <span class='ocrx_word' id='word_1_13' title='bbox 1419 608 1571 672; x_wconf 82' lang='lat' dir='ltr'>uoluntas</span> 
     </span>
     <span class='ocr_line' id='line_1_3' title="bbox 667 708 1387 795; baseline 0.004 -23"><span class='ocrx_word' id='word_1_14' title='bbox 667 708 720 772; x_wconf 86' lang='lat' dir='ltr'>Ad</span> <span class='ocrx_word' id='word_1_15' title='bbox 747 709 837 795; x_wconf 83' lang='lat' dir='ltr'><strong>pacis</strong></span> <span class='ocrx_word' id='word_1_16' title='bbox 867 708 1002 789; x_wconf 92' lang='lat' dir='ltr'>donum,</span> <span class='ocrx_word' id='word_1_17' title='bbox 1031 730 1091 795; x_wconf 90' lang='lat' dir='ltr'>per</span> <span class='ocrx_word' id='word_1_18' title='bbox 1118 709 1174 795; x_wconf 88' lang='lat' dir='ltr'>pia</span> <span class='ocrx_word' id='word_1_19' title='bbox 1201 711 1302 775; x_wconf 86' lang='lat' dir='ltr'>verba</span> <span class='ocrx_word' id='word_1_20' title='bbox 1324 711 1387 775; x_wconf 88' lang='lat' dir='ltr'>dei.</span> 
     </span>
     <span class='ocr_line' id='line_1_4' title="bbox 584 812 1421 900; baseline 0.001 -23"><span class='ocrx_word' id='word_1_21' title='bbox 584 813 684 898; x_wconf 85' lang='lat' dir='ltr'>Erige</span> <span class='ocrx_word' id='word_1_22' title='bbox 714 813 879 879; x_wconf 89' lang='lat' dir='ltr'>subiectos</span> <span class='ocrx_word' id='word_1_23' title='bbox 911 820 944 878; x_wconf 91' lang='lat' dir='ltr'>et</span> <span class='ocrx_word' id='word_1_24' title='bbox 972 813 1036 877; x_wconf 90' lang='lat' dir='ltr'>iam</span> <span class='ocrx_word' id='word_1_25' title='bbox 1068 812 1195 898; x_wconf 88' lang='lat' dir='ltr'>depone</span> <span class='ocrx_word' id='word_1_26' title='bbox 1228 815 1387 900; x_wconf 91' lang='lat' dir='ltr'>superbos</span> <span class='ocrx_word' id='word_1_27' title='bbox 1400 817 1421 892; x_wconf 89' lang='lat'>¹,</span> 
     </span>
     <span class='ocr_line' id='line_1_5' title="bbox 666 915 1430 1003; baseline 0.005 -24"><span class='ocrx_word' id='word_1_28' title='bbox 666 915 713 979; x_wconf 92' lang='lat' dir='ltr'>Ut</span> <span class='ocrx_word' id='word_1_29' title='bbox 739 937 806 1003; x_wconf 84' lang='lat' dir='ltr'>pax</span> <span class='ocrx_word' id='word_1_30' title='bbox 836 922 869 980; x_wconf 91' lang='lat' dir='ltr'>et</span> <span class='ocrx_word' id='word_1_31' title='bbox 895 916 1001 1002; x_wconf 88' lang='lat' dir='ltr'>pietas</span> <span class='ocrx_word' id='word_1_32' title='bbox 1031 923 1149 1001; x_wconf 80' lang='lat' dir='ltr'>regnet</span> <span class='ocrx_word' id='word_1_33' title='bbox 1177 916 1299 1003; x_wconf 91' lang='lat' dir='ltr'>ubique</span> <span class='ocrx_word' id='word_1_34' title='bbox 1328 939 1430 983; x_wconf 86' lang='lat' dir='ltr'>sacra.</span> 
     </span>
     <span class='ocr_line' id='line_1_6' title="bbox 583 1017 1573 1105; baseline 0.002 -23"><span class='ocrx_word' id='word_1_35' title='bbox 583 1019 701 1082; x_wconf 78' lang='lat' dir='ltr'><strong>Pastor</strong></span> <span class='ocrx_word' id='word_1_36' title='bbox 728 1017 960 1104; x_wconf 78' lang='lat' dir='ltr'>apostolicus²,</span> <span class='ocrx_word' id='word_1_37' title='bbox 989 1019 1054 1083; x_wconf 90' lang='lat' dir='ltr'>iam</span> <span class='ocrx_word' id='word_1_38' title='bbox 1083 1020 1206 1105; x_wconf 89' lang='lat' dir='ltr'>primus</span> <span class='ocrx_word' id='word_1_39' title='bbox 1237 1021 1270 1084; x_wconf 95' lang='lat' dir='ltr'>in</span> <span class='ocrx_word' id='word_1_40' title='bbox 1299 1021 1378 1085; x_wconf 90' lang='lat' dir='ltr'>orbe</span> <span class='ocrx_word' id='word_1_41' title='bbox 1409 1019 1573 1101; x_wconf 79' lang='lat' dir='ltr'>sacerdos,</span> 
     </span>
     <span class='ocr_line' id='line_1_7' title="bbox 501 1122 1440 1210; baseline 0.011 -30"><span class='ocrx_word' id='word_1_42' title='bbox 501 1143 527 1181; x_wconf 77' lang='lat' dir='ltr'>ro</span> <span class='ocrx_word' id='word_1_43' title='bbox 669 1122 734 1188; x_wconf 90' lang='lat' dir='ltr'>Per</span> <span class='ocrx_word' id='word_1_44' title='bbox 761 1129 794 1188; x_wconf 90' lang='lat' dir='ltr'>te</span> <span class='ocrx_word' id='word_1_45' title='bbox 823 1143 897 1187; x_wconf 92' lang='lat' dir='ltr'>cum</span> <span class='ocrx_word' id='word_1_46' title='bbox 919 1125 1040 1209; x_wconf 91' lang='lat' dir='ltr'>populo</span> <span class='ocrx_word' id='word_1_47' title='bbox 1068 1123 1211 1208; x_wconf 78' lang='lat' dir='ltr'>gaudeat</span> <span class='ocrx_word' id='word_1_48' title='bbox 1238 1125 1309 1210; x_wconf 92' lang='lat' dir='ltr'>ipse</span> <span class='ocrx_word' id='word_1_49' title='bbox 1338 1131 1440 1210; x_wconf 88' lang='lat' dir='ltr'>pater.</span> 
     </span>
     <span class='ocr_line' id='line_1_8' title="bbox 583 1226 1492 1314; baseline 0.002 -25"><span class='ocrx_word' id='word_1_50' title='bbox 583 1226 705 1290; x_wconf 89' lang='lat' dir='ltr'>Rector</span> <span class='ocrx_word' id='word_1_51' title='bbox 735 1232 768 1291; x_wconf 90' lang='lat' dir='ltr'>et</span> <span class='ocrx_word' id='word_1_52' title='bbox 797 1226 959 1290; x_wconf 89' lang='lat' dir='ltr'>ecclesiae</span> <span class='ocrx_word' id='word_1_53' title='bbox 988 1248 1048 1312; x_wconf 91' lang='lat' dir='ltr'>per</span> <span class='ocrx_word' id='word_1_54' title='bbox 1075 1233 1127 1308; x_wconf 90' lang='lat' dir='ltr'>te,</span> <span class='ocrx_word' id='word_1_55' title='bbox 1158 1248 1235 1308; x_wconf 84' lang='lat' dir='ltr'>rex,</span> <span class='ocrx_word' id='word_1_56' title='bbox 1267 1228 1328 1292; x_wconf 88' lang='lat' dir='ltr'>rite</span> <span class='ocrx_word' id='word_1_57' title='bbox 1359 1235 1492 1314; x_wconf 92' lang='lat' dir='ltr'>regatur</span> 
     </span>
     <span class='ocr_line' id='line_1_9' title="bbox 666 1327 1462 1415; baseline 0.005 -23"><span class='ocrx_word' id='word_1_58' title='bbox 666 1327 709 1392; x_wconf 84' lang='lat' dir='ltr'>Et</span> <span class='ocrx_word' id='word_1_59' title='bbox 735 1335 768 1393; x_wconf 89' lang='lat' dir='ltr'>te</span> <span class='ocrx_word' id='word_1_60' title='bbox 797 1329 1027 1415; x_wconf 82' lang='lat' dir='ltr'>magnipotens</span> <span class='ocrx_word' id='word_1_61' title='bbox 1057 1329 1175 1394; x_wconf 86' lang='lat' dir='ltr'>dextra</span> <span class='ocrx_word' id='word_1_62' title='bbox 1203 1337 1297 1415; x_wconf 90' lang='lat' dir='ltr'>regat</span> <span class='ocrx_word' id='word_1_63' title='bbox 1325 1330 1462 1404; x_wconf 88' lang='lat' dir='ltr'>domini;</span> 
     </span>
     <span class='ocr_line' id='line_1_10' title="bbox 583 1431 1317 1518; baseline 0.003 -23"><span class='ocrx_word' id='word_1_64' title='bbox 583 1431 628 1496; x_wconf 89' lang='lat' dir='ltr'>Ut</span> <span class='ocrx_word' id='word_1_65' title='bbox 655 1431 737 1496; x_wconf 84' lang='lat' dir='ltr'>lelix</span> <span class='ocrx_word' id='word_1_66' title='bbox 766 1432 856 1496; x_wconf 82' lang='lat' dir='ltr'>rivas</span> <span class='ocrx_word' id='word_1_67' title='bbox 887 1433 954 1497; x_wconf 91' lang='lat' dir='ltr'>lato</span> <span class='ocrx_word' id='word_1_68' title='bbox 981 1440 1136 1518; x_wconf 87' lang='lat' dir='ltr'>regnator</span> <span class='ocrx_word' id='word_1_69' title='bbox 1164 1435 1198 1497; x_wconf 92' lang='lat' dir='ltr'>in</span> <span class='ocrx_word' id='word_1_70' title='bbox 1227 1434 1317 1516; x_wconf 91' lang='lat' dir='ltr'>orbe,</span> 
     </span>
     <span class='ocr_line' id='line_1_11' title="bbox 664 1535 1516 1626; baseline 0.004 -28"><span class='ocrx_word' id='word_1_71' title='bbox 664 1535 844 1600; x_wconf 89' lang='lat' dir='ltr'>Proficiens</span> <span class='ocrx_word' id='word_1_72' title='bbox 875 1535 976 1601; x_wconf 87' lang='lat' dir='ltr'>facias</span> <span class='ocrx_word' id='word_1_73' title='bbox 1008 1541 1127 1600; x_wconf 91' lang='lat' dir='ltr'>cuncta</span> <span class='ocrx_word' id='word_1_74' title='bbox 1155 1535 1217 1601; x_wconf 94' lang='lat' dir='ltr'>deo</span> <span class='ocrx_word' id='word_1_75' title='bbox 1245 1536 1377 1622; x_wconf 89' lang='lat' dir='ltr'>placita.</span> <span class='ocrx_word' id='word_1_76' title='bbox 1510 1621 1516 1626; x_wconf 28' lang='grc' dir='ltr'>ι</span> 
     </span>
     <span class='ocr_line' id='line_1_12' title="bbox 502 1639 1450 1723; baseline 0.009 -27"><span class='ocrx_word' id='word_1_77' title='bbox 502 1659 526 1696; x_wconf 77' lang='lat' dir='ltr'>rs</span> <span class='ocrx_word' id='word_1_78' title='bbox 583 1639 732 1723; x_wconf 83' lang='lat' dir='ltr'>Angelus</span> <span class='ocrx_word' id='word_1_79' title='bbox 763 1639 912 1704; x_wconf 87' lang='lat' dir='ltr'>aetheria</span> <span class='ocrx_word' id='word_1_80' title='bbox 940 1639 1076 1704; x_wconf 86' lang='lat' dir='ltr'>veniens</span> <span class='ocrx_word' id='word_1_81' title='bbox 1107 1641 1259 1704; x_wconf 89' lang='lat' dir='ltr'>caelestis</span> <span class='ocrx_word' id='word_1_82' title='bbox 1288 1640 1329 1704; x_wconf 92' lang='lat' dir='ltr'>ab</span> <span class='ocrx_word' id='word_1_83' title='bbox 1361 1660 1450 1720; x_wconf 88' lang='lat' dir='ltr'>arce,</span> 
     </span>
     <span class='ocr_line' id='line_1_13' title="bbox 664 1740 1439 1828; baseline 0.003 -23"><span class='ocrx_word' id='word_1_84' title='bbox 664 1740 728 1815; x_wconf 84' lang='lat' dir='ltr'>Qui</span> <span class='ocrx_word' id='word_1_85' title='bbox 759 1751 866 1807; x_wconf 90' lang='lat' dir='ltr'>tecum</span> <span class='ocrx_word' id='word_1_86' title='bbox 893 1750 1026 1808; x_wconf 89' lang='lat' dir='ltr'>maneat</span> <span class='ocrx_word' id='word_1_87' title='bbox 1057 1752 1152 1808; x_wconf 89' lang='lat' dir='ltr'>nocte</span> <span class='ocrx_word' id='word_1_88' title='bbox 1181 1742 1300 1828; x_wconf 90' lang='lat' dir='ltr'>dieque</span> <span class='ocrx_word' id='word_1_89' title='bbox 1332 1744 1439 1824; x_wconf 91' lang='lat' dir='ltr'>simul,</span> 
     </span>
     <span class='ocr_line' id='line_1_14' title="bbox 580 1846 1509 1933; baseline 0.002 -24"><span class='ocrx_word' id='word_1_90' title='bbox 580 1846 742 1932; x_wconf 82' lang='lat' dir='ltr'>Prospere</span> <span class='ocrx_word' id='word_1_91' title='bbox 766 1847 820 1932; x_wconf 90' lang='lat' dir='ltr'>qui</span> <span class='ocrx_word' id='word_1_92' title='bbox 850 1867 980 1933; x_wconf 87' lang='lat' dir='ltr'>semper</span> <span class='ocrx_word' id='word_1_93' title='bbox 1008 1852 1057 1928; x_wconf 89' lang='lat' dir='ltr'>te,</span> <span class='ocrx_word' id='word_1_94' title='bbox 1086 1869 1165 1927; x_wconf 88' lang='lat' dir='ltr'>rex,</span> <span class='ocrx_word' id='word_1_95' title='bbox 1197 1846 1338 1911; x_wconf 90' lang='lat' dir='ltr'>deducat</span> <span class='ocrx_word' id='word_1_96' title='bbox 1366 1854 1509 1928; x_wconf 89' lang='lat' dir='ltr'>euntem,</span> 
     </span>
     <span class='ocr_line' id='line_1_15' title="bbox 665 1950 1434 2042; baseline 0 -28"><span class='ocrx_word' id='word_1_97' title='bbox 665 1950 709 2014; x_wconf 88' lang='lat' dir='ltr'>Et</span> <span class='ocrx_word' id='word_1_98' title='bbox 737 1951 905 2016; x_wconf 90' lang='lat' dir='ltr'>redeuntis</span> <span class='ocrx_word' id='word_1_99' title='bbox 927 1951 996 2042; x_wconf 88' lang='lat' dir='ltr'>iter</span> <span class='ocrx_word' id='word_1_100' title='bbox 1026 1957 1178 2037; x_wconf 89' lang='lat' dir='ltr'>protegat</span> <span class='ocrx_word' id='word_1_101' title='bbox 1205 1960 1302 2036; x_wconf 89' lang='lat' dir='ltr'>atque</span> <span class='ocrx_word' id='word_1_102' title='bbox 1331 1959 1434 2036; x_wconf 88' lang='lat' dir='ltr'>regat,</span> 
     </span>
     <span class='ocr_line' id='line_1_16' title="bbox 581 2053 1432 2140; baseline 0.004 -24"><span class='ocrx_word' id='word_1_103' title='bbox 581 2053 627 2117; x_wconf 93' lang='lat' dir='ltr'>Ut</span> <span class='ocrx_word' id='word_1_104' title='bbox 654 2060 687 2118; x_wconf 89' lang='lat' dir='ltr'>te</span> <span class='ocrx_word' id='word_1_105' title='bbox 717 2055 873 2140; x_wconf 89' lang='lat' dir='ltr'>suscipiat</span> <span class='ocrx_word' id='word_1_106' title='bbox 900 2056 1057 2119; x_wconf 88' lang='lat' dir='ltr'>victorem</span> <span class='ocrx_word' id='word_1_107' title='bbox 1084 2055 1225 2119; x_wconf 79' lang='lat' dir='ltr'>Francia</span> <span class='ocrx_word' id='word_1_108' title='bbox 1252 2055 1432 2140; x_wconf 73' lang='lat' dir='ltr'>gaudens,</span> 
     </span>
     <span class='ocr_line' id='line_1_17' title="bbox 500 2156 1346 2243; baseline 0.006 -28"><span class='ocrx_word' id='word_1_109' title='bbox 500 2181 525 2215; x_wconf 81' lang='lat' dir='ltr'>so</span> <span class='ocrx_word' id='word_1_110' title='bbox 670 2156 776 2221; x_wconf 88' lang='lat' dir='ltr'>Obvia</span> <span class='ocrx_word' id='word_1_111' title='bbox 803 2157 955 2243; x_wconf 91' lang='lat' dir='ltr'>palmatis</span> <span class='ocrx_word' id='word_1_112' title='bbox 984 2164 1018 2221; x_wconf 89' lang='lat' dir='ltr'>et</span> <span class='ocrx_word' id='word_1_113' title='bbox 1047 2157 1198 2221; x_wconf 90' lang='lat' dir='ltr'>manibus</span> <span class='ocrx_word' id='word_1_114' title='bbox 1226 2157 1346 2221; x_wconf 86' lang='lat' dir='ltr'>veniat.</span> 
     </span>
     <span class='ocr_line' id='line_1_18' title="bbox 581 2260 1518 2342; baseline -0.001 -17"><span class='ocrx_word' id='word_1_115' title='bbox 581 2261 654 2325; x_wconf 90' lang='lat' dir='ltr'>Hoc</span> <span class='ocrx_word' id='word_1_116' title='bbox 682 2261 804 2325; x_wconf 86' lang='lat' dir='ltr'>tribuat</span> <span class='ocrx_word' id='word_1_117' title='bbox 835 2260 1004 2341; x_wconf 83' lang='lat' dir='ltr'>Christus,</span> <span class='ocrx_word' id='word_1_118' title='bbox 1032 2260 1145 2325; x_wconf 92' lang='lat' dir='ltr'>mundi</span> <span class='ocrx_word' id='word_1_119' title='bbox 1175 2261 1368 2325; x_wconf 89' lang='lat' dir='ltr'>mitissimus</span> <span class='ocrx_word' id='word_1_120' title='bbox 1395 2267 1518 2342; x_wconf 90' lang='lat' dir='ltr'>auctor,</span> 
     </span>
     <span class='ocr_line' id='line_1_19' title="bbox 663 2363 1423 2444; baseline 0 -17"><span class='ocrx_word' id='word_1_121' title='bbox 663 2363 708 2427; x_wconf 91' lang='lat' dir='ltr'>Ut</span> <span class='ocrx_word' id='word_1_122' title='bbox 736 2363 871 2428; x_wconf 86' lang='lat' dir='ltr'>veniens</span> <span class='ocrx_word' id='word_1_123' title='bbox 897 2364 1026 2443; x_wconf 83' lang='lat' dir='ltr'>venias,</span> <span class='ocrx_word' id='word_1_124' title='bbox 1059 2363 1167 2427; x_wconf 84' lang='lat' dir='ltr'>David</span> <span class='ocrx_word' id='word_1_125' title='bbox 1196 2371 1319 2444; x_wconf 86' lang='lat' dir='ltr'>amate,</span> <span class='ocrx_word' id='word_1_126' title='bbox 1349 2363 1423 2428; x_wconf 90' lang='lat' dir='ltr'>cito.</span> 
     </span>
     <span class='ocr_line' id='line_1_20' title="bbox 581 2465 1515 2552; baseline 0.002 -22"><span class='ocrx_word' id='word_1_127' title='bbox 581 2466 655 2531; x_wconf 90' lang='lat' dir='ltr'>Hoc</span> <span class='ocrx_word' id='word_1_128' title='bbox 683 2466 760 2529; x_wconf 91' lang='lat' dir='ltr'>mihi</span> <span class='ocrx_word' id='word_1_129' title='bbox 791 2467 1018 2552; x_wconf 89' lang='lat' dir='ltr'>cunctipotens</span> <span class='ocrx_word' id='word_1_130' title='bbox 1048 2465 1147 2531; x_wconf 89' lang='lat' dir='ltr'>donet</span> <span class='ocrx_word' id='word_1_131' title='bbox 1174 2467 1350 2532; x_wconf 89' lang='lat' dir='ltr'>clementia</span> <span class='ocrx_word' id='word_1_132' title='bbox 1382 2466 1515 2546; x_wconf 82' lang='lat' dir='ltr'>Christi,</span> 
     </span>
     <span class='ocr_line' id='line_1_21' title="bbox 663 2570 1450 2638; baseline 0.001 -3"><span class='ocrx_word' id='word_1_133' title='bbox 663 2571 708 2635; x_wconf 91' lang='lat' dir='ltr'>Ut</span> <span class='ocrx_word' id='word_1_134' title='bbox 736 2570 865 2636; x_wconf 86' lang='lat' dir='ltr'>videam</span> <span class='ocrx_word' id='word_1_135' title='bbox 895 2572 1012 2636; x_wconf 86' lang='lat' dir='ltr'>faciem</span> <span class='ocrx_word' id='word_1_136' title='bbox 1042 2573 1149 2638; x_wconf 91' lang='lat' dir='ltr'>laetus</span> <span class='ocrx_word' id='word_1_137' title='bbox 1181 2573 1215 2636; x_wconf 94' lang='lat' dir='ltr'>in</span> <span class='ocrx_word' id='word_1_138' title='bbox 1245 2573 1323 2638; x_wconf 88' lang='lat' dir='ltr'>orbe</span> <span class='ocrx_word' id='word_1_139' title='bbox 1352 2579 1450 2637; x_wconf 89' lang='lat' dir='ltr'>tuam.</span> 
     </span>
     <span class='ocr_line' id='line_1_22' title="bbox 497 2665 1497 2762; baseline 0.005 -28"><span class='ocrx_word' id='word_1_140' title='bbox 497 2699 521 2734; x_wconf 80' lang='lat' dir='ltr'>ss</span> <span class='ocrx_word' id='word_1_141' title='bbox 579 2675 607 2738; x_wconf 94' lang='grc' dir='ltr'>Ο</span> <span class='ocrx_word' id='word_1_142' title='bbox 639 2681 746 2760; x_wconf 89' lang='lat' dir='ltr'>pater,</span> <span class='ocrx_word' id='word_1_143' title='bbox 777 2696 795 2738; x_wconf 90' lang='lat' dir='ltr'>o</span> <span class='ocrx_word' id='word_1_144' title='bbox 822 2681 951 2761; x_wconf 86' lang='lat' dir='ltr'>pastor,</span> <span class='ocrx_word' id='word_1_145' title='bbox 980 2682 1102 2758; x_wconf 86' lang='lat' dir='ltr'>rector,</span> <span class='ocrx_word' id='word_1_146' title='bbox 1137 2698 1214 2762; x_wconf 90' lang='lat' dir='ltr'>spes</span> <span class='ocrx_word' id='word_1_147' title='bbox 1242 2665 1497 2756; x_wconf 46' lang='lat' dir='ltr'>alma&#39;tuorum,</span> 
     </span>
     <span class='ocr_line' id='line_1_23' title="bbox 660 2777 1399 2860; baseline 0.003 -20"><span class='ocrx_word' id='word_1_148' title='bbox 660 2777 711 2840; x_wconf 81' lang='lat' dir='ltr'>sit</span> <span class='ocrx_word' id='word_1_149' title='bbox 736 2777 795 2841; x_wconf 91' lang='lat' dir='ltr'>tibi</span> <span class='ocrx_word' id='word_1_150' title='bbox 821 2779 902 2860; x_wconf 84' lang='lat' dir='ltr'>vita,</span> <span class='ocrx_word' id='word_1_151' title='bbox 930 2779 1018 2843; x_wconf 90' lang='lat' dir='ltr'>salus</span> <span class='ocrx_word' id='word_1_152' title='bbox 1047 2779 1090 2843; x_wconf 90' lang='lat' dir='ltr'>sit</span> <span class='ocrx_word' id='word_1_153' title='bbox 1118 2781 1189 2845; x_wconf 88' lang='lat' dir='ltr'>sine</span> <span class='ocrx_word' id='word_1_154' title='bbox 1211 2780 1286 2860; x_wconf 87' lang='lat' dir='ltr'>line,</span> <span class='ocrx_word' id='word_1_155' title='bbox 1310 2781 1399 2846; x_wconf 87' lang='lat' dir='ltr'>vale!</span> 
     </span>
    </p>
   </div>
   <div class='ocr_carea' id='block_1_3' title="bbox 977 3205 1099 3272">
    <p class='ocr_par' dir='ltr' id='par_1_3' title="bbox 977 3205 1099 3272">
     <span class='ocr_line' id='line_1_24' title="bbox 977 3205 1099 3272; baseline -0.016 0"><span class='ocrx_word' id='word_1_156' title='bbox 977 3205 1099 3272; x_wconf 89' lang='lat' dir='ltr'><strong>XLVI.</strong></span> 
     </span>
    </p>
   </div>
   <div class='ocr_carea' id='block_1_4' title="bbox 492 3345 1548 4979">
    <p class='ocr_par' dir='ltr' id='par_1_4' title="bbox 492 3345 1548 4979">
     <span class='ocr_line' id='line_1_25' title="bbox 577 3345 1475 3436; baseline 0.002 -27"><span class='ocrx_word' id='word_1_157' title='bbox 577 3345 712 3410; x_wconf 87' lang='lat' dir='ltr'>Cartula</span> <span class='ocrx_word' id='word_1_158' title='bbox 741 3367 952 3431; x_wconf 87' lang='lat' dir='ltr'>percurrens,</span> <span class='ocrx_word' id='word_1_159' title='bbox 981 3346 1179 3412; x_wconf 75' lang='lat' dir='ltr'>Priducino³</span> <span class='ocrx_word' id='word_1_160' title='bbox 1207 3348 1257 3412; x_wconf 87' lang='lat' dir='ltr'>fer</span> <span class='ocrx_word' id='word_1_161' title='bbox 1283 3368 1358 3436; x_wconf 87' lang='lat' dir='ltr'>mea</span> <span class='ocrx_word' id='word_1_162' title='bbox 1385 3349 1475 3412; x_wconf 86' lang='lat' dir='ltr'>salve</span> 
     </span>
     <span class='ocr_line' id='line_1_26' title="bbox 661 3449 1334 3534; baseline 0.003 -22"><span class='ocrx_word' id='word_1_163' title='bbox 661 3449 862 3534; x_wconf 83' lang='lat' dir='ltr'>Perpetuam</span> <span class='ocrx_word' id='word_1_164' title='bbox 885 3456 962 3513; x_wconf 91' lang='lat' dir='ltr'>nato</span> <span class='ocrx_word' id='word_1_165' title='bbox 994 3450 1085 3534; x_wconf 90' lang='lat' dir='ltr'>pacis</span> <span class='ocrx_word' id='word_1_166' title='bbox 1118 3450 1151 3513; x_wconf 93' lang='lat' dir='ltr'>in</span> <span class='ocrx_word' id='word_1_167' title='bbox 1179 3471 1235 3514; x_wconf 90' lang='lat' dir='ltr'>ore</span> <span class='ocrx_word' id='word_1_168' title='bbox 1263 3457 1334 3514; x_wconf 88' lang='lat' dir='ltr'>tuo:</span> 
     </span>
     <span class='ocr_line' id='line_1_27' title="bbox 576 3551 1548 3640; baseline 0 -24"><span class='ocrx_word' id='word_1_169' title='bbox 576 3551 701 3616; x_wconf 81' lang='lat' dir='ltr'>‘Dulcis</span> <span class='ocrx_word' id='word_1_170' title='bbox 734 3572 826 3616; x_wconf 87' lang='lat' dir='ltr'>arnor</span> <span class='ocrx_word' id='word_1_171' title='bbox 855 3553 958 3637; x_wconf 87' lang='lat' dir='ltr'>patris</span> <span class='ocrx_word' id='word_1_172' title='bbox 987 3553 1126 3633; x_wconf 84' lang='lat' dir='ltr'>valeas&#39;,</span> <span class='ocrx_word' id='word_1_173' title='bbox 1159 3552 1229 3634; x_wconf 92' lang='lat' dir='ltr'>dic,</span> <span class='ocrx_word' id='word_1_174' title='bbox 1257 3559 1401 3640; x_wconf 82' lang='lat' dir='ltr'>‘semper</span> <span class='ocrx_word' id='word_1_175' title='bbox 1426 3552 1548 3637; x_wconf 89' lang='lat' dir='ltr'>ubique</span> 
     </span>
     <span class='ocr_line' id='line_1_28' title="bbox 659 3655 1450 3742; baseline -0.001 -23"><span class='ocrx_word' id='word_1_176' title='bbox 659 3655 740 3719; x_wconf 87' lang='lat' dir='ltr'>Cum</span> <span class='ocrx_word' id='word_1_177' title='bbox 770 3656 893 3741; x_wconf 86' lang='lat' dir='ltr'>pietate</span> <span class='ocrx_word' id='word_1_178' title='bbox 924 3676 1018 3719; x_wconf 88' lang='lat' dir='ltr'>sacra</span> <span class='ocrx_word' id='word_1_179' title='bbox 1049 3661 1082 3720; x_wconf 90' lang='lat' dir='ltr'>et</span> <span class='ocrx_word' id='word_1_180' title='bbox 1109 3656 1326 3742; x_wconf 88' lang='lat' dir='ltr'>prosperitate</span> <span class='ocrx_word' id='word_1_181' title='bbox 1354 3656 1450 3720; x_wconf 90' lang='lat' dir='ltr'>bona.</span> 
     </span>
     <span class='ocr_line' id='line_1_29' title="bbox 506 3757 1448 3839; baseline 0.006 -23"><span class='ocrx_word' id='word_1_182' title='bbox 506 3779 518 3816; x_wconf 78' lang='lat' dir='ltr'>a</span> <span class='ocrx_word' id='word_1_183' title='bbox 575 3757 641 3822; x_wconf 90' lang='lat' dir='ltr'>Per</span> <span class='ocrx_word' id='word_1_184' title='bbox 667 3759 740 3824; x_wconf 91' lang='lat' dir='ltr'>loca</span> <span class='ocrx_word' id='word_1_185' title='bbox 769 3766 882 3822; x_wconf 91' lang='lat' dir='ltr'>sancta</span> <span class='ocrx_word' id='word_1_186' title='bbox 908 3759 956 3822; x_wconf 91' lang='lat' dir='ltr'>tui</span> <span class='ocrx_word' id='word_1_187' title='bbox 986 3764 1188 3838; x_wconf 90' lang='lat' dir='ltr'>sanctorum,</span> <span class='ocrx_word' id='word_1_188' title='bbox 1219 3765 1312 3839; x_wconf 88' lang='lat' dir='ltr'>nate,</span> <span class='ocrx_word' id='word_1_189' title='bbox 1342 3758 1448 3823; x_wconf 90' lang='lat' dir='ltr'>fidelis</span> 
     </span>
     <span class='ocr_line' id='line_1_30' title="bbox 658 3860 1456 3948; baseline 0.003 -24"><span class='ocrx_word' id='word_1_190' title='bbox 658 3860 710 3925; x_wconf 85' lang='lat' dir='ltr'>Sis</span> <span class='ocrx_word' id='word_1_191' title='bbox 741 3882 866 3926; x_wconf 89' lang='lat' dir='ltr'>memor</span> <span class='ocrx_word' id='word_1_192' title='bbox 893 3860 1006 3925; x_wconf 82' lang='lat' dir='ltr'>Albini</span> <span class='ocrx_word' id='word_1_193' title='bbox 1036 3883 1167 3948; x_wconf 90' lang='lat' dir='ltr'>semper</span> <span class='ocrx_word' id='word_1_194' title='bbox 1193 3862 1227 3925; x_wconf 93' lang='lat' dir='ltr'>in</span> <span class='ocrx_word' id='word_1_195' title='bbox 1258 3883 1314 3927; x_wconf 89' lang='lat' dir='ltr'>ore</span> <span class='ocrx_word' id='word_1_196' title='bbox 1344 3862 1456 3948; x_wconf 89' lang='lat' dir='ltr'>patris.</span> 
     </span>
     <span class='ocr_line' id='line_1_31' title="bbox 574 3964 1479 4052; baseline 0.002 -24"><span class='ocrx_word' id='word_1_197' title='bbox 574 3964 656 4028; x_wconf 85' lang='lat' dir='ltr'>Esto</span> <span class='ocrx_word' id='word_1_198' title='bbox 682 3964 776 4052; x_wconf 84' lang='lat' dir='ltr'>pius,</span> <span class='ocrx_word' id='word_1_199' title='bbox 807 3965 910 4045; x_wconf 90' lang='lat' dir='ltr'>mitis,</span> <span class='ocrx_word' id='word_1_200' title='bbox 943 3971 1038 4030; x_wconf 90' lang='lat' dir='ltr'>cauto</span> <span class='ocrx_word' id='word_1_201' title='bbox 1068 3964 1289 4030; x_wconf 89' lang='lat' dir='ltr'>moderamine</span> <span class='ocrx_word' id='word_1_202' title='bbox 1321 3987 1479 4052; x_wconf 86' lang='lat' dir='ltr'>pergens,</span> 
     </span>
     <span class='ocr_line' id='line_1_32' title="bbox 658 4066 1349 4155; baseline 0.003 -24"><span class='ocrx_word' id='word_1_203' title='bbox 658 4066 804 4132; x_wconf 83' lang='lat' dir='ltr'>Consilio</span> <span class='ocrx_word' id='word_1_204' title='bbox 833 4067 977 4154; x_wconf 88' lang='lat' dir='ltr'>pmdens</span> <span class='ocrx_word' id='word_1_205' title='bbox 1005 4075 1038 4132; x_wconf 91' lang='lat' dir='ltr'>et</span> <span class='ocrx_word' id='word_1_206' title='bbox 1068 4069 1191 4155; x_wconf 87' lang='lat' dir='ltr'>pietate</span> <span class='ocrx_word' id='word_1_207' title='bbox 1220 4076 1349 4154; x_wconf 89' lang='lat' dir='ltr'>potens,</span> 
     </span>
     <span class='ocr_line' id='line_1_33' title="bbox 574 4170 1423 4256; baseline -0.001 -20"><span class='ocrx_word' id='word_1_208' title='bbox 574 4171 613 4236; x_wconf 91' lang='lat' dir='ltr'>In</span> <span class='ocrx_word' id='word_1_209' title='bbox 641 4190 791 4236; x_wconf 89' lang='lat' dir='ltr'>sermone</span> <span class='ocrx_word' id='word_1_210' title='bbox 822 4170 954 4256; x_wconf 89' lang='lat' dir='ltr'>quidem</span> <span class='ocrx_word' id='word_1_211' title='bbox 984 4193 1086 4237; x_wconf 85' lang='lat' dir='ltr'>verax</span> <span class='ocrx_word' id='word_1_212' title='bbox 1114 4180 1148 4238; x_wconf 89' lang='lat' dir='ltr'>et</span> <span class='ocrx_word' id='word_1_213' title='bbox 1178 4172 1276 4237; x_wconf 88' lang='lat' dir='ltr'>corde</span> <span class='ocrx_word' id='word_1_214' title='bbox 1305 4171 1423 4252; x_wconf 88' lang='lat' dir='ltr'>fidelis,</span> 
     </span>
     <span class='ocr_line' id='line_1_34' title="bbox 497 4273 1382 4340; baseline 0.006 -6"><span class='ocrx_word' id='word_1_215' title='bbox 497 4297 521 4334; x_wconf 78' lang='grc' dir='ltr'>ιο</span> <span class='ocrx_word' id='word_1_216' title='bbox 664 4273 874 4339; x_wconf 82' lang='lat' dir='ltr'>Conlaudans</span> <span class='ocrx_word' id='word_1_217' title='bbox 907 4274 1074 4340; x_wconf 78' lang='lat' dir='ltr'>Christum</span> <span class='ocrx_word' id='word_1_218' title='bbox 1105 4276 1171 4340; x_wconf 92' lang='lat' dir='ltr'>oris</span> <span class='ocrx_word' id='word_1_219' title='bbox 1200 4276 1234 4340; x_wconf 94' lang='lat' dir='ltr'>in</span> <span class='ocrx_word' id='word_1_220' title='bbox 1264 4275 1382 4340; x_wconf 87' lang='lat' dir='ltr'>officio.</span> 
     </span>
     <span class='ocr_line' id='line_1_35' title="bbox 575 4377 1522 4466; baseline 0 -22"><span class='ocrx_word' id='word_1_221' title='bbox 575 4378 716 4446; x_wconf 85' lang='lat' dir='ltr'>Sedulus</span> <span class='ocrx_word' id='word_1_222' title='bbox 746 4377 779 4442; x_wconf 92' lang='lat' dir='ltr'>in</span> <span class='ocrx_word' id='word_1_223' title='bbox 807 4377 959 4464; x_wconf 91' lang='lat' dir='ltr'>precibus</span> <span class='ocrx_word' id='word_1_224' title='bbox 989 4385 1174 4444; x_wconf 88' lang='lat' dir='ltr'>sanctorum</span> <span class='ocrx_word' id='word_1_225' title='bbox 1205 4379 1347 4445; x_wconf 83' lang='lat' dir='ltr'>maxime</span> <span class='ocrx_word' id='word_1_226' title='bbox 1374 4378 1522 4466; x_wconf 88' lang='lat' dir='ltr'>templis,</span> 
     </span>
     <span class='ocr_line' id='line_1_36' title="bbox 655 4481 1310 4568; baseline 0 -22"><span class='ocrx_word' id='word_1_227' title='bbox 655 4481 706 4546; x_wconf 88' lang='lat' dir='ltr'>Ne</span> <span class='ocrx_word' id='word_1_228' title='bbox 735 4488 768 4546; x_wconf 91' lang='lat' dir='ltr'>te</span> <span class='ocrx_word' id='word_1_229' title='bbox 798 4488 986 4568; x_wconf 88' lang='lat' dir='ltr'>praetereat</span> <span class='ocrx_word' id='word_1_230' title='bbox 1015 4484 1112 4548; x_wconf 93' lang='lat' dir='ltr'>ullius</span> <span class='ocrx_word' id='word_1_231' title='bbox 1141 4483 1310 4548; x_wconf 85' lang='lat' dir='ltr'>auxilium.</span> 
     </span>
     <span class='ocr_line' id='line_1_37' title="bbox 573 4583 1388 4665; baseline 0 -15"><span class='ocrx_word' id='word_1_232' title='bbox 573 4583 691 4650; x_wconf 85' lang='lat' dir='ltr'>Sobria</span> <span class='ocrx_word' id='word_1_233' title='bbox 718 4604 793 4648; x_wconf 90' lang='lat' dir='ltr'>oum</span> <span class='ocrx_word' id='word_1_234' title='bbox 822 4585 919 4648; x_wconf 91' lang='lat' dir='ltr'>sociis</span> <span class='ocrx_word' id='word_1_235' title='bbox 950 4586 1074 4652; x_wconf 87' lang='lat' dir='ltr'>faciens</span> <span class='ocrx_word' id='word_1_236' title='bbox 1105 4586 1255 4650; x_wconf 87' lang='lat' dir='ltr'>convivia</span> <span class='ocrx_word' id='word_1_237' title='bbox 1282 4586 1388 4665; x_wconf 89' lang='lat' dir='ltr'>iustis,</span> 
     </span>
     <span class='ocr_line' id='line_1_38' title="bbox 654 4687 1453 4774; baseline -0.001 -22"><span class='ocrx_word' id='word_1_238' title='bbox 654 4687 861 4774; x_wconf 89' lang='lat' dir='ltr'>Pauperibus</span> <span class='ocrx_word' id='word_1_239' title='bbox 892 4689 1002 4774; x_wconf 90' lang='lat' dir='ltr'>largus</span> <span class='ocrx_word' id='word_1_240' title='bbox 1034 4709 1096 4754; x_wconf 90' lang='lat' dir='ltr'>ceu</span> <span class='ocrx_word' id='word_1_241' title='bbox 1126 4689 1321 4773; x_wconf 88' lang='lat' dir='ltr'>miserisque</span> <span class='ocrx_word' id='word_1_242' title='bbox 1349 4695 1453 4774; x_wconf 90' lang='lat' dir='ltr'>pater.</span> 
     </span>
     <span class='ocr_line' id='line_1_39' title="bbox 492 4791 1421 4877; baseline 0.004 -27"><span class='ocrx_word' id='word_1_243' title='bbox 492 4813 516 4850; x_wconf 78' lang='lat' dir='ltr'>rs</span> <span class='ocrx_word' id='word_1_244' title='bbox 573 4791 756 4856; x_wconf 89' lang='lat' dir='ltr'>Prohibeas</span> <span class='ocrx_word' id='word_1_245' title='bbox 785 4791 917 4877; x_wconf 89' lang='lat' dir='ltr'>propria</span> <span class='ocrx_word' id='word_1_246' title='bbox 947 4792 1117 4857; x_wconf 88' lang='lat' dir='ltr'>sceleratis</span> <span class='ocrx_word' id='word_1_247' title='bbox 1150 4800 1259 4857; x_wconf 89' lang='lat' dir='ltr'>castra</span> <span class='ocrx_word' id='word_1_248' title='bbox 1288 4791 1421 4877; x_wconf 85' lang='lat' dir='ltr'>rapinis,</span> 
     </span>
     <span class='ocr_line' id='line_1_40' title="bbox 653 4894 1409 4979; baseline 0 -21"><span class='ocrx_word' id='word_1_249' title='bbox 653 4894 704 4958; x_wconf 90' lang='lat' dir='ltr'>Ne</span> <span class='ocrx_word' id='word_1_250' title='bbox 735 4894 888 4979; x_wconf 88' lang='lat' dir='ltr'>cuiquam</span> <span class='ocrx_word' id='word_1_251' title='bbox 916 4894 1052 4962; x_wconf 91' lang='lat' dir='ltr'>tulerint</span> <span class='ocrx_word' id='word_1_252' title='bbox 1082 4897 1115 4961; x_wconf 84' lang='lat' dir='ltr'>vi</span> <span class='ocrx_word' id='word_1_253' title='bbox 1146 4917 1205 4961; x_wconf 88' lang='lat' dir='ltr'>sua</span> <span class='ocrx_word' id='word_1_254' title='bbox 1233 4895 1317 4960; x_wconf 85' lang='lat' dir='ltr'>forte</span> <span class='ocrx_word' id='word_1_255' title='bbox 1349 4894 1409 4958; x_wconf 91' lang='lat' dir='ltr'>tui.</span> 
     </span>
    </p>
   </div>
   <div class='ocr_carea' id='block_1_5' title="bbox 277 5151 1347 5223">
    <p class='ocr_par' dir='ltr' id='par_1_5' title="bbox 277 5151 1347 5223">
     <span class='ocr_line' id='line_1_41' title="bbox 277 5151 1347 5223; baseline 0.001 -20"><span class='ocrx_word' id='word_1_256' title='bbox 277 5151 378 5219; x_wconf 82' lang='lat' dir='ltr'>[val]</span> <span class='ocrx_word' id='word_1_257' title='bbox 413 5155 468 5207; x_wconf 70' lang='grc' dir='ltr'>εἰπε</span> <span class='ocrx_word' id='word_1_258' title='bbox 485 5155 557 5207; x_wconf 70' lang='lat' dir='ltr'>aab</span> <span class='ocrx_word' id='word_1_259' title='bbox 576 5155 642 5223; x_wconf 82' lang='lat' dir='ltr'>Hs</span> <span class='ocrx_word' id='word_1_260' title='bbox 662 5155 695 5207; x_wconf 75' lang='lat' dir='ltr'>lb</span> <span class='ocrx_word' id='word_1_261' title='bbox 713 5155 756 5222; x_wconf 79' lang='lat' dir='ltr'>(cs.</span> <span class='ocrx_word' id='word_1_262' title='bbox 774 5173 857 5223; x_wconf 68' lang='lat' dir='ltr'>eum</span> <span class='ocrx_word' id='word_1_263' title='bbox 869 5175 898 5222; x_wconf 81' lang='lat' dir='ltr'>p.</span> <span class='ocrx_word' id='word_1_264' title='bbox 919 5155 977 5220; x_wconf 72' lang='lat'>166)</span> <span class='ocrx_word' id='word_1_265' title='bbox 1082 5153 1116 5206; x_wconf 88' lang='grc'>10</span> <span class='ocrx_word' id='word_1_266' title='bbox 1133 5155 1296 5207; x_wconf 72' lang='lat' dir='ltr'>conlaudans</span> <span class='ocrx_word' id='word_1_267' title='bbox 1314 5153 1347 5204; x_wconf 87' lang='lat' dir='ltr'><em>H</em></span> 
     </span>
    </p>
   </div>
   <div class='ocr_carea' id='block_1_6' title="bbox 205 5320 1860 5703">
    <p class='ocr_par' dir='ltr' id='par_1_6' title="bbox 205 5320 1860 5703">
     <span class='ocr_line' id='line_1_42' title="bbox 312 5320 1859 5394; baseline -0.001 -17"><span class='ocrx_word' id='word_1_268' title='bbox 312 5326 336 5390; x_wconf 92' lang='lat' dir='ltr'>l)</span> <span class='ocrx_word' id='word_1_269' title='bbox 354 5325 421 5380; x_wconf 73' lang='lat' dir='ltr'>Aera.</span> <span class='ocrx_word' id='word_1_270' title='bbox 439 5324 487 5390; x_wconf 86' lang='lat' dir='ltr'>VI,</span> <span class='ocrx_word' id='word_1_271' title='bbox 504 5325 625 5378; x_wconf 75' lang='lat' dir='ltr'>soa-53</span> <span class='ocrx_word' id='word_1_272' title='bbox 643 5323 776 5394; x_wconf 86' lang='lat' dir='ltr'>pacisque</span> <span class='ocrx_word' id='word_1_273' title='bbox 793 5324 927 5394; x_wconf 87' lang='lat' dir='ltr'>inponere</span> <span class='ocrx_word' id='word_1_274' title='bbox 946 5339 1049 5378; x_wconf 90' lang='lat' dir='ltr'>morem</span> <span class='ocrx_word' id='word_1_275' title='bbox 1065 5325 1069 5391; x_wconf 89' lang='grc' dir='ltr'>Ι</span> <span class='ocrx_word' id='word_1_276' title='bbox 1086 5323 1201 5378; x_wconf 84' lang='lat' dir='ltr'>Parcere</span> <span class='ocrx_word' id='word_1_277' title='bbox 1214 5323 1347 5378; x_wconf 88' lang='lat' dir='ltr'>subiectis</span> <span class='ocrx_word' id='word_1_278' title='bbox 1360 5325 1389 5377; x_wconf 86' lang='lat' dir='ltr'>et</span> <span class='ocrx_word' id='word_1_279' title='bbox 1401 5322 1541 5376; x_wconf 88' lang='lat' dir='ltr'>debellare</span> <span class='ocrx_word' id='word_1_280' title='bbox 1554 5321 1694 5392; x_wconf 88' lang='lat' dir='ltr'>superbos.</span> <span class='ocrx_word' id='word_1_281' title='bbox 1730 5320 1859 5376; x_wconf 75' lang='lat' dir='ltr'>Eundem</span> 
     </span>
     <span class='ocr_line' id='line_1_43' title="bbox 206 5425 1858 5498; baseline 0.002 -20"><span class='ocrx_word' id='word_1_282' title='bbox 206 5441 311 5480; x_wconf 69' lang='lat' dir='ltr'>emaum</span> <span class='ocrx_word' id='word_1_283' title='bbox 329 5425 426 5482; x_wconf 71' lang='lat' dir='ltr'>laudm</span> <span class='ocrx_word' id='word_1_284' title='bbox 444 5427 580 5480; x_wconf 69' lang='lat' dir='ltr'>abcissus</span> <span class='ocrx_word' id='word_1_285' title='bbox 599 5427 629 5480; x_wconf 83' lang='lat' dir='ltr'>ia</span> <span class='ocrx_word' id='word_1_286' title='bbox 647 5427 763 5498; x_wconf 81' lang='lat' dir='ltr'>epistola</span> <span class='ocrx_word' id='word_1_287' title='bbox 783 5427 882 5482; x_wconf 83' lang='lat' dir='ltr'>Carolo</span> <span class='ocrx_word' id='word_1_288' title='bbox 899 5426 958 5495; x_wconf 76' lang='lat' dir='ltr'>repi</span> <span class='ocrx_word' id='word_1_289' title='bbox 976 5427 1083 5495; x_wconf 79' lang='lat' dir='ltr'>scripta</span> <span class='ocrx_word' id='word_1_290' title='bbox 1101 5425 1315 5492; x_wconf 47' lang='grc' dir='ltr'>(ΜΝ-Αἰαίη.</span> <span class='ocrx_word' id='word_1_291' title='bbox 1330 5443 1360 5496; x_wconf 79' lang='lat' dir='ltr'>p.</span> <span class='ocrx_word' id='word_1_292' title='bbox 1378 5425 1449 5492; x_wconf 82' lang='lat'><strong>485).</strong></span> <span class='ocrx_word' id='word_1_293' title='bbox 1536 5426 1564 5494; x_wconf 79' lang='lat'>2)</span> <span class='ocrx_word' id='word_1_294' title='bbox 1583 5426 1640 5480; x_wconf 82' lang='lat' dir='ltr'>Leo</span> <span class='ocrx_word' id='word_1_295' title='bbox 1658 5425 1716 5480; x_wconf 93' lang='grc' dir='ltr'>ΙΙΙ</span> <span class='ocrx_word' id='word_1_296' title='bbox 1730 5443 1821 5495; x_wconf 83' lang='lat' dir='ltr'>papa,</span> <span class='ocrx_word' id='word_1_297' title='bbox 1840 5443 1858 5482; x_wconf 85' lang='lat' dir='ltr'>a</span> 
     </span>
     <span class='ocr_line' id='line_1_44' title="bbox 208 5527 1860 5600; baseline 0.002 -18"><span class='ocrx_word' id='word_1_298' title='bbox 208 5529 307 5584; x_wconf 84' lang='lat' dir='ltr'>Corolo</span> <span class='ocrx_word' id='word_1_299' title='bbox 333 5531 489 5586; x_wconf 80' lang='lat' dir='ltr'>restitutus.</span> <span class='ocrx_word' id='word_1_300' title='bbox 591 5533 619 5600; x_wconf 88' lang='lat'>3)</span> <span class='ocrx_word' id='word_1_301' title='bbox 649 5531 806 5586; x_wconf 80' lang='lat' dir='ltr'>Frobeaiua</span> <span class='ocrx_word' id='word_1_302' title='bbox 833 5530 978 5600; x_wconf 81' lang='lat'>(11‚‘258)</span> <span class='ocrx_word' id='word_1_303' title='bbox 1005 5531 1077 5584; x_wconf 77' lang='lat' dir='ltr'>bunc</span> <span class='ocrx_word' id='word_1_304' title='bbox 1098 5529 1281 5584; x_wconf 74' lang='lat' dir='ltr'>Frt&#39;dacinum</span> <span class='ocrx_word' id='word_1_305' title='bbox 1312 5545 1368 5583; x_wconf 79' lang='lat' dir='ltr'>corr</span> <span class='ocrx_word' id='word_1_306' title='bbox 1390 5527 1528 5583; x_wconf 68' lang='lat' dir='ltr'>divarum</span> <span class='ocrx_word' id='word_1_307' title='bbox 1550 5545 1610 5583; x_wconf 82' lang='lat' dir='ltr'>eoae</span> <span class='ocrx_word' id='word_1_308' title='bbox 1627 5529 1740 5599; x_wconf 76' lang='lat' dir='ltr'>putauit</span> <span class='ocrx_word' id='word_1_309' title='bbox 1766 5529 1802 5584; x_wconf 83' lang='lat' dir='ltr'>ab</span> <span class='ocrx_word' id='word_1_310' title='bbox 1828 5545 1860 5585; x_wconf 85' lang='lat' dir='ltr'>eo</span> 
     </span>
     <span class='ocr_line' id='line_1_45' title="bbox 205 5631 1859 5703; baseline 0.001 -15"><span class='ocrx_word' id='word_1_311' title='bbox 205 5633 357 5696; x_wconf 65' lang='lat' dir='ltr'>Fn&#39;duiaa</span> <span class='ocrx_word' id='word_1_312' title='bbox 386 5633 484 5688; x_wconf 81' lang='lat' dir='ltr'>abbate</span> <span class='ocrx_word' id='word_1_313' title='bbox 507 5633 717 5690; x_wconf 77' lang='lat' dir='ltr'>Wiremutlseass&#39;</span> <span class='ocrx_word' id='word_1_314' title='bbox 740 5641 766 5690; x_wconf 82' lang='lat' dir='ltr'>et</span> <span class='ocrx_word' id='word_1_315' title='bbox 790 5633 934 5700; x_wconf 78' lang='lat' dir='ltr'>Gircecst,</span> <span class='ocrx_word' id='word_1_316' title='bbox 957 5634 1162 5689; x_wconf 65' lang='lat' dir='ltr'>catalecticus</span> <span class='ocrx_word' id='word_1_317' title='bbox 1185 5633 1327 5703; x_wconf 75' lang='lat' dir='ltr'>epistolam</span> <span class='ocrx_word' id='word_1_318' title='bbox 1353 5633 1468 5702; x_wconf 77' lang='lat' dir='ltr'>scripsit</span> <span class='ocrx_word' id='word_1_319' title='bbox 1491 5631 1580 5698; x_wconf 74' lang='lat' dir='ltr'>(Mon.</span> <span class='ocrx_word' id='word_1_320' title='bbox 1604 5633 1713 5686; x_wconf 73' lang='lat' dir='ltr'>Abala.</span> <span class='ocrx_word' id='word_1_321' title='bbox 1735 5649 1763 5703; x_wconf 83' lang='lat' dir='ltr'>p.</span> <span class='ocrx_word' id='word_1_322' title='bbox 1788 5633 1859 5702; x_wconf 84' lang='grc'>841),</span> 
     </span>
    </p>
   </div>
   <div class='ocr_carea' id='block_1_7' title="bbox 205 5735 1807 5885">
    <p class='ocr_par' dir='ltr' id='par_1_7' title="bbox 205 5735 1807 5885">
     <span class='ocr_line' id='line_1_46' title="bbox 205 5735 1807 5810; baseline -0.002 -15"><span class='ocrx_word' id='word_1_323' title='bbox 205 5738 255 5796; x_wconf 82' lang='lat' dir='ltr'>sed</span> <span class='ocrx_word' id='word_1_324' title='bbox 271 5739 322 5794; x_wconf 81' lang='lat' dir='ltr'>loc</span> <span class='ocrx_word' id='word_1_325' title='bbox 339 5738 402 5793; x_wconf 81' lang='lat' dir='ltr'>ideo</span> <span class='ocrx_word' id='word_1_326' title='bbox 419 5739 511 5794; x_wconf 76' lang='lat' dir='ltr'>asinus</span> <span class='ocrx_word' id='word_1_327' title='bbox 525 5739 671 5808; x_wconf 78' lang='lat' dir='ltr'>probabile</span> <span class='ocrx_word' id='word_1_328' title='bbox 689 5740 803 5804; x_wconf 79' lang='lat' dir='ltr'>uidetur,</span> <span class='ocrx_word' id='word_1_329' title='bbox 822 5741 889 5810; x_wconf 73' lang='lat' dir='ltr'>quia</span> <span class='ocrx_word' id='word_1_330' title='bbox 907 5755 990 5794; x_wconf 76' lang='lat' dir='ltr'>naum</span> <span class='ocrx_word' id='word_1_331' title='bbox 1007 5743 1039 5794; x_wconf 77' lang='lat' dir='ltr'>at</span> <span class='ocrx_word' id='word_1_332' title='bbox 1052 5742 1160 5810; x_wconf 80' lang='lat' dir='ltr'>patrem</span> <span class='ocrx_word' id='word_1_333' title='bbox 1179 5743 1333 5804; x_wconf 78' lang='lat' dir='ltr'>emeretur,</span> <span class='ocrx_word' id='word_1_334' title='bbox 1352 5737 1469 5794; x_wconf 84' lang='lat' dir='ltr'>alterum</span> <span class='ocrx_word' id='word_1_335' title='bbox 1486 5741 1580 5790; x_wconf 74' lang='lat' dir='ltr'>natura</span> <span class='ocrx_word' id='word_1_336' title='bbox 1594 5735 1704 5803; x_wconf 79' lang='lat' dir='ltr'>fidelem</span> <span class='ocrx_word' id='word_1_337' title='bbox 1721 5745 1807 5792; x_wconf 82' lang='lat' dir='ltr'>vocal.</span> 
     </span>
     <span class='ocr_line' id='line_1_47' title="bbox 1600 5833 1655 5885; baseline 0 0"><span class='ocrx_word' id='word_1_338' title='bbox 1600 5833 1655 5885; x_wconf 73' lang='lat'>33*</span> 
     </span>
    </p>
   </div>
   <div class='ocr_carea' id='block_1_8' title="bbox 0 0 2352 6427">
    <p class='ocr_par' dir='ltr' id='par_1_8' title="bbox 0 0 2352 6427">
     <span class='ocr_line' id='line_1_48' title="bbox 0 0 2352 6427; baseline 0 0"><span class='ocrx_word' id='word_1_339' title='bbox 0 0 2352 6427; x_wconf 95' lang='lat' dir='ltr'> </span> 
     </span>
    </p>
   </div>
  </div>
 </body>
</html>
