4612 6414
893 409 970 468 oAP.
989 407 1067 466 XXII
1077 443 1109 450 —-
1120 409 1219 466 XXIII.

595 583 753 674 Sopbirus
777 585 830 650 hic
855 584 973 650 solium
995 585 1157 671 biriloquc
1180 584 1329 650 adnexus
1351 584 1385 649 in
1407 589 1494 664 ante,

583 691 734 758 ‚Fecerat
757 690 914 756 enlmium
936 689 1087 754 dominus
1112 690 1165 754 oui
1187 689 1355 755 insederat
1376 689 1482 754 almus

514 817 539 856 so
598 795 738 880 VulIsig,
762 814 860 879 quem
881 794 982 879 prisci
1006 793 1140 880 cupiunt
1162 795 1305 860 vocitare
1329 798 1494 880 parentes.

595 898 693 964 Hunc
717 917 780 983 ego
805 916 1008 982 cognoscens
1031 897 1193 982 praemiro
1216 897 1339 962 lumine
1363 897 1487 962 clarum

594 1001 753 1066 Intremui
776 1000 922 1086 gaudens
947 998 1054 1064 subito
1078 1020 1175 1084 quam
1196 1000 1329 1084 pronior
1351 1000 1446 1065 almo.

595 1107 657 1173 Ille
678 1107 790 1172 levata
811 1126 910 1172 manu
933 1105 1028 1171 dictis
1052 1105 1194 1170 sacravit
1217 1111 1359 1170 euntem.

594 1209 683 1274 Hinc
707 1231 769 1296 ogo
791 1230 844 1274 me
868 1210 1001 1290 sensim,
1024 1209 1134 1295 prisco
1157 1208 1333 1274 comitante
1357 1207 1525 1292 magistro,

513 1336 537 1374 ss
598 1313 753 1379 Converti
776 1313 818 1379 ad
841 1315 970 1379 culmen
994 1314 1109 1394 cellae,
1132 1334 1216 1397 quac
1239 1311 1377 1398 respicit
1398 1317 1521 1389 arcton,

594 1417 741 1482 Plurima
764 1437 829 1502 qua
851 1417 942 1481 miris
965 1417 1149 1481 micuerrmt
1171 1416 1304 1481 vascula
1325 1414 1475 1500 gemmis,

595 1519 659 1583 Ast
681 1519 746 1584 alis
769 1539 812 1584 ex
834 1539 913 1583 auro
937 1519 1061 1584 variato
1085 1519 1207 1584 lumine
1230 1519 1361 1584 vibrant

599 1622 790 1706 Ornatuque
815 1641 874 1686 suo
897 1620 1010 1685 mundi
1034 1642 1189 1707 superare
1212 1621 1346 1686 metalla

596 1725 715 1791 Omnia
737 1726 802 1789 iam
826 1731 978 1811 poterant
999 1727 1144 1811 pretioso
1167 1725 1315 1811 germine
1339 1723 1435 1789 facta.

512 1851 540 1889 oo
684 1829 779 1894 Haec
801 1830 888 1894 inter
910 1829 1050 1916 dapibus
1073 1828 1212 1894 diversis
1234 1849 1350 1893 mensa
1372 1826 1495 1891 relecta

596 1932 855 2018 Omnigenisqne
878 1932 984 2019 epulis
1008 1953 1158 1998 escarum
1179 1952 1316 1997 munera
1338 1930 1472 2016 profert.
1507 1984 1509 1989 .

597 2036 790 2122 Sumpserat
812 2036 888 2101 hinc
911 2036 1047 2101 calicem
1071 2035 1166 2101 vitrei
1188 2035 1230 2100 de
1252 2055 1337 2100 vena
1358 2033 1493 2114 metalli,

596 2139 764 2204 Hauserat
787 2145 821 2204 et
843 2139 993 2205 manibus
1017 2138 1195 2204 venerandi
1217 2136 1304 2202 dona
1324 2137 1472 2222 liquoris,

598 2242 876 2327 Sanctificansque
899 2243 946 2328 pii
968 2242 1122 2327 precibus
1145 2246 1322 2327 potumque
1344 2239 1517 2304 ministrat.

514 2368 540 2406 os
597 2346 661 2410 Ast
683 2345 740 2410 ubi
764 2365 977 2431 perceperam
1001 2344 1141 2410 mirandi
1164 2345 1238 2410 vina
1262 2344 1400 2429 saporis,

596 2449 635 2514 In
658 2449 767 2514 caelos
790 2448 922 2514 domino
945 2447 1058 2513 laudes
1081 2453 1257 2533 gratesque
1280 2445 1426 2532 rependi.

681 2552 853 2618 Presbiter
875 2553 1003 2617 interea
1024 2548 1231 2616 venerandus
1254 2550 1334 2614 talia
1356 2548 1453 2614 dixit:

600 2655 705 2721 ‘Hace
727 2655 843 2721 domus
867 2661 918 2720 cst
940 2656 1065 2721 meritis
1088 2655 1270 2718 animarum
1294 2652 1425 2717 condita
1448 2651 1580 2730 sanctis,

599 2757 689 2832 Quas
712 2758 795 2824 deus
819 2758 1025 2844 omnipotens
1048 2757 1122 2823 istic
1145 2757 1269 2844 pietate
1292 2756 1438 2830 locabat;

504 2883 542 2921 roo
597 2860 749 2927 Esuriem
773 2882 962 2947 poenasque
987 2861 1075 2926 sitim
1096 2882 1156 2947 per
1179 2860 1290 2925 secula
1312 2859 1422 2924 nullus

599 2964 729 3030 Sentiet
751 2965 784 3029 in
806 2965 949 3044 domino,
974 2972 1108 3030 sumunt
1130 2963 1189 3030 sed
1211 2962 1332 3049 gaudia
1352 2962 1462 3047 longa,

594 3067 782 3133 Laudantes
807 3067 973 3132 dominum
996 3069 1080 3134 caeli
1102 3089 1160 3155 per
1183 3068 1296 3132 secula
1318 3073 1444 3146 cuncta,

598 3172 664 3246 Qui
687 3173 834 3258 requiem
859 3173 954 3237 lectis
978 3171 1103 3237 tribuet
1125 3173 1196 3237 siue
1218 3171 1284 3237 fine
1306 3170 1459 3237 beatam'.

597 3274 660 3339 His
683 3274 779 3340 dictis
802 3275 944 3360 vigilans
967 3275 1074 3338 visum
1098 3277 1161 3339 lam
1186 3274 1331 3340 scribere
1355 3273 1459 3358 coepi.

280 3522 360 3568 xrun
405 3494 629 3565 SALVATIO
652 3494 710 3559 ΕΤ
733 3493 961 3560 PRECATIO
985 3495 1121 3560 VATIS
1145 3493 1207 3560 AD
1232 3492 1434 3560 SANOTOS
1456 3461 1515 3558 ΕΤ
1538 3491 1601 3557 AD
1623 3491 1850 3560 DOMINUM.

599 3615 694 3680 Haeo
715 3613 840 3699 Lupus,
863 3615 930 3680 alte
953 3621 1058 3702 pater,
1082 3614 1199 3682 stolido
1223 3615 1263 3681 dc
1287 3623 1420 3702 pectore
1444 3614 1559 3679 Clarus

683 3715 838 3782 Carmina
860 3717 1044 3803 conposuit,
1068 3739 1216 3803 corpore,
1239 3725 1349 3784 mente
1372 3738 1503 3803 rogans,

601 3818 763 3894 Quatinus
784 3819 919 3905 indigno
944 3821 1049 3886 sancti
1072 3842 1132 3886 sua
1154 3842 1289 3886 munera
1311 3826 1491 3907 praestent,

682 3922 727 3988 ut
748 3929 887 4009 poscant
909 3924 1041 3989 veniam
1064 3945 1137 3988 cum
1160 3924 1277 4010 pavido
1301 3923 1466 4010 precibus.

529 4052 541 4090 s
599 4025 816 4112 Omnipotens
839 4027 966 4091 moritis
990 4047 1123 4114 semper
1145 4048 1227 4113 qnos
1250 4034 1373 4113 augeat
1395 4026 1481 4109 istic,

681 4129 728 4194 Ut
749 4150 864 4216 puram
887 4130 1020 4214 capiant
1044 4151 1192 4216 corpore,
1215 4137 1326 4196 mente
1349 4129 1458 4210 fidem,

602 4232 667 4298 Hic
689 4234 782 4298 locus
804 4239 841 4298 nt
864 4230 996 4298 Christo
1020 4255 1152 4320 semper
1175 4233 1398 4299 memorabilis
1422 4233 1507 4298 almo

684 4335 816 4400 Existat
839 4336 975 4418 meritis,
998 4337 1207 4402 accumulent
1229 4337 1390 4403 monachi.

601 4437 652 4502 Sit
674 4437 756 4505 deus
779 4438 989 4525 omnipotens
1012 4461 1072 4526 por
1095 4441 1209 4506 secula
1231 4447 1349 4506 cuncta
1370 4438 1478 4504 beatis

520 4565 545 4603 10
687 4540 842 4606 Servator
863 4542 963 4620 mitis,
988 4541 1064 4607 dum
1088 4544 1227 4610 meliora
1249 4544 1362 4609 velint.

601 4642 684 4709 Onm
707 4644 824 4730 quibus
848 4644 929 4710 haec
952 4653 1088 4712 cantans
1112 4647 1249 4734 cupiens
1272 4669 1332 4713 sua
1354 4647 1494 4711 miscere
1517 4649 1593 4709 roto

684 4748 757 4812 Non
780 4754 900 4829 cessat,
923 4747 1087 4815 famulans
1111 4751 1307 4836 quandoque
1330 4771 1394 4815 non
1417 4749 1520 4815 vitiis.

600 4851 661 4933 Tu,
684 4856 792 4937 pater,
811 4851 895 4916 haec
916 4852 1061 4917 recitans
1085 4859 1216 4919 nostros
1238 4875 1303 4918 non
1330 4874 1449 4938 sperne
1472 4851 1613 4931 labores,

682 4953 768 5028 Quin
790 4955 896 5041 magis
920 4955 1002 5022 hacc
1027 4977 1168 5024 cernens
1191 4957 1312 5044 gandia
1335 4957 1435 5043 digna
1457 4963 1544 5022 tene.

520 5081 543 5120 u
601 5055 697 5130 Quod
719 5063 776 5122 tua
797 5063 865 5122 tam
889 5059 970 5123 olari
993 5067 1185 5126 meruerunt
1208 5061 1366 5146 sanguine
1388 5066 1500 5147 patres

685 5158 780 5242 Esse,
805 5159 867 5226 deo
891 5167 1003 5248 grates
1025 5163 1165 5231 reddere
1191 5171 1225 5230 te
1249 5185 1377 5230 moneo.

351 5339 523 5351 ..-...--·-—-
532 5337 766 5344 -m—-—---.-.--—-
774 5338 807 5344 -η
1039 5341 1047 5347 ,

341 5460 375 5513 '1¹8
395 5459 526 5524 beriloque
542 5456 596 5507 00
696 5453 729 5506 81
754 5457 836 5508 onst*
942 5457 977 5510 82
994 5459 1058 5526 quin
1075 5461 1210 5527 prinIorO
1313 5456 1347 5511 83
1370 5458 1472 5511 coacuit
1494 5456 1557 5508 inu
1661 5454 1696 5508 86
1714 5475 1780 5524 quae
1798 5455 1897 5522 LOU,

238 5567 305 5600 corr.
324 5547 396 5597 Watt.
443 5543 543 5610 gemnis
559 5541 581 5592 0
658 5537 691 5590 81
709 5541 760 5592 alio
772 5541 797 5591 L
811 5541 833 5592 0
908 5540 944 5596 88
955 5545 1059 5597 metallo
1074 5546 1096 5596 0
1172 5544 1206 5598 89
1218 5546 1364 5613 protiosaO
1439 5541 1471 5594 91
1485 5543 1605 5611 epulisL
1690 5540 1724 5594 93
1735 5544 1859 5594 Couserst
1875 5541 1897 5592 0

238 5632 483 5696 clausulamque
498 5629 518 5678 0
585 5625 619 5676 95
631 5626 746 5678 miranda
759 5627 780 5677 0
856 5624 909 5680 100
919 5632 997 5682 situm
1013 5632 1035 5682 0
1106 5630 1243 5685 100—102
1257 5633 1305 5698 topi
1316 5638 1486 5698 conpescunt
1495 5629 1524 5679 in
1535 5628 1560 5678 L
1640 5627 1651 5692 ll
1671 5625 1756 5695 lxxiii]
1769 5629 1896 5680 salutacio

239 5727 264 5774 et
281 5717 431 5790 procacioG
531 5712 548 5764 3
566 5711 727 5781 prestetLO
832 5711 847 5766 7
867 5720 1059 5771 memorabilius
1074 5719 1096 5770 0
1201 5716 1234 5770 10
1251 5717 1403 5772 SaloutarO
1506 5711 1540 5765 15
1558 5712 1674 5782 patrisO

1638 5804 1691 5860 ‘lb'
