4756 6412
1149 409 1355 463 THEODULFI
1373 411 1549 466 ulnulas.

878 580 949 647 Has
972 604 1093 668 paucas
1117 582 1224 648 David
1248 584 1353 649 cernit
1374 584 1547 670 psalmista
1569 607 1754 666 camoenas,

961 685 1106 772 Regales
1129 687 1217 752 inter
1240 688 1305 751 iam
1329 710 1488 754 resonans
1512 692 1638 776 epulas.

880 788 1054 855 Subiciens
1078 812 1200 877 paucos
1224 791 1309 856 inter
1332 813 1461 877 quoque
1484 794 1561 857 licia
1583 795 1675 859 tela¹

962 892 1061 958 Delia
1082 894 1243 958 femineos
1268 893 1454 979 Virgiliana
1477 895 1589 980 pedes.

796 1015 824 1053 sc
881 994 1040 1062 Beselel²
1061 1003 1159 1083 atquc
1183 997 1313 1084 Lupum
1338 999 1447 1063 subito
1470 1001 1619 1086 respexit
1640 1002 1790 1078 inertem,

965 1098 1173 1186 Quapropter
1195 1102 1298 1166 tacuit
1322 1103 1437 1167 suavia
1459 1105 1562 1168 verba
1584 1105 1714 1170 timens.

879 1200 967 1268 Dum
988 1203 1102 1290 Lupus
1124 1204 1284 1288 aufugiet,
1307 1204 1393 1270 redit
1416 1207 1449 1270 in
1473 1207 1665 1291 praecordia
1687 1230 1815 1290 sensus,

964 1305 1173 1372 Carminibus
1197 1310 1340 1394 complet
1363 1310 1613 1393 dominamus,
1637 1311 1760 1379 domos.

878 1408 922 1473 nt
944 1430 1150 1496 quocumque
1174 1411 1227 1477 die
1252 1419 1405 1477 creseunt
1427 1414 1459 1476 in
1483 1415 1608 1480 vertice
1632 1415 1775 1502 Thyrsi³

798 1534 823 1571 m
967 1513 1038 1577 Iam
1062 1515 1180 1579 rutilae
1205 1515 1324 1596 crines,
1347 1523 1424 1582 tunc
1448 1525 1544 1582 canet
1566 1518 1637 1604 ipse
1660 1540 1800 1604 quoque.

878 1616 967 1682 Dum
990 1617 1103 1705 Lupus
1127 1619 1160 1682 in
1184 1619 1312 1684 scriniis
1336 1621 1464 1705 quaerit
1487 1642 1547 1686 sua
1570 1623 1713 1687 carmina
1736 1644 1846 1694 canus.

963 1720 1116 1787 Inveniet
1137 1722 1259 1803 forsan,
1282 1730 1319 1788 ut
1341 1723 1432 1788 Maro
1456 1731 1533 1789 tunc
1556 1729 1699 1791 resonat.

876 1823 999 1890 Lucius
1023 1825 1095 1911 ipse
1119 1825 1211 1891 brevi
1235 1826 1387 1913 depingit
1410 1828 1553 1892 carmina
1574 1835 1681 1910 notus,

963 1928 1059 1994 Talia
1080 1951 1141 1994 nec
1165 1951 1282 1995 corvus
1305 1929 1433 1995 discere
1457 1930 1540 1996 forte
1564 1933 1663 1998 valet.

792 2053 817 2091 ss
876 2030 1069 2098 Scottulus⁴
1091 2035 1258 2099 accinctus
1281 2034 1390 2119 gladio
1414 2042 1446 2098 te
1471 2042 1598 2120 spectat
1619 2043 1725 2116 acuto,

960 2137 1112 2203 Perforet
1134 2145 1170 2202 ut
1192 2145 1318 2224 pectus,
1343 2137 1541 2203 corviniane
1554 2141 1576 2219 ⁵,
1602 2146 1704 2205 tuum.

876 2238 951 2304 Non
974 2240 1069 2306 timet
1092 2241 1146 2329 hic
1168 2262 1293 2322 corvos,
1317 2243 1442 2306 volucri
1465 2263 1526 2306 nec
1550 2250 1700 2327 parceret
1720 2243 1789 2322 ulli,

962 2342 998 2409 Si
1020 2343 1117 2409 modo
1140 2345 1360 2410 Damaetam⁸
1383 2351 1494 2431 sperat
1516 2345 1634 2410 abesse
1657 2346 1780 2431 procul.

875 2447 950 2512 Non
973 2449 1048 2534 pius
1072 2455 1124 2514 est
1146 2448 1279 2515 Scottus
1302 2456 1425 2530 noster,
1448 2449 1620 2530 Damoeta,
1643 2455 1751 2535 poeta,

795 2574 820 2612 so
964 2554 1114 2619 Vertitur
1136 2555 1169 2617 in
1192 2555 1316 2618 luctum
1339 2552 1436 2618 ludus
1459 2554 1500 2618 ab
1524 2574 1579 2618 ore
1603 2573 1736 2638 procax.

866 2643 1034 2722 'Attamen
1057 2679 1150 2722 arma
1171 2657 1299 2722 minans
1323 2656 1455 2722 Scottus
1480 2658 1544 2722 iam
1568 2656 1696 2743 proelia
1716 2661 1865 2742 temptat,

961 2759 1182 2846 Getulumque
1206 2763 1329 2848 caputl
1353 2781 1432 2826 ense
1455 2760 1554 2826 ferire
1577 2761 1702 2824 volens.

873 2864 939 2929 Hic
963 2864 1096 2930 Scottus
1120 2867 1249 2930 sottus⁸
1272 2867 1409 2931 οοιωεΒ
1431 2865 1594 2930 trinomen
1615 2863 1760 2943 habebit,

960 2966 1101 3033 Gutture
1125 2969 1332 3055 gentilupum
1355 2969 1475 3034 clamat
1497 2974 1530 3033 et
1553 2968 1624 3055 ipse
1648 2987 1739 3031 cavo.

795 3092 820 3129 sc
880 3069 1032 3137 Oarmine
1056 3072 1205 3137 versifico
1229 3072 1357 3138 fumoso
1381 3078 1415 3137 et
1438 3071 1603 3136 distichon
1626 3091 1692 3150 ore,
1726 3075 1729 3082 '

957 3175 1032 3240 Hoc
1055 3175 1176 3241 cecinit
1196 3176 1291 3240 nobis
1314 3196 1402 3254 ecce,
1426 3173 1619 3252 Menalca¹⁰,
1643 3193 1712 3236 suo.

877 3277 1050 3343 Exanimis
1072 3280 1182 3344 vivum
1206 3279 1274 3344 risu
1296 3278 1461 3365 percussit
1483 3277 1605 3361 iniquo,

960 3379 1026 3446 Sed
1049 3388 1160 3448 tamen
1183 3382 1266 3447 haec
1287 3381 1399 3467 pueris
1422 3379 1547 3466 praelia
1569 3377 1753 3464 proficiunt.

875 3484 958 3551 Tres
982 3486 1076 3572 pueri
1099 3485 1220 3550 circum
1243 3485 1394 3550 Danielis
1417 3484 1541 3549 fercula
1562 3480 1717 3567 gaudent,

793 3609 819 3646 w
964 3588 1029 3662 Qui
1052 3595 1210 3674 superant
1233 3589 1379 3652 flammas
1402 3586 1587 3666 nobilitate,
1610 3585 1685 3650 lide.

876 3689 972 3755 Nunc
995 3689 1056 3755 Iob
1081 3691 1220 3756 inmensi
1243 3711 1379 3756 numero
1402 3688 1559 3774 fulgescit
1581 3687 1724 3766 honoris,

959 3793 1224 3879 Psalteriumque
1249 3794 1352 3858 oculis
1375 3793 1481 3878 fulget
1504 3813 1614 3856 amore
1638 3791 1713 3877 piis.

872 3896 913 3960 In
935 3895 1045 3962 medio
1068 3896 1177 3962 David
1201 3904 1332 3983 sceptro
1355 3896 1441 3982 regit
1462 3896 1581 3976 omnia,
1603 3896 1712 3980 largas

956 3999 1146 4086 Disponens
1172 4001 1287 4087 epulas
1311 3991 1424 4064 ordine
1448 3998 1593 4085 pacifico.

792 4123 817 4162 o
874 4101 919 4166 Et
941 4103 1015 4189 pius
1038 4102 1150 4168 Aaron
1173 4102 1341 4169 benedicit
1364 4111 1482 4167 cuncta
1503 4123 1562 4187 per
1585 4101 1744 4180 aulam12,

958 4205 1173 4271 Sanctificans
1195 4207 1305 4272 verbis
1327 4206 1454 4271 fercula
1476 4210 1594 4269 cuncta
1617 4204 1729 4269 sacris.

874 4307 918 4372 Et
940 4309 1087 4391 Nemias,
1111 4309 1278 4395 Solymum
1301 4310 1356 4395 qui
1378 4309 1444 4373 iam
1466 4313 1683 4372 renovaverat
1704 4304 1828 4386 urbem,

960 4410 1202 4499 Bacchipotens
1226 4415 1338 4478 calvus
1361 4411 1468 4476 dulcia
1489 4410 1567 4474 vina
1588 4410 1720 4476 feret¹².

875 4514 938 4590 Qui
960 4517 1052 4581 locus
1077 4523 1128 4580 est
1151 4537 1249 4580 corvo
1272 4517 1354 4582 haec
1377 4516 1464 4580 inter
1486 4514 1634 4579 convivia
1656 4514 1772 4598 nigro?

793 4639 818 4677 sc
962 4617 1002 4682 In
1026 4619 1119 4683 silvis
1142 4626 1274 4683 maneat
1296 4620 1383 4683 inter
1405 4618 1531 4704 etipse
1553 4618 1660 4704 lupos.

610 4909 643 4963 51
663 4914 756 4965 scrinis
774 4912 797 4965 S

609 5082 636 5148 l)
669 5081 747 5152 Vero.
778 5081 877 5152 θεον).
906 5083 999 5151 1285
1030 5083 1115 5138 boves
1147 5086 1177 5137 et
1208 5082 1275 5137 licia
1308 5082 1390 5136 telae.
1494 5079 1522 5146 2)
1549 5077 1738 5144 Einhardum,
1767 5079 1804 5147 cs.
1835 5096 1923 5151 supra
1947 5095 1976 5148 p.
2003 5075 2055 5130 245
2080 5092 2109 5133 n.
2139 5081 2166 5136 3.

502 5184 532 5252 3)
553 5182 597 5251 Of.
616 5201 704 5253 supra
723 5202 753 5255 p.
772 5185 833 5240 486.
909 5188 937 5256 4)
960 5188 1004 5257 Of.
1024 5203 1113 5256 supra
1127 5204 1157 5256 p.
1175 5187 1233 5242 487.
1313 5187 1341 5254 5)
1360 5185 1449 5240 abac
1469 5183 1608 5251 (Bracata
1625 5183 1674 5237 der
1687 5183 1843 5253 plait-diat.
1866 5181 1905 5238 01.
1923 5182 1972 5236 der
1989 5180 2049 5234 tou.
2069 5185 2168 5241 adeas.

506 5283 571 5339 Ges.
595 5285 644 5340 der
659 5288 823 5344 Wisamacls.
847 5307 873 5344 α.
894 5291 962 5345 1818
982 5308 1012 5360 p.
1031 5290 1173 5358 98-100)
1196 5290 1269 5344 dunc
1288 5288 1483 5344 Sorviodunum
1505 5286 1617 5340 cundem
1639 5301 1672 5340 ac
1690 5287 1854 5340 Bradanum
1877 5285 2019 5346 Maurum,
2044 5283 2170 5342 Aletrini

503 5388 679 5456 discipulam,
700 5407 760 5446 ease
777 5393 902 5460 coniecit,
925 5393 974 5446 aed
992 5410 1026 5447 ea
1043 5409 1125 5448 versu
1151 5393 1201 5446 112
1222 5411 1283 5448 eam
1300 5395 1331 5446 ia
1348 5407 1442 5448 aenum
1459 5405 1573 5444 atemere
1588 5388 1742 5444 habendum
1759 5405 1816 5444 ease
1833 5394 1904 5442 recte
1920 5385 2035 5440 Lieract
2053 5387 2095 5454 (p.
2116 5390 2167 5459 54)

503 5492 618 5546 censuit.
710 5495 737 5562 6)
757 5493 910 5563 illusissem,
929 5497 966 5566 cs.
985 5514 1073 5567 supra
1088 5513 1118 5566 p.
1137 5498 1189 5552 223
1209 5515 1236 5551 n.
1254 5499 1279 5552 2.
1367 5497 1393 5564 7)
1412 5493 1443 5548 id
1460 5499 1500 5549 eat
1523 5493 1671 5563 llaecdalfi.
1765 5493 1793 5560 8)
1815 5491 1856 5561 Cf.
1875 5507 1961 5560 supro
1978 5505 2007 5557 ρ.
2024 5488 2077 5541 481
2096 5507 2126 5545 n.
2138 5495 2167 5550 9.

502 5595 530 5660 9)
550 5593 593 5661 Os.
605 5595 677 5649 Dies
690 5596 807 5666 Elysiol.
828 5598 1009 5654 ll'drterbuclt
1026 5601 1077 5654 der
1095 5601 1212 5656 Rouum.
1231 5603 1374 5671 Spraclien
1387 5615 1409 5653 a
1422 5615 1447 5653 o.
1460 5604 1542 5652 cotta.
1613 5599 1655 5665 10)
1676 5597 1718 5664 tls.
1732 5613 1819 5666 capra
1831 5595 1925 5663 aliid.
2000 5591 2042 5654 11)
2063 5591 2169 5650 Hs'lde.

503 5697 603 5750 baldus
624 5697 802 5766 coloniensis,
819 5700 856 5768 cf.
875 5717 962 5770 supra
977 5721 1007 5772 p.
1026 5703 1086 5767 334,
1105 5705 1164 5757 3150.
1236 5707 1278 5774 12)
1299 5701 1482 5758 Eberliardaa
1500 5701 1555 5754 airu
1574 5700 1714 5769 Eppinus,
1733 5701 1771 5767 os.
1785 5715 1813 5767 p.
1832 5700 1891 5753 488.
