4694 6428
1175 394 1324 448 ,theulut
1343 395 1518 449 canutus.

890 566 918 630 Ε
942 567 1060 652 quibus
1083 567 1139 631 ille
1162 568 1232 646 fuit
1256 568 1365 632 dictus
1389 570 1583 652 cognomine
1608 578 1749 648 sanctus,

888 669 1035 754 Egboret
1057 671 1207 750 antistes,
1230 672 1344 758 primis
1367 673 1485 737 aetatis
1508 674 1541 736 in
1564 675 1658 737 annis

890 775 954 848 Qui
978 776 1117 860 liquerat
1139 775 1278 861 patriam
1300 776 1426 861 patriae
1450 777 1602 840 caelestis
1624 799 1744 844 amore,

892 878 936 942 Et
958 879 1133 964 peregrina
1155 887 1272 964 petens
1296 880 1403 944 Scotis
1426 881 1489 944 iam
1513 881 1656 944 maxima
1679 881 1765 944 ritae

889 980 980 1044 Tunc
1004 983 1158 1068 exempla
1180 982 1280 1047 dabat
1303 983 1471 1048 doctrinae
1500 983 1650 1070 lampade
1673 985 1814 1068 fulgens.

889 1083 1031 1148 Actibus
1055 1086 1241 1164 instituens,
1265 1086 1374 1150 verbis
1398 1107 1608 1172 quoacunque
1632 1086 1781 1152 docebat.

889 1185 1095 1272 Pauperibus
1118 1187 1244 1272 largus,
1269 1187 1401 1251 sibimet
1424 1187 1483 1252 scd
1507 1210 1637 1275 semper
1659 1211 1793 1274 egenus,

892 1288 947 1353 Sic
970 1290 1075 1354 bonus
1099 1291 1253 1374 egregiae
1276 1291 1370 1355 duxit
1391 1291 1615 1357 moderamina
1638 1294 1736 1358 vitae.

796 1413 827 1448 en
891 1391 1004 1476 Usque
1028 1392 1114 1456 diem
1137 1394 1250 1457 mortis
1274 1394 1363 1458 clara
1385 1395 1508 1480 pietate
1532 1418 1718 1461 coruscans,

891 1493 952 1557 Cui
974 1495 1081 1558 fuerat
1104 1496 1212 1559 socius
1235 1496 1360 1560 meritis
1385 1504 1418 1561 ct
1440 1499 1585 1561 moribus
1610 1507 1716 1583 aptus.

891 1596 934 1660 Et
957 1619 1066 1661 comes
1090 1599 1181 1662 exilii
1204 1597 1337 1663 Wibert
1359 1601 1547 1685 praeclarus
1570 1601 1604 1664 in
1627 1602 1713 1664 omni

891 1699 1065 1784 Religionc
1090 1702 1180 1768 satis,
1204 1701 1263 1766 sed
1286 1709 1360 1788 post
1382 1703 1507 1767 divisus
1531 1703 1652 1767 abillo

892 1803 1086 1888 Theoricam
1110 1805 1199 1868 solus
1222 1806 1322 1868 vitam
1345 1806 1514 1870 districtam
1536 1807 1667 1890 agebat.

802 1929 830 1964 e.
894 1905 976 1970 Inde
1000 1928 1078 1970 suae
1103 1909 1210 1990 gentis
1233 1909 1401 1972 monachis
1425 1910 1610 1973 construxit
1632 1910 1717 1974 ovile

894 2008 1085 2092 Egregium,
1109 2011 1195 2074 vitae
1218 2012 1345 2074 meritis
1369 2018 1403 2075 et
1425 2012 1571 2076 moribus
1595 2011 1675 2074 illud

895 2111 1070 2176 Exornans
1094 2112 1208 2177 ovibus
1232 2113 1356 2178 Christi
1379 2115 1545 2179 studiosus
1568 2115 1704 2179 alendis.

893 2216 971 2302 lpse
994 2239 1053 2302 per
1074 2227 1246 2301 angustam
1270 2239 1351 2303 quas
1375 2227 1467 2283 recto
1491 2220 1620 2283 tramite
1643 2219 1760 2282 callem

892 2318 997 2382 Duxit
1020 2318 1061 2383 ad
1084 2321 1210 2383 aeterni
1232 2320 1370 2385 devotus
1393 2343 1517 2407 pascua
1539 2323 1643 2405 regni.

800 2443 829 2478 su
897 2421 1023 2485 Clamit
1047 2420 1168 2486 idcireo
1191 2423 1303 2507 signis.
1328 2433 1361 2488 et
1383 2446 1474 2488 more
1497 2425 1688 2510 prophetae.

893 2525 997 2588 Multa
1020 2525 1129 2588 futura
1151 2524 1267 2590 ridens
1290 2528 1409 2590 mansit
1431 2528 1621 2612 praeclarus
1642 2527 1780 2610 ubique:

893 2627 1016 2692 Postea
1037 2629 1190 2692 caelestis
1212 2631 1398 2715 penetrarit
1421 2628 1540 2714 gaudia
1563 2629 1660 2693 vitae.

941 2733 1003 2796 Ast
1025 2733 1081 2795 alii
1104 2732 1229 2795 ratibus
1252 2734 1340 2796 recti
1362 2741 1451 2795 trans
1474 2755 1596 2817 aequor
1618 2754 1724 2806 eoum,

894 2836 1065 2920 Paganum
1088 2836 1214 2921 petiere
1238 2837 1353 2910 solum,
1377 2857 1441 2920 qua
1464 2836 1564 2900 rerba
1587 2836 1703 2899 salutis

800 2962 839 2996 ατ·
896 2939 1060 3024 Spargere
1082 2939 1288 3023 temptabant
1318 2939 1352 3002 in
1381 2940 1525 3022 agrestia
1548 2938 1647 3002 corda
1670 2937 1819 3001 serendo.

895 3042 940 3105 t't
962 3043 1023 3106 fuit
1046 3043 1199 3126 egregius
1223 3040 1432 3105 Wilbrordus
1456 3043 1631 3127 episeopus
1655 3041 1723 3104 ille.
1761 3029 1762 3032 ¹

894 3144 1039 3208 Plurima
1062 3145 1117 3229 qui
1139 3145 1251 3229 populi
1274 3144 1301 3207 F
1303 3166 1454 3208 resonum
1478 3146 1580 3207 millia
1603 3144 1735 3206 Christo

895 3247 1056 3311 Lucratus
1079 3249 1211 3311 monitis
1232 3249 1341 3312 tuerat
1363 3249 1571 3311 caelestibus.
1594 3263 1693 3330 atque

894 3349 1087 3414 Pontifieale
1110 3349 1211 3414 decus
1234 3353 1345 3414 multis
1369 3353 1497 3414 ornavit
1519 3353 1552 3414 in
1575 3352 1679 3416 annis.

799 3487 803 3504 ·
830 3479 838 3504 ¹
896 3455 1130 3539 Ecclesiasque
1154 3455 1216 3518 deo
1239 3456 1350 3540 plures
1372 3457 1556 3518 construxit
1579 3454 1712 3516 ibidem.

895 3558 1112 3642 Presbyteros
1136 3559 1170 3621 in
1193 3560 1242 3622 eis
1266 3575 1414 3622 statuens
1437 3560 1596 3642 verbique
1618 3558 1798 3620 ministros:

899 3663 1018 3724 Omnia
1042 3663 1217 3746 perficiens
1240 3662 1321 3724 felix
1345 3663 1377 3724 in
1400 3684 1482 3746 pace
1506 3661 1640 3746 quievit.

898 3764 991 3827 Illius
1015 3787 1092 3828 ecce
1115 3763 1180 3828 duo
1202 3765 1333 3827 fuerant
1357 3766 1508 3850 exempla
1532 3765 1638 3828 secuti

898 3868 1100 3951 Presbyteri.
1122 3868 1222 3930 nimio
1245 3868 1375 3931 accensi
1397 3868 1524 3931 fervore
1547 3866 1633 3940 fidei,

803 3996 841 4028 ις·
900 3970 1051 4034 Nominis
1074 3972 1170 4033 unius
1193 3971 1390 4034 Herwaldus
1412 3981 1551 4055 uterque
1574 3987 1718 4031 vocatus.

898 4074 963 4137 Par
985 4095 1068 4157 opus
1091 4074 1251 4136 ambobus
1274 4075 1372 4138 ritae.
1396 4073 1454 4136 sed
1477 4087 1510 4136 et
1533 4073 1641 4137 exitus
1664 4095 1759 4134 unus.

899 4175 1005 4238 dibus
1029 4176 1092 4240 hic.
1116 4177 1172 4239 iile
1196 4177 1299 4260 niger.
1323 4176 1478 4238 distantia
1501 4177 1570 4238 sola
1593 4175 1735 4258 capillis:

897 4278 944 4339 At
967 4278 1061 4361 niger
1083 4278 1116 4341 in
1140 4280 1232 4342 libris
1256 4280 1361 4342 furerat
1385 4279 1561 4341 studiosior
1582 4277 1667 4340 albo.

898 4379 989 4462 Ergo
1012 4381 1045 4443 bi
1069 4380 1236 4444 Saxonum
1258 4403 1406 4466 paganae
1430 4382 1570 4465 compita
1594 4379 1697 4464 plebis

792 4508 841 4542 aas
899 4482 1081 4548 Intrabunt.
1105 4484 1232 4567 aliquos
1255 4486 1283 4547 si
1308 4484 1333 4546 C
1337 4485 1438 4546 bristo
1461 4483 1632 4566 adquirere
1654 4489 1804 4566 possent:

900 4584 967 4648 Sed
989 4584 1066 4648 dum
1089 4587 1173 4649 forte
1196 4608 1299 4649 noros
1322 4608 1430 4649 mores
1454 4586 1649 4668 habitusque
1673 4583 1748 4646 fidei

899 4689 1093 4772 Agnoscunt
1116 4691 1240 4768 miseri,
1263 4697 1412 4752 metuunt
1434 4711 1474 4751 ne
1498 4688 1642 4750 funditus
1665 4687 1769 4749 omnis

900 4792 971 4854 lam
994 4792 1127 4856 caderet
1150 4794 1247 4856 citius
1271 4809 1420 4856 veterum
1443 4792 1570 4853 cultura
1593 4790 1737 4852 dconrm.

899 4895 971 4958 Hos
996 4896 1104 4957 subito
1128 4911 1239 4980 raptos
1263 4894 1387 4958 crudeli
1410 4911 1513 4956 morte
1538 4911 1711 4956 necarunt:

794 5022 843 5055 sss
902 4996 1026 5059 Album
1050 4995 1108 5058 sed
1131 4996 1293 5058 trucidant
1318 4997 1428 5057 statim
1452 5016 1606 5057 mucrone
1630 5011 1776 5056 cruento.

898 5099 1015 5180 Longa
1038 5098 1096 5161 sed
1119 5102 1296 5182 exquirrmt
1319 5098 1398 5159 duro
1422 5113 1583 5158 tormenta
1605 5097 1738 5179 nigello.
1780 5147 1783 5152 .

899 5201 1010 5283 Atque
1034 5219 1278 5286 peremptorum
1300 5199 1408 5262 Rheni
1432 5198 1491 5260 snb
1515 5199 1655 5259 fluminis
1678 5197 1781 5259 undas

900 5304 1046 5386 Corpora
1069 5306 1241 5389 proiciunt.
1265 5326 1349 5389 quae
1373 5301 1431 5365 scd
1454 5323 1532 5364 mox
1553 5300 1666 5363 ordine
1690 5302 1770 5362 miro

901 5406 1024 5469 Contra
1047 5408 1254 5490 praevalidos
1277 5406 1468 5470 ferebantur
1489 5404 1631 5465 fluminis
1655 5404 1749 5465 ienis.

640 5699 707 5750 11.)Ιῖ
725 5720 759 5749 aa
780 5703 905 5767 Egben't'?
925 5701 959 5754 εἰ.
980 5697 1005 5744 Γ.
1020 5699 1047 5747 S.
1068 5699 1172 5748 Πῗίξίὺν.
1194 5703 1211 5748 I.
1230 5700 1248 5748 l
1262 5719 1283 5749 c.
1302 5697 1320 5749 4
1426 5697 1492 5748 1145
1511 5698 1668 5746 Heuwubius
1688 5695 1786 5744 Foeda.
