4666 6406
1051 379 1260 435 THEODULFI
1279 377 1454 434 cosmon.

785 554 890 621 Emet
912 560 968 620 aut
990 555 1132 619 animam
1155 555 1320 640 propriam
1344 554 1416 640 quis
1439 550 1590 618 manibus
1614 550 1699 632 imis,

874 658 1009 724 Illorum
1032 662 1066 722 et
1089 678 1189 723 saeva
1211 658 1281 742 quit
1303 657 1450 723 caruisse
1473 656 1612 721 manul‘

693 786 730 846 ros
787 763 860 828 Mos
882 761 936 827 hio
959 762 1001 827 ab
1023 781 1127 847 usque
1151 760 1261 826 ohao¹
1283 762 1434 827 mortalia
1456 760 1604 846 germina
1626 757 1757 845 pressit,

872 866 982 952 Atque
1005 886 1066 930 sua
1086 863 1243 929 mundum
1264 864 1339 950 lege
1363 863 1496 949 subegit
1516 869 1622 928 atrox.

789 967 994 1036 Oonditionis
1018 967 1105 1032 enim
1125 967 1262 1033 huiusce
1286 966 1398 1033 debita
1420 967 1519 1032 solvit
1553 1029 1555 1044 ,

870 1072 996 1152 Frater,
1020 1091 1078 1156 pro
1102 1070 1195 1136 ouius
1218 1071 1364 1136 earmina
1384 1077 1489 1136 morte
1512 1069 1638 1134 murus.

539 1545 670 1636 QUAE
696 1543 804 1618 SINT
831 1537 1039 1614 DICENDA
1067 1429 1346 1610 AMICOXOOM
1373 1536 1622 1611 CONSPlClT
1649 1531 1780 1608 BONA
1806 1528 1954 1603 AMICI.

726 1687 734 1708 -·
793 1656 940 1741 Oumque
964 1660 1038 1720 tuas
1062 1659 1254 1740 conspectat
1277 1673 1356 1739 opes
1379 1653 1442 1718 tibi
1462 1652 1567 1718 duleis
1590 1651 1724 1730 amicus,

876 1759 989 1825 Verba
1010 1759 1093 1824 haee
1116 1764 1152 1821 tu
1175 1757 1263 1822 laeto
1285 1758 1392 1822 laetus
1415 1758 1543 1845 etipse
1566 1755 1673 1821 dabis:

791 1863 897 1929 ‘Haeo
921 1863 1016 1940 bona,
1040 1883 1124 1948 quae
1148 1861 1265 1942 semis,
1288 1860 1350 1925 tibi
1372 1861 1437 1925 sint
1460 1859 1646 1925 eommunia
1666 1878 1805 1938 meeum,

871 1967 936 2043 Qui
958 1965 1065 2031 bonus
1088 1971 1149 2046 est,
1173 1964 1287 2029 horum
1311 1964 1364 2028 hio
1386 1985 1515 2050 quoque
1538 1984 1673 2050 oompos
1694 1962 1776 2028 erit)

718 2093 730 2130 ,ι
789 2070 860 2137 Neo
883 2068 962 2136 dare
977 2075 1009 2134 ts
1026 2069 1149 2155 pigeat,
1171 2066 1249 2132 dare
1266 2089 1330 2148 res,
1353 2066 1433 2131 mihi
1449 2066 1584 2148 oredito,
1607 2066 1819 2155 pulohraest,

870 2172 926 2238 Nil
949 2171 1042 2252 dans,
1064 2171 1112 2234 nil
1135 2169 1257 2256 capies,
1281 2169 1309 2233 si
1331 2167 1437 2250 dabis,
1461 2169 1532 2255 ipse
1556 2168 1656 2234 leres.

786 2276 890 2341 Plena
910 2275 995 2340 talos
1017 2279 1130 2354 metet,
1154 2271 1210 2358 qui
1232 2271 1369 2358 grandia
1391 2271 1518 2337 semina
1541 2273 1636 2354 sevit,

872 2377 928 2443 Sio
951 2377 1117 2442 dominum
1141 2376 1248 2441 oultus
1271 2373 1464 2440 laetificabit
1486 2395 1576 2461 ager.

787 2482 935 2568 Oumque
957 2480 1050 2546 vides
1074 2479 1217 2564 aliquem
1239 2478 1334 2558 faeie,
1358 2497 1424 2542 non
1447 2479 1579 2543 nomine
1602 2483 1726 2559 notum,

706 2609 731 2647 ιο
874 2587 925 2651 Ao
948 2586 976 2651 oi
999 2585 1033 2650 in
1055 2591 1195 2668 utroque
1217 2581 1303 2648 bene
1327 2582 1371 2646 sit
1392 2582 1453 2647 tibi
1475 2589 1584 2665 notus,
1608 2605 1690 2649 ama.

786 2688 856 2755 Neo
879 2688 957 2754 dare
980 2694 1014 2752 te
1038 2687 1151 2774 pigeat
1173 2685 1229 2772 pia
1251 2684 1353 2750 verba
1375 2691 1431 2748 aut
1454 2686 1568 2750 osoula
1590 2692 1693 2772 grata,

872 2790 1025 2877 Dumque
1047 2790 1140 2868 fanis,
1163 2810 1274 2854 euram
1297 2788 1439 2853 nominis
1463 2790 1535 2856 eius
1557 2789 1653 2856 habe.

786 2896 834 2962 Ut
856 2897 952 2979 solet,
976 2894 1009 2960 id
1031 2895 1196 2959 vocitante
1219 2895 1284 2958 alio
1307 2893 1375 2958 fors
1398 2915 1498 2959 nosse
1520 2895 1658 2976 valebis,

870 2999 939 3064 Aut
961 3019 1040 3064 easu
1062 3017 1136 3062 sese
1160 2995 1308 3061 nominat
1328 2997 1400 3083 ipse
1425 2997 1544 3083 aliquo.

706 3125 731 3163 rs
792 3101 828 3166 Si
851 3103 942 3182 latet,
966 3107 1018 3167 est
1040 3120 1140 3182 error,
1163 3098 1268 3187 pudor
1290 3105 1325 3164 at
1348 3101 1376 3164 si
1398 3121 1479 3166 vooe
1503 3103 1661 3188 requiras,

872 3204 908 3270 si
930 3203 1038 3268 diseas
1062 3203 1156 3284 olam,
1180 3223 1271 3268 error
1293 3208 1328 3268 et
1350 3203 1455 3290 pudor
1477 3207 1582 3270 omnis
1606 3206 1711 3272 abest.

789 3307 854 3384 Qui
877 3307 939 3373 tibi
962 3329 997 3372 se
1020 3312 1134 3372 notum
1156 3313 1260 3395 putat,
1283 3313 1340 3373 aut
1361 3308 1429 3374 fors
1453 3308 1564 3375 extitit
1587 3311 1676 3392 olim,

870 3413 913 3478 Ni
936 3413 1068 3500 proprio
1090 3412 1216 3477 vooitas
1239 3413 1381 3494 nomine,
1403 3413 1507 3479 tristis
1531 3415 1603 3480 erit.

787 3515 929 3582 Nomina
951 3537 1012 3582 seu
1034 3536 1142 3581 mores
1165 3514 1322 3580 docturus
1345 3516 1464 3582 diseito
1487 3517 1605 3605 plebis,

706 3640 733 3680 ao
875 3620 1029 3706 Dumque
1052 3619 1163 3700 dooes,
1186 3620 1319 3706 proprio
1341 3621 1473 3686 nomine
1497 3643 1661 3708 quemque
1683 3644 1774 3689 vooa.

788 3724 871 3791 Oum
893 3725 1021 3810 magnis
1044 3745 1194 3810 magnus,
1218 3745 1291 3789 oum
1315 3724 1424 3810 parvis
1447 3725 1604 3810 parvulus
1628 3731 1710 3804 esto,

872 3827 1033 3893 Omnibus
1055 3835 1092 3892 ut
1113 3827 1237 3892 laetum
1260 3848 1296 3892 ss
1320 3849 1449 3914 quoque
1470 3828 1595 3894 Paulus
1617 3829 1694 3895 εἰτ’.

786 3932 926 3998 Actibus
950 3937 1001 3998 est
1023 3931 1122 3996 etiam
1145 3931 1179 3995 in
1201 3931 1312 3996 multis
1335 3930 1452 3996 modus
1476 3931 1539 3998 iste
1562 3932 1736 4016 tenendus,

869 4035 940 4101 Nos
963 4034 1124 4122 quaedam
1146 4039 1183 4099 ut
1204 4035 1339 4118 lateant,
1361 4034 1495 4122 publiea
1515 4037 1611 4122 plura
1633 4038 1725 4103 fiunt.

542 4623 545 4628 ἣ
640 4507 924 4582 TEUDULFUS
950 4397 1335 4582 EPISCOPUOKXPJIIOO
1362 4506 1547 4582 VERSUS
1575 4507 1857 4585 CONPOSUIT.

787 4623 1004 4712 Omnipotens
1028 4623 1158 4690 domine
1183 4630 1216 4690 et
1238 4625 1334 4711 paois
1356 4623 1494 4689 donator
1516 4623 1550 4687 in
1572 4644 1700 4704 aevum,

787 4726 901 4792 Mundi
915 4747 967 4792 ex
990 4748 1065 4792 aree
1088 4735 1217 4810 tonans,
1240 4748 1349 4792 rorem
1371 4726 1453 4791 dans
1476 4727 1622 4792 muneris
1644 4727 1733 4806 almi,

786 4830 871 4896 Nam
894 4836 931 4896 tu
953 4851 990 4896 es
1012 4831 1095 4895 lueis
1118 4830 1221 4917 origo,
1246 4837 1384 4906 creator,
1408 4850 1526 4916 magne
1549 4829 1724 4912 redemtor,

785 4932 914 5020 Inclyta
938 4941 1127 5000 eunotarum
1150 4955 1261 4999 rerum
1285 4935 1418 5000 excelso
1442 4939 1531 4999 sator
1553 4939 1640 5015 aotu,

716 5059 728 5096 s
785 5037 946 5103 Aetheria
967 5037 1088 5102 virtute
1115 5037 1204 5124 regis
1225 5043 1262 5103 tu
1283 5037 1449 5102 olimmata
1471 5037 1598 5118 sollers,

788 5139 915 5206 Ounota
936 5140 1045 5207 dieata
1066 5161 1183 5207 ereans
1205 5140 1307 5227 gelidi
1330 5139 1451 5206 ditator
1474 5139 1595 5226 abyssi.

781 5242 872 5309 Utile
894 5265 1036 5330 nomque
1060 5244 1178 5310 sedens
1202 5243 1289 5311 sedis
1313 5265 1413 5331 super
1433 5243 1536 5309 arduo
1558 5264 1690 5324 numen,

1725 5389 1743 5394 -.
1759 5385 1968 5394 -...-—..-—-—--

488 5467 583 5536 [XXH]
601 5485 633 5522 aa
650 5469 708 5522 adit.
728 5469 864 5523 simona
875 5489 905 5537 p.
925 5468 976 5524 197
994 5474 1011 5523 l.
1029 5473 1067 5523 111
1085 5491 1105 5524 e.
1124 5473 1173 5524 Vll

489 5551 597 5622 [xxm]
620 5571 651 5606 a
672 5555 728 5608 aa
746 5554 875 5608 am
891 5553 943 5608 ara
961 5557 1001 5609 aa.
1019 5558 1114 5625 naqa

522 5692 550 5760 1)
571 5690 614 5760 Of.
632 5705 720 5761 supra
736 5707 761 5749 o.
779 5692 805 5747 5.
874 5692 903 5762 2)
921 5693 936 5747 1
957 5693 1019 5748 Gor.
1037 5693 1107 5757 9,22
1125 5693 1261 5750 Omnibus
1280 5691 1375 5749 omnia
1391 5693 1482 5748 factm
1499 5710 1571 5749 sum.
