4628 6428
644 395 921 452 INSCRIPTIONFS
940 397 980 451 IN
999 397 1236 452 MCNASTERIO
1256 398 1418 464 QUODAM.

489 591 513 628 ro
572 568 701 634 Currite
724 591 792 651 ros,
816 571 962 649 iuvenes,
986 569 1109 635 Christi
1131 578 1346 657 properanter
1368 572 1409 637 ad
1432 575 1539 637 aulam

569 673 775 758 Intentisque
799 674 915 737 animis
939 695 1037 739 voces
1060 675 1171 739 audite
1196 698 1365 762 supernas.

569 776 643 840 Non
666 798 724 840 vos
747 776 910 862 decipiat¹
934 777 1035 840 fallax
1057 777 1196 842 dulcedo
1219 779 1375 860 iocorum,

568 879 643 943 Non
665 881 803 944 carnalis
827 900 926 958 amor,
950 879 1056 960 ludus,
1079 882 1271 966 petulantia,
1293 883 1391 946 risus.

568 983 657 1048 Dum
681 985 771 1070 viget
793 992 891 1070 atque
914 986 1002 1050 valet
1025 986 1131 1051 calido
1154 986 1195 1051 de
1219 989 1378 1072 sanguine
1402 1008 1531 1073 corpus,

568 1087 697 1152 Discite
720 1089 873 1173 florigera
896 1095 1057 1154 socratam
1081 1099 1189 1155 aetate
1213 1092 1372 1179 sophiam,

515 1224 519 1230 ·
569 1191 660 1255 More
684 1193 814 1256 fluentis
838 1214 941 1278 aquae
965 1194 1096 1277 fugiunt
1119 1196 1195 1279 quia
1217 1201 1366 1282 tempora
1389 1193 1550 1280 semper².

825 1388 1237 1396 ———-—.———-——

991 1573 1076 1638 CVI.

1026 1699 1036 1742 1

572 1747 772 1841 Praecursor
794 1776 916 1840 domini
939 1799 1077 1862 magnus
1099 1779 1245 1863 baptista
1267 1777 1431 1841 lohannes

571 1879 666 1944 Hanc
690 1886 783 1944 ornat
806 1888 951 1944 sanctam
974 1883 1100 1946 meritis
1125 1882 1319 1945 sublimibus
1343 1883 1459 1946 aulam.

572 1983 636 2056 Qui
657 1983 718 2046 fuit
739 1983 900 2048 humanae
923 1986 1128 2050 venerandus
1151 2007 1270 2072 praeco
1294 1987 1419 2058 salutis,

571 2085 635 2149 Hic
658 2086 742 2149 ferat
764 2087 922 2151 auxilium
945 2088 1039 2152 nobis
1062 2089 1182 2153 virtute
1206 2110 1357 2176 superna.

1023 2289 1044 2332 u

572 2369 701 2434 Salvius
725 2369 777 2434 hic
798 2372 930 2457 praesul
953 2371 1078 2436 meritis
1103 2378 1137 2436 et
1158 2378 1281 2457 martyr
1302 2371 1461 2436 honestus

571 2472 744 2537 Praesenti
768 2474 869 2538 sacris
893 2475 977 2538 votis
1000 2481 1201 2539 memoratur
1222 2476 1256 2538 in
1279 2495 1344 2538 ara.

1018 2675 1049 2718 111

572 2754 666 2819 Ilaec
690 2756 762 2820 loca
784 2756 964 2820 sanctificet
988 2758 1191 2822 venerandus
1214 2757 1305 2822 Baro
1330 2758 1494 2839 sacerdos,

572 2857 764 2943 Discipulus
788 2859 854 2922 vita
875 2861 978 2944 patris
1003 2860 1183 2946 condignus
1207 2861 1359 2926 Amandi.

978 3202 1083 3267 CVII.

1032 3326 1042 3370 1

569 3407 642 3471 Hac
664 3427 802 3491 magnus
827 3407 945 3471 colitur
968 3405 1155 3492 Stephanus
1177 3414 1397 3493 protomartyr
1420 3409 1454 3472 in
1476 3410 1562 3488 aula,

572 3508 636 3582 Qui
659 3510 722 3573 fuit
745 3510 898 3594 egregius
922 3510 1048 3574 meritis
1071 3516 1105 3574 et
1127 3511 1257 3574 nomine
1281 3512 1398 3577 clarus.

547 3679 550 3686 ,
572 3613 635 3687 Qui
657 3614 784 3700 lapidos
808 3615 893 3678 inter
917 3613 1083 3677 Christum
1107 3614 1263 3678 cernebat
1285 3615 1318 3678 in
1341 3637 1428 3696 arce,

570 3717 624 3785 Ad
647 3716 860 3802 dextramque
884 3717 938 3781 dei
962 3723 1103 3781 stantem
1126 3739 1225 3803 super
1247 3717 1349 3782 ardua
1372 3720 1455 3784 caeli

575 3820 737 3902 Culmina,
761 3821 847 3886 ferre
871 3842 930 3885 suo
953 3821 1110 3905 suffragia
1131 3825 1279 3905 martyre
1296 3842 1424 3907 magna.

572 3924 674 3990 Cuius
697 3925 822 3990 honore
845 3925 900 4011 pio
924 3925 1002 3990 fecit
1024 3924 1221 3989 Ambrosius
1245 3925 1371 4006 aedem,

570 4028 641 4093 Iam
664 4028 818 4120 precibus
840 4030 970 4094 veniam
992 4037 1175 4094 mereretur
1196 4035 1232 4094 ut
1255 4030 1342 4094 illius
1365 4031 1470 4094 almis.

571 4131 636 4197 Pro
660 4153 723 4218 quo
746 4133 883 4217 quisque
906 4133 999 4218 legas
1022 4133 1154 4197 titulum
1177 4153 1316 4198 exorare
1341 4139 1515 4226 memento,

570 4237 681 4323 thue
707 4259 802 4304 suum
824 4238 981 4304 famulum
1004 4239 1155 4305 Christus
1180 4246 1352 4307 conservet
1374 4241 1407 4304 in
1431 4261 1560 4306 aerum.

1022 4467 1042 4511 u

569 4550 645 4616 Rex
668 4550 806 4615 Carolus
831 4549 955 4614 Christi
978 4571 1096 4634 magno
1120 4549 1258 4616 devotus
1281 4572 1392 4617 amore

570 4654 718 4719 Iusserat
740 4655 824 4718 hanc
847 4675 936 4718 eram
961 4654 1062 4718 sacris
1086 4656 1208 4720 vestire
1231 4655 1375 4720 metallis

571 4758 624 4822 Ad
648 4757 748 4823 decus
773 4758 944 4838 ecclesiae,
968 4759 1133 4844 propriam
1156 4759 1352 4844 sibimetque
1377 4759 1526 4823 salutem.

570 4860 689 4925 Petrus
713 4861 896 4947 apostolico
920 4861 1071 4946 prinecps
1095 4861 1129 4923 in
1151 4861 1281 4945 agmine
1305 4862 1429 4947 primus

503 4985 514 5022 s
572 4963 646 5029 Hoc
670 4964 773 5028 altare
797 4969 901 5048 rogat,
925 4963 1022 5028 simul
1045 4963 1181 5028 ethaeo
1204 4966 1327 5050 templa
1349 4970 1476 5038 tuetur;

538 5153 539 5156 Ἴ
570 5066 716 5132 Adiuvat
738 5073 772 5131 et
795 5065 948 5151 precibus
972 5066 1166 5131 famulorum
1190 5074 1265 5132 vota
1288 5088 1431 5134 suorum.

570 5170 645 5236 Hoc
668 5192 750 5256 opus
774 5170 913 5234 antistes
935 5191 1014 5255 rege
1038 5170 1213 5237 mandante
1235 5172 1365 5259 peregit

459 5315 788 5322 ..—--..-——--—-.-...-
926 5315 1079 5322 ———.-—.-
1094 5316 1098 5320 .
1114 5314 1400 5322 ..—.——...—-.-..—.-
1418 5313 1760 5322 —fflm—

309 5392 344 5444 10
355 5413 401 5447 vos
414 5397 476 5446 odd.
489 5396 518 5447 l'
622 5395 655 5449 14
673 5399 744 5450 vivet
761 5398 837 5462 (corr.
857 5397 936 5465 viget)
953 5407 979 5451 el
996 5399 1065 5449 valet
1080 5399 1109 5463 Q,
1128 5398 1199 5464 viget
1216 5405 1293 5462 atqua
1305 5397 1334 5448 F

274 5477 353 5547 [cu]
389 5483 456 5533 sara
478 5483 541 5550 ορ.
561 5481 628 5537 1726
645 5503 671 5536 s.
690 5485 890 5536 cmv-ocvr.

275 5563 965 5637 [cvr1‚111]euto.on.ocvr1,omuu‚as.mo
1030 5569 1332 5638 llusuexarsmqusz
1387 5569 1555 5624 lmsmturZ
1619 5570 1630 5636 Η
1643 5569 1704 5638 [1111
1718 5571 1864 5635 unorum

309 5704 333 5770 1)
353 5703 402 5757 Oc.
415 5703 470 5776 Ep.
484 5705 514 5758 X
520 5705 589 5768 V‚bb
606 5707 664 5760 Neo
683 5723 731 5760 vos
743 5705 924 5776 decipiant..
979 5707 1006 5772 ’2)
1022 5705 1067 5759 Oo.
1087 5707 1146 5760 Art.
1163 5722 1215 5760 aaa.
1229 5707 1290 5772 ΙΙΙ,
1303 5707 1350 5760 62:
1370 5709 1438 5761 eunt
1455 5707 1521 5761 anni
1541 5723 1616 5760 moro
1635 5707 1746 5761 fluentis
1764 5723 1862 5776 oquae.
