4666 6406
824 427 961 490 VERSUS
980 432 1129 492 CONTRA
1148 431 1297 495 lUDIOES.

601 605 721 692 Sioque
742 605 827 671 bono
851 617 988 694 prosunt
1010 610 1155 677 crudelia
1178 613 1264 678 lacta
1285 615 1430 699 maligni,

503 730 543 769 eso
685 709 740 775 Sic
762 711 833 775 auri
856 711 942 777 ferro
966 713 1034 779 dite
1056 715 1180 801 politur
1200 737 1292 803 opus.

597 813 746 899 Namque
769 815 881 880 iuvare
905 817 990 881 solet
1012 839 1184 903 pravorum
1208 822 1337 887 saevior
1358 845 1437 887 usus

678 918 798 998 Iustos,
822 940 885 1005 quo
908 920 1022 985 alllicti
1046 924 1169 988 caelica
1192 945 1292 1010 regna
1315 933 1440 1012 petunt.

598 1019 669 1093 Quo
693 1023 814 1107 premit
828 1022 997 1089 Hebream
1021 1047 1116 1112 mage
1139 1026 1234 1112 plebs
1251 1028 1464 1115 Memphitica
1484 1035 1628 1115 gentem,

680 1122 734 1186 Ad
755 1125 917 1208 promissa
939 1127 1044 1211 magis
1068 1126 1202 1193 tendere
1225 1129 1297 1194 iura
1318 1137 1421 1216 parat.

598 1225 649 1291 Ne
673 1226 837 1291 violentus
862 1249 918 1292 aas
941 1229 1080 1311 miseris,
1104 1229 1163 1296 sed
1185 1232 1336 1298 blandior
1358 1241 1439 1316 esto,

678 1328 768 1394 Vota
790 1330 908 1416 quibus
931 1332 1041 1397 forsan
1065 1341 1141 1398 sunt
1162 1337 1299 1401 meliora
1321 1337 1397 1416 tuis,

595 1432 667 1498 Hos
691 1454 753 1498 nec
777 1441 891 1518 operta
913 1435 1012 1516 fraus,
1035 1457 1096 1501 nec
1119 1445 1233 1523 aperta
1253 1440 1388 1504 licentio
1410 1441 1534 1506 laedat:

680 1534 795 1601 Securi
818 1543 852 1601 et
873 1537 937 1601 tuti
960 1539 1026 1603 sint
1048 1540 1089 1603 ab
1113 1547 1252 1627 utroque
1275 1544 1371 1608 mala.

595 1639 647 1705 Ne
671 1647 787 1727 reputa
809 1640 906 1722 diras,
929 1641 989 1706 sed
1012 1649 1103 1708 certa
1125 1645 1296 1730 ignoscere
1320 1650 1443 1735 culpas,

683 1741 764 1816 Quis
788 1744 859 1809 sine
882 1745 915 1808 in
938 1744 1000 1810 hac
1022 1747 1090 1811 rita
1113 1749 1224 1814 vivere
1247 1772 1343 1816 nemo
1367 1753 1465 1816 salet.

595 1849 719 1914 Debita
741 1849 796 1933 qui
821 1871 952 1936 semper
974 1851 1103 1918 tibimet
1124 1853 1267 1919 laxanda
1289 1857 1445 1942 precaris,

674 1951 749 2016 Hoc
771 1953 862 2038 inopi
884 1953 993 2035 facito,
1016 1954 1101 2040 quod
1124 1958 1210 2042 petis
1232 1959 1304 2044 ipsc
1327 1959 1403 2042 deo,

594 2054 645 2120 Ne
668 2061 725 2120 tua
747 2055 775 2119 si
798 2056 953 2120 miserum
975 2057 1065 2122 leret
1087 2058 1291 2146 indulgentia
1313 2064 1449 2144 nullum,

673 2157 756 2222 Cum
778 2159 864 2244 petis
887 2158 983 2241 hanc,
1007 2160 1078 2225 eius
1102 2161 1289 2229 destituaris
1313 2187 1385 2252 ope.

525 2286 536 2322 s
601 2260 655 2326 Sic
680 2261 756 2326 dum
780 2283 938 2328 conservo
962 2267 1164 2351 contempnit
1186 2289 1321 2352 parcere
1346 2289 1469 2348 servus,

673 2363 762 2430 Iram
784 2365 818 2429 in
841 2387 877 2430 se
900 2366 977 2432 iusti
1001 2388 1079 2432 mox
1103 2371 1271 2435 revocabit
1294 2372 1351 2437 eri.

594 2467 745 2550 Parcere,
767 2469 927 2550 mortalis,
950 2470 1145 2536 mortalibus
1169 2494 1247 2559 ergo
1270 2480 1395 2560 parato,

678 2571 761 2636 Cum
784 2572 857 2656 quis
880 2579 1017 2639 naturae
1039 2575 1096 2640 lex
1120 2582 1230 2642 manet
1252 2598 1317 2642 una
1339 2577 1411 2659 tibi,

594 2675 740 2762 Quisque
764 2683 821 2741 tuo
844 2675 957 2762 dispar
980 2677 1008 2742 si
1032 2679 1075 2742 sit
1097 2699 1156 2764 per
1179 2700 1338 2766 prospera
1361 2702 1486 2760 cursus,

678 2779 779 2845 Ortus
802 2787 836 2846 et
858 2801 994 2844 occasus
1018 2781 1072 2867 qui
1094 2782 1166 2863 tibi,
1189 2803 1248 2868 par
1271 2789 1304 2848 et
1327 2784 1387 2849 eis.

592 2884 679 2949 Fons
704 2906 796 2950 sacer
817 2884 878 2950 hos
901 2890 1012 2950 tecum
1035 2885 1121 2968 beat,
1146 2886 1253 2952 inlinit
1275 2909 1410 2974 unguen
1433 2889 1567 2970 avitum,

676 2987 787 3074 Atque
811 2989 888 3073 agni
912 2989 1016 3053 saciat
1038 2988 1098 3054 hos
1122 3010 1198 3054 caro
1221 2991 1290 3056 sire
1313 3013 1419 3057 cruor.

592 3089 638 3155 Ut
660 3112 718 3176 pro
742 3097 775 3156 te
799 3092 885 3156 vitae
909 3096 971 3172 est,
994 3113 1053 3178 pro
1077 3091 1128 3156 his
1152 3113 1280 3178 quoque
1304 3100 1451 3160 mortuus
1473 3101 1597 3177 auctor,

675 3192 846 3279 Quemque
869 3199 903 3257 et
924 3215 984 3280 pro
1007 3194 1133 3259 meritis
1157 3195 1200 3259 ad
1223 3218 1281 3261 sua
1304 3197 1389 3262 dona
1412 3205 1517 3264 vocat.

496 3319 535 3358 aar
598 3296 662 3361 Hic
686 3295 918 3361 submittantur
940 3297 1096 3361 transacti
1120 3298 1259 3362 carbasa
1280 3299 1365 3381 libri,

669 3398 782 3464 Litore
806 3399 839 3462 in
862 3399 924 3462 hoc
947 3405 1059 3464 teneat
1082 3400 1226 3464 anchora
1248 3401 1334 3466 iacta
1356 3406 1489 3468 ratcm¹.

364 3518 642 3585 EXPLIOIUNT
665 3516 842 3582 VERSUS
865 3516 1097 3582 TEUDULFI
1118 3518 1325 3588 EPISCOPI
1348 3521 1528 3589 CONTRA
1551 3525 1745 3595 IUDIOES.

849 3745 1260 3754 ——-—--—-—-—-...-

977 3983 1121 4050 XXIXl.

587 4104 678 4192 Lege
699 4104 844 4172 tonantis
868 4105 935 4170 eri³
964 4107 1088 4192 retegit
1111 4126 1175 4191 qua
1198 4105 1334 4170 crimina
1356 4105 1450 4186 lator,

672 4210 856 4276 Infaustum
878 4211 1010 4297 perimit
1032 4211 1217 4276 insidiantis
1241 4210 1312 4275 iter.

586 4313 686 4400 Legis
710 4320 836 4379 amator
859 4335 960 4380 orans
982 4314 1169 4380 multandos
1192 4312 1334 4399 denique
1357 4311 1447 4378 fures

668 4418 781 4484 Rebus
805 4419 840 4483 in
863 4418 988 4485 eductis
1012 4419 1141 4484 censuit
1164 4439 1238 4484 esse
1262 4422 1387 4503 quater.

520 4547 531 4582 s
591 4523 755 4612 Tempore
779 4546 853 4591 cum
875 4525 979 4611 primo
1003 4529 1157 4588 maneant
1179 4528 1357 4609 praecepta
1380 4541 1505 4602 severa,

670 4627 888 4714 Temporibus
910 4627 1032 4692 nostris
1055 4625 1241 4692 crudeliora
1261 4631 1405 4690 manent.

327 4915 379 4970 930
396 4920 497 4973 detoM
637 4919 690 4974 932
707 4940 744 4974 aa
767 4929 871 4990 petant?
896 4923 967 4974 Waa.
1091 4919 1141 4973 933
1165 4922 1285 4986 hebream
1299 4921 1333 4972 Μ
1347 4921 1374 4972 P
1475 4920 1582 4989 plopsP
1682 4921 1837 4988 menphiticc
1845 4919 1877 4984 P,

224 5005 412 5071 mempiticaM
517 5003 568 5058 937
586 5007 707 5075 apurtsb
810 5007 861 5060 939
871 5018 961 5078 reputo
979 5011 1030 5061 iras
1044 5008 1078 5059 Μ
1144 5015 1213 5060 corto
1226 5007 1259 5057 Μ
1283 5018 1284 5021 ’
1359 5005 1409 5058 941
1429 5007 1577 5074 precarisP
1660 5005 1880 5076 942ipcedu01’

222 5086 273 5141 944
296 5092 382 5154 Quum
406 5091 473 5142 LM
590 5091 640 5145 946
662 5097 795 5147 reuocauit
817 5097 891 5148 codd.
1023 5093 1075 5146 948
1093 5097 1179 5158 Quum
1196 5094 1221 5144 L
1237 5095 1267 5144 Μ
1387 5091 1437 5145 951
1458 5093 1580 5145 inliuitP
1697 5090 1882 5145 952raciac1>

219 5173 271 5227 954
289 5176 450 5242 QuanquoP
559 5175 611 5229 955
629 5181 801 5233 transhactiP
909 5180 960 5233 956
978 5183 1075 5234 Littors
1090 5179 1115 5230 P
1191 5180 1490 5246 Expliciunt-iudicos
1515 5196 1562 5231 ora.
1580 5179 1605 5228 L
1620 5178 1658 5243 Μ,
1676 5179 1721 5230 aa
1739 5187 1879 5245 rcprtuamr

217 5280 306 5314 sermo
327 5264 446 5316 Carmina
463 5264 485 5314 si
503 5263 599 5316 tuerint
617 5264 701 5328 (Riese
720 5265 798 5318 Aatts.
817 5265 887 5334 675).

289 5347 397 5415 [XXIX]
417 5349 471 5401 cirre
488 5349 559 5401 tincto
573 5349 640 5418 Hs.
658 5349 779 5404 53’-54’
878 5351 895 5404 5
913 5354 1062 5420 capriaco?
1083 5351 1128 5418 (cf.
1141 5369 1222 5418 aspro
1229 5370 1259 5418 p.
1269 5349 1320 5402 515
1330 5369 1352 5402 v.
1366 5348 1427 5415 377)

322 5519 348 5585 1)
372 5518 419 5573 Ον.
443 5521 505 5575 Art.
531 5522 591 5574 Am.
611 5520 698 5586 mat
723 5520 777 5576 Hic
800 5524 897 5576 teneat
919 5524 1027 5576 nostras
1051 5537 1152 5576 ancora
1176 5520 1250 5574 iacto
1273 5523 1361 5585 ratem
1386 5522 1436 5575 Ec:
1455 5520 1547 5575 Ponto
1570 5520 1600 5587 V,
1607 5519 1677 5585 242
1695 5521 1804 5575 Ancora
1822 5519 1878 5574 iam

217 5622 340 5674 nostram
357 5637 414 5675 non
433 5623 512 5676 tenet
530 5623 589 5678 ulla
613 5626 710 5679 ratem.
785 5625 813 5691 2)
837 5625 899 5679 Hoc
922 5641 1030 5680 carasca
1057 5626 1126 5680 tucia
1149 5625 1290 5680 aursauttio
1314 5627 1474 5695 corruptam
1493 5627 1610 5694 propter
1633 5625 1788 5693 assumenti
1804 5624 1879 5679 stari-

218 5725 362 5781 titudinem
380 5741 441 5780 cum
459 5727 632 5782 antecedente
651 5728 817 5796 ccaiuapcrc
833 5729 950 5797 placuit.
1020 5729 1049 5799 3)
1071 5729 1113 5798 t'f.
1133 5745 1221 5798 supra
1235 5728 1326 5798 poce
1344 5745 1368 5782 a.
1387 5727 1447 5783 554.
