4612 6414
501 404 720 460 AEDILVULFI
739 406 898 461 CARMEN.
935 393 1152 460 Puoonulum
1171 405 1216 460 ΕΤ
1238 401 1592 478 Puuuunuiunounn.‘
1798 410 1861 471 583

207 577 244 640 de
272 599 332 658 quo
363 577 533 659 (latalcpuc
561 578 599 658 of
622 577 671 642 aa
691 579 903 658 suariuscripts
925 579 963 658 os
988 577 1172 660 Cacumidm
1194 577 1246 655 II,
1270 581 1332 642 324
1355 597 1387 642 n.
1415 581 1495 642 1160
1526 577 1678 659 copiosius
1705 577 1864 657 disseruit,

208 682 342 745 continet
367 702 399 761 p.
423 684 601 744 nos-215
629 701 742 762 poerna
770 685 928 760 andrum,
957 681 1040 762 quod
1066 680 1116 746 bic
1137 700 1201 744 reon
1221 684 1301 745 rccte
1322 680 1366 744 ad
1385 679 1544 745 ecclesiam
1565 679 1863 764 Lindisfarnensem

208 783 353 863 refertur.
387 783 495 847 Huius
510 784 622 848 codicis
635 784 850 866 apopraplsum
867 784 999 848 Thomas
1013 785 1141 862 Galus,
1164 785 1222 848 ‘cir
1237 783 1397 848 doctrinae
1418 787 1447 848 ct
1461 783 1861 866 numanitatissinpubrris'

131 929 133 934 -
208 883 400 950 Mobillonio
422 886 516 963 misit,
539 886 594 966 quii
606 886 689 949 inter
700 890 782 950 Acta
795 886 983 951 Saudorum
994 887 1118 950 ordinis
1132 886 1236 950 sancti
1248 885 1414 950 Benedicti
1428 904 1506 953 saec.
1521 887 1542 950 I
1546 886 1581 964 V,
1606 890 1626 950 2
1635 907 1667 966 p.
1692 889 1859 950 sos-321

208 993 282 1052 ante
312 988 366 1052 nos
397 989 543 1052 ducentos
564 1006 667 1052 anuos
686 988 824 1068 primam
853 992 946 1068 atquc
978 988 1037 1054 lrsrc
1066 1007 1163 1070 usque
1192 989 1319 1054 umnam
1339 988 1504 1053 editionem
1532 990 1600 1053 eius
1618 990 1748 1070 perard
1768 1010 1864 1070 capra

209 1092 300 1154 nimis
320 1094 431 1172 postca
457 1092 494 1154 in
519 1091 692 1154 annalibus
724 1090 846 1154 ordinis
868 1090 902 1156 S.
925 1090 1091 1156 Benedicti
1114 1090 1178 1174 (ΙΙ,
1202 1091 1344 1176 35-27)
1374 1091 1411 1156 cle
1435 1095 1578 1171 poemate
1605 1096 1634 1155 ct
1653 1095 1777 1156 cadom
1797 1092 1865 1155 cius

209 1194 279 1276 cpit.
308 1194 484 1275 Exemplar
513 1194 625 1258 codicis
657 1193 927 1274 Cantabripicusis
953 1215 975 1257 a
1004 1195 1103 1259 Gaetu
1135 1195 1254 1274 facttum
1287 1213 1352 1258 non
1380 1195 1460 1258 satis
1488 1199 1668 1260 maurulum
1699 1194 1799 1274 fuisse
1826 1214 1865 1258 erc

205 1294 366 1374 principio
387 1298 417 1358 et
435 1296 500 1376 fine
515 1295 670 1375 poematis
692 1294 793 1359 nostri
809 1317 835 1360 ,a
857 1294 1087 1360 Liebennanno
1108 1296 1221 1360 iterum
1243 1296 1366 1362 collatis
1386 1297 1495 1361 enati.

318 1396 393 1462 Post
414 1397 641 1462 Mobillonium
669 1419 739 1462 cunr
764 1399 820 1465 Tb.
849 1399 973 1482 Wriplrt
995 1399 1209 1482 (Bioproplria
1236 1400 1317 1464 liter.
1339 1399 1495 1466 Britanni.
1519 1400 1550 1477 I,
1578 1403 1654 1480 370)
1683 1400 1720 1463 de
1741 1402 1865 1462 astatore

211 1503 318 1564 nostro
339 1499 501 1578 disseruit,
524 1500 561 1563 de
583 1520 643 1580 quc
664 1500 747 1564 nibil
776 1501 849 1564 novi
876 1500 990 1578 affare
1012 1503 1042 1564 ei
1063 1501 1161 1578 licuit,
1184 1505 1249 1564 tum
1270 1501 1388 1583 Hardp
1410 1500 1619 1586 (Descriptioe
1644 1500 1812 1583 meacm
1834 1498 1864 1576 I,

213 1603 397 1688 soe-511)
420 1602 457 1667 de
479 1601 633 1667 codicibus
653 1603 721 1666 eius
741 1603 881 1667 nondum
902 1603 1053 1668 adhibitis
1073 1623 1131 1668 uos
1152 1607 1297 1668 certiores
1313 1603 1399 1690 fecit.

589 2091 595 2096 .
713 2034 889 2108 INCIPIT
915 2036 1365 2113 PRAEFATIUNCULA.

287 2199 513 2265 Amicorum
537 2203 900 2286 praestantissimo
924 2211 1052 2290 atque
1076 2205 1378 2285 dilectissime,
1402 2202 1616 2270 sacerdoti
1640 2224 1795 2287 magno,

337 2302 612 2388 ecgberctum
645 2306 904 2390 presbitero¹
927 2307 1098 2372 meritis
1123 2309 1297 2394 exignus
1320 2305 1553 2372 Aediluulfb
1584 2307 1746 2371 intimae

826 2410 1040 2474 caritatis⁰
1073 2411 1254 2475 salutem.

582 2543 693 2624 Sume,
716 2554 819 2632 pater,
842 2545 990 2632 placidus
1013 2547 1210 2613 modulantis
1233 2553 1310 2614 vote
1332 2553 1460 2634 poetae,

581 2647 743 2721 Quatinus
767 2656 902 2715 aeterno
926 2651 1036 2736 capias
1060 2673 1133 2717 cum
1156 2673 1235 2737 rege
1259 2653 1414 2736 quietem,

581 2750 690 2837 Atque
714 2759 809 2838 petas
833 2773 969 2838 superas
992 2755 1120 2820 meritis
1144 2754 1393 2841 splendentibus
1416 2775 1519 2818 eroes.

581 2854 679 2919 Hunc
702 2877 883 2920 memorare
906 2857 1014 2922 libens
1038 2879 1177 2944 semper,
1200 2858 1380 2924 lectissime
1404 2857 1546 2943 praesul,

516 2979 527 3014 s
586 2957 708 3023 Sancta
731 2980 947 3045 supernorum
972 2960 1197 3026 conscendens
1221 2967 1352 3046 sceptro
1373 2961 1533 3046 polorum,

584 3060 839 3148 Mercedemque
864 3069 963 3142 tuam,
987 3084 1083 3148 qnam
1106 3065 1202 3128 iussit
1225 3062 1361 3129 reddere
1386 3063 1508 3142 calvus,

583 3164 689 3231 Nocte
713 3164 831 3252 dieque
856 3167 951 3232 simul
974 3172 1112 3232 cunctae
1136 3189 1195 3252 per
1217 3174 1367 3254 temporo
1388 3166 1503 3245 vitea.
1574 3231 1575 3236 ,

584 3268 699 3354 Teque
722 3275 862 3355 tuosque
886 3269 983 3334 simul
1007 3270 1181 3336 clementia
1203 3276 1354 3357 protegat
1377 3269 1453 3349 alta,

585 3370 658 3444 Quo
681 3363 781 3437 decus
805 3373 986 3437 inmensum
1010 3371 1139 3438 radians
1163 3395 1223 3460 per
1245 3373 1357 3438 secula
1380 3376 1498 3436 cuncto

505 3495 529 3533 so
586 3473 747 3540 Omnibus
770 3476 803 3540 in
827 3477 949 3540 sanctis
972 3477 1124 3542 clarescit
1146 3476 1270 3542 lumine
1293 3476 1385 3540 miro.

587 3565 743 3665 corpore,
765 3585 887 3660 mente,
909 3600 1018 3660 manu,
1042 3579 1168 3644 cunctis
1192 3585 1226 3645 et
1249 3578 1401 3644 sensibus
1424 3597 1491 3641 nne

587 3681 657 3747 lom
679 3682 844 3747 dominum
869 3681 1007 3746 colitans
1031 3682 1155 3747 celsum
1179 3682 1250 3746 sine
1273 3682 1338 3747 fine
1360 3681 1480 3747 valeto.

438 3928 447 3972 1
492 3904 749 3972 SALUTATIO
774 3903 910 3969 veuls
934 3902 997 3968 AD
1020 3903 1279 3970 EPISOOPUM
1300 3902 1361 3967 DE
1384 3900 1657 3975 PROPINQUIS

719 4007 777 4072 ΕΤ
799 4005 1037 4072 MONAOHIS
1061 4004 1237 4071 sunnin
1259 4003 1376 4070 EIUS.
1664 4007 1666 4012 '

588 4130 671 4194 Oum
694 4135 726 4194 te
751 4133 866 4193 sancto
887 4147 1003 4191 manus
1026 4130 1250 4211 praestantem
1273 4123 1416 4192 reddidit
1438 4123 1568 4209 singlis,

668 4233 762 4298 Haec
784 4231 845 4296 tibi
869 4230 1055 4316 conplacuit
1078 4230 1201 4294 rustica
1224 4227 1333 4294 dona²
1355 4227 1445 4292 dare.

588 4337 727 4402 Rustico
749 4332 808 4400 sed
832 4333 960 4399 stolidis
984 4332 1104 4398 sudent
1126 4333 1155 4397 si
1177 4337 1311 4418 pectora
1335 4331 1443 4411 dictis,

527 4427 528 4432 ἵ
673 4440 749 4504 Non
772 4435 927 4503 stolidum
951 4456 1083 4501 carmen
1106 4435 1228 4499 rustica
1250 4435 1376 4520 plectra
1397 4432 1531 4498 dabunt

330 4762 422 4828 Incipit
445 4759 633 4828 prefatiuncula
650 4756 674 4806 L
692 4755 725 4818 0,
752 4754 845 4819 Incipit
867 4751 978 4818 profusio
1000 4749 1136 4800 Ethilvnlfi
1158 4746 1376 4799 Lindisfarnensis
1399 4744 1505 4796 ecclesis
1529 4743 1647 4795 monachi
1670 4743 1701 4795 ad
1723 4743 1879 4810 Ecgbsrtum

227 4849 462 4900 Lindisfsrnenssm
485 4848 632 4914 episcopum
654 4843 685 4893 ds
711 4839 848 4892 abbatibus
870 4836 983 4888 ciusdem
1006 4835 1114 4898 ecclesie
1128 4833 1150 4884 0
1271 4829 1461 4897 *hugnerico
1576 4825 1752 4881 ‘'Asdinuulf
1764 4828 1793 4892 0,
1809 4827 1880 4878 Edil·

229 4935 318 4985 vulfus
337 4933 552 4998 Lindisfsrnsnsis
571 4931 678 4994 ecclesie
696 4923 872 4978 monachae
972 4919 1154 4972 ‘mmmdcc'
1255 4915 1341 4968 1-12
1358 4918 1436 4968 Sume
1453 4916 1657 4983 pater-valeto
1674 4933 1722 4968 om.
1735 4915 1760 4966 L
1810 4914 1839 4964 in
1859 4913 1881 4965 0

230 5019 358 5071 antecedit
376 5019 439 5070 baec
455 5018 574 5068 rubrica:
592 5015 714 5066 Salumiio
732 5013 799 5064 ustis
816 5011 849 5060 sd
866 5010 1012 5075 episcopum
1030 5009 1062 5058 de
1080 5005 1230 5074 propinquis
1247 5011 1273 5055 et
1289 5003 1421 5054 monachis
1437 5002 1516 5053 cellas
1534 5002 1590 5052 sius
1671 4998 1685 5050 1
1703 5001 1815 5068 placidos
1830 4998 1883 5050 00

228 5105 401 5158 modulatisO
484 5101 630 5155 4NuncO
714 5097 731 5149 6
749 5096 867 5163 quamuis
879 5093 948 5145 sito
1031 5091 1064 5143 12
1082 5091 1195 5158 Explicit
1210 5090 1329 5156 prsfscio.
1364 5088 1495 5154 Incipiunt
1510 5085 1657 5153 cupituIaO
1673 5085 1807 5152 (Capimln
1822 5085 1881 5150 ipsa

228 5209 294 5258 quiae
312 5189 442 5242 Mobillon
459 5207 485 5255 p.
504 5185 556 5240 304
577 5188 690 5238 numnis
711 5183 815 5236 aducis
832 5181 926 5243 edidit,
954 5180 994 5230 liic
1016 5177 1155 5229 eminendo
1174 5173 1270 5240 emon)
1386 5173 1398 5238 11
1415 5171 1443 5240 [1]
1465 5169 1556 5223 ‘enon
1573 5169 1656 5223 tibio
1754 5167 1772 5222 4
1795 5168 1884 5221 NecO

335 5375 360 5440 1)
388 5371 629 5441 mitissimae,
653 5369 690 5436 cs.
708 5370 781 5421 Anu.
800 5357 978 5431 Liudisfarn.
1002 5361 1054 5414 303
1075 5359 1138 5428 (SS.
1161 5359 1248 5422 XIX,
1261 5358 1323 5425 506)
1344 5355 1485 5426 Higbnldo
1509 5353 1638 5424 episcopo
1660 5353 1882 5407 Lindisfsrnense

229 5477 361 5531 defussum
378 5474 532 5545 Egobertm
553 5471 685 5527 successit
707 5469 800 5524 XVIII
821 5467 915 5521 annis:
939 5465 1080 5520 Florentii
1099 5461 1281 5532 Wiporniens.
1303 5459 1395 5512 cirron
1418 5457 1506 5527 (Mon.
1529 5456 1661 5510 Britann.
1679 5455 1739 5522 547)
1759 5453 1811 5508 802
1831 5467 1881 5522 pro

230 5597 286 5649 quo
312 5582 360 5646 (sc.
383 5577 539 5650 Hipbaldo)
564 5575 702 5645 Egbsrtus
724 5572 829 5627 electus
851 5571 887 5625 ab
908 5567 1051 5624 Esnboldo
1073 5565 1240 5622 Eboiacensi
1262 5563 1469 5632 archispiscopo
1491 5559 1532 5613 Ill
1552 5559 1592 5613 Id.
1615 5559 1674 5613 lun.
1696 5557 1882 5618 consecratum

230 5682 281 5753 Ι319
298 5683 436 5753 Defuncto
454 5680 589 5752 Egbertm
616 5679 725 5738 &meon
742 5677 918 5736 Dunelmeus,
936 5673 989 5736 803
1006 5672 1054 5742 (io.
1068 5689 1100 5743 p.
1118 5670 1187 5740 673).
1277 5668 1306 5738 2)
1326 5666 1375 5722 Oa.
1393 5667 1454 5725 Arc.
1472 5663 1577 5730 mess
1594 5659 1698 5718 rustica
1715 5660 1789 5715 dona
1806 5673 1882 5730 puer.
