4988 6434
782 394 980 452 ΕΡῙΤΑΡΗΙΑ
998 393 1177 452 FILIARUM
1195 395 1333 451 PlPPINl
1352 394 1465 452 REGIS.

660 573 732 636 Hos
755 571 901 636 modicos
925 573 1070 658 prompsi
1092 571 1223 658 plebeio
1247 573 1389 636 carmine
1413 594 1539 648 versus,

581 699 604 734 10
747 675 797 739 No
821 683 896 739 tuus
912 677 953 740 'in
975 676 1115 761 populis,
1139 682 1262 756 sancte,
1286 677 1405 740 lateret
1426 676 1540 739 honor.

660 780 775 844 Redde
798 781 903 844 ricem
927 781 1047 844 misero
1061 782 1086 841 ¹:
1111 799 1151 842 ne
1176 779 1282 842 iudice
1307 800 1441 864 spernar
1463 779 1504 842 ab
1527 799 1642 863 aequo,

746 883 886 947 Eximiis
909 884 1035 947 meritis
1058 903 1169 968 posce,
1193 883 1300 962 beate,
1323 904 1449 968 precor.

1083 1350 1157 1414 XX.

543 1491 845 1565 urrrnenrun
873 1490 1137 1592 sosarnus
1164 1439 1322 1565 aitrau
1349 1492 1523 1565 P1PP1N1
1550 1491 1703 1593 nucis.

660 1642 724 1706 Hic
749 1662 810 1726 ego
835 1663 918 1725 quae
944 1642 1036 1706 iaceo
1060 1642 1204 1706 Rothaid
1226 1641 1266 1707 de
1290 1644 1421 1708 nomine
1445 1642 1546 1724 dicor,

660 1744 751 1817 Quae
775 1767 878 1830 genus
902 1747 1036 1811 excelso
1059 1747 1194 1810 nimium
1217 1745 1258 1811 de
1282 1747 1428 1831 germine
1451 1746 1545 1810 duco.

660 1848 743 1912 Nam
767 1848 847 1911 mihi
869 1869 1056 1931 germanus,
1080 1856 1196 1933 gentes
1220 1851 1275 1934 qui
1298 1849 1443 1913 subdidit
1465 1850 1564 1914 armis

660 1953 833 2030 Ausonias,
858 1953 960 2016 fretus
984 1952 1127 2016 Karolus
1150 1954 1269 2016 virtute
1293 1954 1451 2019 tonantis:

592 2081 603 2115 r.
659 2057 820 2144 Pippinus
843 2063 937 2143 pater
960 2064 1019 2129 est,
1043 2057 1166 2121 Karolo
1190 2057 1230 2121 de
1255 2058 1401 2143 principe
1425 2063 1545 2137 cretus,

660 2162 873 2244 Aggarennm
897 2160 1012 2223 stravit
1035 2181 1154 2243 magna
1179 2160 1234 2244 qui
1257 2159 1357 2224 caede
1381 2168 1564 2244 tyrannum.

660 2264 820 2349 Pippinus
844 2285 995 2348 proavus,
1020 2285 1083 2349 quo
1106 2285 1172 2326 non
1195 2263 1350 2327 audacior
1372 2264 1469 2336 ullus,

659 2370 722 2431 Ast
745 2368 868 2430 abavus
888 2367 1053 2431 Auschisa
1075 2373 1203 2452 potens,
1228 2368 1282 2452 qui
1305 2367 1395 2431 ducit
1417 2368 1458 2432 ab
1482 2368 1538 2431 illo

659 2472 800 2535 Troiano
823 2471 987 2534 Auschisai
1011 2472 1108 2554 longo
1132 2478 1207 2556 post
1230 2479 1377 2558 tempore
1401 2493 1531 2535 nomen.

590 2606 595 2630 ι
660 2575 757 2638 Hunc
781 2575 895 2658 genuit
917 2583 1010 2659 pater
1034 2575 1096 2638 istc
1122 2595 1216 2637 sacer
1238 2575 1414 2659 presulque
1438 2573 1556 2638 beatus

659 2679 826 2758 Amulius,
850 2679 940 2741 miris
964 2678 1067 2762 gestis
1090 2678 1146 2762 qni
1169 2677 1273 2762 fulget
1296 2678 1427 2763 ubique,

658 2781 722 2846 Hic
746 2803 797 2844 mc
822 2803 879 2866 spo
904 2782 994 2845 cuius
1018 2780 1092 2844 freti
1115 2802 1255 2866 posuere
1279 2788 1444 2866 parentes.

1076 3247 1171 3311 XXI.

541 3392 839 3466 EPITAPHIUM
867 3391 1151 3463 ADHELElDlS
1179 3391 1336 3463 FlLlAE
1362 3391 1503 3464 CUIUS
1532 3391 1704 3465 SUPRA.

660 3543 865 3629 Perpetualis
889 3563 979 3605 amor
1003 3540 1182 3627 capiendae
1207 3549 1240 3605 et
1264 3563 1364 3606 causa
1388 3542 1513 3621 salutis,

700 3637 707 3649 ’
742 3647 881 3710 Pectore
904 3667 1000 3730 quem
1024 3644 1116 3728 vigili
1138 3645 1201 3708 lruc
1225 3666 1402 3731 properare
1426 3645 1513 3724 facit,

659 3751 766 3815 Nosse
791 3750 883 3835 cupis
907 3771 964 3812 cur
986 3748 1084 3812 busta
1107 3769 1202 3811 sacer
1224 3769 1399 3813 numerosa
1421 3754 1564 3812 retentet

742 3851 808 3918 Hic
831 3853 934 3930 locus,
958 3849 1110 3933 astrigeri
1133 3871 1196 3933 qua
1219 3856 1310 3935 patet
1332 3851 1407 3913 aula
1429 3851 1516 3936 poli?

398 4049 443 4054 ,ήη
528 4050 581 4056 *w*
599 4050 609 4052 -
636 4051 641 4054 ,
676 4049 679 4051 ,
800 4047 819 4050 -
870 4047 880 4050 „
928 4045 959 4050 ..,
992 4045 1000 4048 .
1048 4044 1105 4049 ...-.
1136 4044 1175 4048 -.
1214 4045 1249 4048 .-.
1278 4045 1333 4049 -—
1350 4045 1396 4049 ....-.
1415 4045 1839 4055 ,.-.-,.ω--ῇ-ᾕ-

394 4181 411 4232 ll
429 4185 544 4235 modicus
553 4183 592 4243 F,·
609 4183 689 4232 Pauli
707 4181 780 4231 codd.
800 4181 823 4230 A
839 4177 923 4230 1.‘2.4
942 4176 992 4228 132
1011 4179 1038 4229 E
1046 4178 1069 4238 1,
1088 4197 1154 4230 corr.
1173 4181 1284 4230 ruodicos
1300 4179 1348 4229 Dl
1456 4178 1489 4230 12
1506 4181 1649 4232 eximiusC
1656 4181 1723 4234 Dla
1741 4183 1762 4232 Ι
1768 4181 1781 4232 l

361 4283 434 4352 [XX]
475 4287 657 4353 Epithaphium
681 4286 791 4336 rohaidis
819 4286 871 4346 tilie
895 4284 974 4350 pipini
998 4283 1139 4350 regis-Po.
1152 4286 1177 4349 s.
1199 4282 1251 4348 ll‘,
1274 4284 1318 4332 ndi
1340 4283 1402 4333 haer
1426 4283 1590 4334 carracedum.-
1620 4287 1692 4348 Quae
1715 4287 1857 4354 Hildegurd
1884 4289 1952 4354 apud

292 4373 380 4422 urbem
399 4375 550 4423 Metteusem
568 4373 595 4422 in
618 4372 685 4422 beati
704 4372 803 4422 Amulii
823 4372 930 4421 oratorio
954 4372 1096 4435 requiescit.
1134 4372 1183 4420 l’ro
1206 4387 1236 4420 oo
1254 4372 1377 4435 denique,
1401 4371 1468 4435 quod
1490 4389 1505 4420 a
1524 4371 1598 4422 beato
1616 4373 1725 4423 Amulio
1744 4374 1794 4422 ium
1813 4376 1857 4425 fati
1876 4391 1950 4441 reges

292 4459 416 4525 originem
434 4460 568 4520 ducerent,
592 4475 697 4508 suorum
716 4459 752 4507 ihi
776 4475 892 4508 carorum
911 4458 1032 4506 ‹lefunctu
1050 4475 1153 4523 corpora
1174 4475 1287 4522 posuere.
1326 4459 1388 4506 Nam
1407 4458 1442 4506 ihi
1461 4458 1580 4508 humatae
1599 4465 1660 4508 sunt
1677 4459 1742 4509 ‹luac
1761 4461 1829 4526 regis
1845 4461 1950 4527 Pippini

293 4545 369 4608 iilius,
388 4563 496 4610 quarum
515 4562 567 4595 una
578 4545 711 4604 ltodthaid,
729 4544 810 4594 altero
823 4543 946 4593 :ldelhaid
964 4544 1090 4609 appellato
1109 4552 1159 4604 ost3
1177 4545 1212 4592 ihi
1231 4561 1333 4609 quoque
1352 4553 1377 4594 et
1395 4545 1501 4594 iunioris
1519 4545 1588 4610 regis
1606 4545 1694 4595 Knroli
1707 4545 1772 4595 duae
1785 4546 1952 4596 nihilominus

291 4631 432 4681 tumulatae
460 4639 521 4680 sunt
547 4639 635 4692 natue,
666 4631 763 4680 scilicet
787 4630 911 4679 adelheid
935 4637 959 4678 et
977 4630 1125 4695 llildigard:
1149 4647 1213 4694 (puae
1232 4631 1367 4696 llildigurd
1389 4639 1503 4682 nmteruo
1525 4640 1673 4698 nuncupata
1695 4632 1811 4696 nominc,
1840 4641 1947 4684 matrem

292 4718 440 4768 morientem
466 4719 542 4767 citius
564 4719 701 4768 subsecuta
724 4725 769 4766 cst.
811 4718 925 4779 Quarum
952 4718 1065 4766 onmium
1084 4717 1212 4782 epitaphia
1230 4736 1244 4766 u
1263 4718 1337 4766 nohis
1355 4719 1427 4768 iussu
1445 4719 1550 4784 gloriosi
1569 4719 1637 4784 regis
1655 4718 1739 4768 Caroli
1757 4721 1904 4786 composita,
1923 4727 1953 4770 ut

292 4805 323 4853 dc
341 4805 378 4854 eis
402 4803 498 4868 liquido
521 4805 609 4854 lectori
633 4805 766 4854 mitisticret
789 4804 877 4854 suhter
895 4813 1016 4853 annotare
1034 4805 1129 4854 ornari.
1172 4805 1334 4870 Epitaphium
1358 4806 1489 4855 llothaidis
1511 4805 1564 4854 filie
1586 4805 1670 4871 l'ipini
1688 4806 1756 4871 regis
1773 4807 1877 4873 gloriosi
1896 4825 1946 4872 quc

292 4890 317 4938 in
342 4889 390 4939 isto
413 4889 468 4940 loco
492 4891 558 4940 iacet
580 4890 630 4940 Me.
650 4909 678 4954 p.
697 4886 743 4953 53,
774 4890 827 4939 sine
851 4890 922 4939 noeto
941 4889 1066 4940 Μουνὶυκε
1181 4889 1284 4941 lHaec
1302 4908 1350 4957 ego
1370 4891 1495 4942 Metrodoro
1515 4891 1637 4940 Choerilus
1711 4893 1818 4944 Rotnich
1840 4895 1871 4944 dc
1892 4894 1952 4949 Mc..

295 4975 427 5026 Rotlraidie
445 4979 546 5028 nominc
566 4977 649 5026 ilienr.
663 4976 795 5026 Buronins
900 4973 986 5038 2Qui
1005 4975 1069 5025 Bar.
1140 4977 1219 5026 ducor
1231 4977 1290 5040 Mc,
1310 4977 1380 5026 cuius
1392 4978 1486 5029 occardo
1498 4978 1585 5026 omorio
1597 4976 1724 5028 adnotare
1735 4995 1953 5044 mrpcacaconcrrm

292 5061 356 5108 ἀμπ’
444 5060 590 5114 4Karolus
608 5081 674 5112 cor-r.
692 5063 719 5111 in
741 5060 983 5111 liarlussrctnsl'a.
1079 5060 1220 5128 lrl‘ipinus
1234 5061 1280 5111 Pa.
1296 5062 1339 5112 (n.
1394 5065 1488 5115 Knrolo
1500 5081 1566 5112 corr.
1579 5064 1606 5113 in
1624 5064 1703 5114 Karlo
1715 5063 1763 5114 Pa..
1816 5064 1953 5128 ortusPn.‚

291 5155 376 5196 cretus
397 5148 441 5197 Gn.
460 5148 524 5197 Bor.
649 5147 665 5196 ti
684 5152 830 5214 Agerenum
851 5148 895 5198 (n.
966 5149 1027 5198 cedo
1048 5146 1103 5208 Pa,
1121 5149 1193 5197 clade
1211 5147 1275 5198 Bur.
1401 5145 1415 5198 l
1434 5151 1541 5216 l'ipinus
1560 5148 1586 5197 P
1603 5149 1647 5198 oa.
1769 5148 1787 5200 8
1804 5151 1850 5201 Est
1868 5151 1953 5202 Maur.

293 5233 418 5284 :tauchisc
436 5241 526 5300 potens
544 5237 588 5301 qui
607 5236 679 5286 ducit
698 5235 751 5292 t'lr..
773 5235 891 5284 arrachisa
909 5235 953 5298 qni
972 5235 1044 5286 ducis
1064 5232 1120 5294 Pa,
1144 5235 1257 5284 Anchise
1275 5243 1365 5300 potens
1383 5237 1427 5300 qui
1446 5237 1519 5287 ducis
1536 5234 1602 5284 Bor.
1724 5233 1740 5284 9
1759 5237 1877 5288 anschiso
1895 5237 1953 5300 Pa„

292 5321 405 5370 Anchisa
424 5320 469 5370 ut.

366 5420 451 5490 [xxl]
489 5427 552 5476 ltem
576 5425 734 5492 epitaphium
757 5427 862 5476 ulterius
885 5426 937 5476 filie
962 5426 1091 5477 adeleidis
1115 5427 1216 5476 nornine
1240 5443 1290 5492 quc
1308 5428 1388 5477 eciam
1412 5429 1437 5478 in
1462 5430 1511 5478 isto
1528 5427 1584 5476 loco
1602 5428 1729 5479 tumulate
1746 5404 1785 5480 eat
1803 5429 1863 5492 Mc,
1890 5433 1953 5481 Item

291 5511 447 5576 epitaphium
465 5512 571 5562 alterius
588 5512 655 5562 tiliae
674 5512 821 5563 Adhcleidis
842 5512 886 5562 Oh.

395 5679 421 5746 1)
441 5679 488 5734 Ov.
507 5684 567 5734 Am.
587 5682 613 5745 1,
631 5682 656 5744 6,
666 5681 700 5735 23
719 5680 814 5736 Redde
833 5680 923 5735 vicem
941 5682 1056 5738 meritis.

361 5797 465 5848 Por-rm
483 5811 569 5850 aarum
585 5811 646 5850 ssu
657 5799 782 5850 Cerronio
794 5797 813 5851 1.
