4554 6434
571 387 620 440 AD
638 388 836 444 MONACHOS
856 391 987 450 SANCTI
1005 393 1207 448 BENEDICTI.
1226 395 1274 448 AD
1293 395 1434 451 AMICOS.

963 671 1036 736 LII.

541 786 689 871 Angelus
713 811 731 852 e
756 791 847 854 caelo
871 792 1005 856 veniens
1028 795 1202 859 comitetur
1225 801 1357 861 euntem

624 889 770 977 Semper,
793 893 882 956 abito
906 899 988 975 tuus,
1012 894 1117 960 dulcis
1141 898 1255 974 amice,
1279 899 1358 962 vias.

541 991 588 1056 Te
611 1013 685 1057 mea
706 1015 799 1059 mens
823 997 970 1080 sequitur
991 1019 1109 1084 magno
1126 1020 1200 1064 cum
1217 1002 1324 1066 cordis
1344 1023 1464 1080 amore,

623 1095 794 1182 Exoptans
818 1101 926 1164 animo
950 1123 1108 1187 prospera
1130 1109 1247 1167 cuncta
1269 1105 1340 1169 tibi.

473 1219 484 1256 s
542 1198 605 1272 Qui
628 1200 709 1263 mihi
731 1206 774 1281 te,
798 1202 908 1283 frater,
933 1203 1082 1268 Christus
1107 1207 1270 1271 concessit
1292 1208 1441 1286 amicum,

625 1301 807 1368 Conservet
830 1325 944 1370 sanum
969 1306 1119 1372 Christus
1143 1308 1263 1393 ubique
1287 1310 1376 1374 mihi.

540 1402 697 1469 Efficiens
721 1407 816 1471 citius
839 1408 962 1494 pariter
984 1417 1159 1496 natumque
1182 1417 1352 1498 parentem

624 1507 837 1594 Congaudere
862 1513 959 1577 simul
982 1515 1199 1600 prosperitate
1221 1514 1316 1579 bona,

540 1609 635 1682 Quod
658 1611 754 1677 modo
777 1634 842 1677 non
865 1615 930 1678 vidi
954 1623 986 1680 te
1010 1622 1054 1696 te,
1078 1615 1267 1682 dulcissime
1290 1617 1399 1698 frater,

460 1731 484 1770 ιο
627 1713 803 1780 Contestor
824 1739 912 1798 vere,
937 1741 993 1784 cor
1016 1719 1105 1784 dolet
1128 1720 1189 1784 hoo
1212 1720 1357 1784 nimium.

540 1813 645 1887 Quam
667 1839 769 1905 prope
792 1823 919 1885 nescivi
948 1828 980 1887 te
1004 1844 1064 1887 nos
1088 1823 1267 1908 spectando
1290 1845 1452 1906 maneres,

623 1919 717 1985 Nunc
740 1922 803 1987 nisi
825 1923 972 2009 gaudens
997 1947 1062 1990 non
1084 1927 1164 1991 mihi
1187 1926 1270 1990 dixit
1291 1928 1398 1994 homo.

540 2022 594 2086 Me
617 2029 727 2088 tamen
751 2047 838 2108 ecce,
861 2050 992 2114 precor,
1016 2036 1225 2115 praesentem
1249 2053 1379 2118 semper
1400 2033 1533 2114 habeto,

624 2126 669 2191 Ut
690 2134 723 2192 te
745 2137 932 2214 presentem
957 2153 1088 2218 semper
1108 2132 1250 2214 habebo,
1273 2141 1376 2220 pater.

460 2251 483 2287 rs
542 2228 593 2295 Sit
614 2231 689 2312 tibi,
713 2233 818 2317 sitque
842 2234 921 2297 mihi
944 2255 1103 2320 praesens
1126 2235 1207 2300 deus
1231 2237 1382 2301 omnibus
1405 2238 1504 2319 horis,

623 2332 674 2398 Sit
694 2336 768 2420 pius
792 2344 825 2399 ct
848 2337 1001 2416 clemens,
1024 2337 1138 2421 gloria,
1163 2339 1239 2419 vita,
1263 2340 1361 2404 salus.

519 2434 608 2509 Quos
632 2438 767 2502 caritate
790 2439 845 2525 pia
866 2439 963 2503 terris
987 2440 1157 2504 coniunxit
1179 2441 1312 2522 amicos,
1365 2439 1366 2443 ’

623 2539 813 2606 Gaudentes
837 2543 960 2627 pariter
982 2543 1095 2628 iungat
1117 2543 1151 2607 in
1173 2565 1247 2607 arce
1270 2544 1348 2629 poli.

538 2641 609 2707 Hos
632 2665 711 2728 rogo
734 2645 914 2709 versiculos
937 2651 1044 2710 tecum
1067 2646 1127 2725 fer,
1150 2647 1252 2711 frater
1272 2648 1388 2726 amice,

457 2769 482 2806 20
627 2746 680 2812 Sis
703 2768 828 2812 memor
850 2749 964 2813 Albini
986 2755 1023 2812 ut
1046 2771 1186 2835 semper,
1209 2751 1324 2831 amice,
1347 2753 1404 2816 tui.

537 2850 602 2916 Per
624 2871 767 2937 campos,
790 2852 902 2926 colles,
926 2853 1025 2916 silvas
1049 2859 1082 2917 et
1104 2854 1237 2918 flumina
1259 2859 1412 2940 pergens,

623 2953 762 3040 Semper
782 2955 846 3019 iter
869 2954 1018 3019 Christus
1041 2962 1192 3042 protegat
1215 2979 1292 3022 ecce
1315 2964 1418 3038 tuum,

539 3055 732 3120 Sanctorum
754 3057 906 3142 precibus
930 3079 1060 3144 semper
1083 3060 1154 3123 siue
1177 3061 1241 3125 fine
1265 3062 1384 3142 valeto,

622 3161 665 3225 Et
687 3183 773 3226 nunc
796 3169 830 3227 et
853 3184 992 3249 semper,
1015 3162 1119 3228 dulcis
1143 3165 1247 3230 amice
1271 3167 1360 3230 vale!

951 3626 1044 3690 LIII.

540 3745 642 3810 Curre
665 3747 761 3824 viam,
784 3745 894 3824 frater,
918 3753 1058 3832 angusto
1081 3747 1211 3812 tramite
1234 3747 1414 3833 pulchram,

540 3849 632 3924 Quae
656 3855 689 3914 te
714 3848 774 3913 sub
799 3849 896 3914 tectis
920 3848 1043 3913 domini
1066 3849 1208 3914 deducat
1228 3851 1262 3914 in
1285 3851 1409 3926 aulam;

541 3955 611 4020 Nec
633 3953 693 4018 tibi
716 3953 799 4016 forte
823 3951 925 4038 pedes
950 3974 1052 4018 coeno
1076 3953 1229 4019 sordente
1253 3955 1424 4039 respargit,

541 4059 611 4124 Nec
635 4056 694 4121 tibi
718 4057 889 4121 caeruleus
913 4057 1019 4121 crines
1043 4057 1199 4122 infuderit
1221 4057 1337 4132 imber;

541 4160 611 4226 Nec
634 4161 683 4223 vis
707 4165 878 4224 ventorum
901 4159 1105 4236 turbatust}
1127 4159 1249 4245 grando
1272 4159 1440 4245 procellis;

539 4262 610 4327 Nec
633 4262 739 4340 timor,
762 4267 800 4324 ut
822 4261 938 4326 tollant
961 4269 1082 4344 vestes,
1106 4283 1167 4328 neo
1190 4262 1285 4326 fauce
1308 4262 1463 4342 latrones,

539 4365 609 4430 Neo
632 4367 696 4446 leo,
719 4385 780 4429 nec
804 4365 917 4450 tygris,
940 4386 1054 4446 ursus,
1077 4386 1157 4451 aper
1180 4365 1276 4430 ambo
1299 4366 1463 4439 visuntur;

540 4469 604 4533 Vel
627 4467 771 4549 coluber,
795 4468 939 4552 regulus,
963 4489 1099 4553 serpens
1121 4470 1298 4553 prosternit
1320 4471 1463 4548 euntem,

541 4571 606 4635 Sed
628 4570 713 4635 bene
737 4591 873 4634 securus
895 4571 1019 4656 poteris
1043 4591 1235 4657 percurrere
1259 4577 1404 4636 stratam.

539 4673 627 4739 Laus
650 4672 760 4737 divina
782 4674 842 4738 tibi
864 4681 998 4739 resonet
1020 4680 1220 4760 quapropter
1242 4674 1276 4738 in
1300 4695 1366 4754 ore,

538 4778 649 4863 thue
680 4778 771 4864 pium
797 4777 925 4863 placido
950 4777 1115 4842 Christum
1138 4785 1174 4842 tu
1196 4784 1329 4864 pectore
1352 4784 1463 4864 porta:

539 4880 601 4946 Ille
624 4887 698 4944 tuos
721 4901 864 4965 gressus,
889 4901 1005 4945 seusus
1029 4887 1063 4946 et
1084 4881 1186 4946 verba
1207 4880 1377 4966 gubernet,

538 4984 627 5064 Dux,
650 4985 713 5064 via,
738 4991 853 5065 rector,
877 5005 968 5049 amor
990 4984 1050 5049 tibi
1073 4986 1131 5060 sit,
1155 4990 1321 5070 protector
1342 4984 1463 5070 ubique

538 5087 740 5152 Incolomem
762 5086 860 5151 ducat
882 5093 925 5168 te,
949 5093 1049 5172 teque
1071 5087 1206 5152 reducat
1228 5094 1371 5152 euntem.

281 5281 796 5289 -—-———.-.—.—.——.
803 5281 1082 5288 —...-—-——-

244 5410 315 5480 [nn]
350 5415 429 5466 tuus
442 5414 500 5481 op.
513 5412 580 5466 nor
593 5433 618 5466 e.
632 5416 700 5466 cnx
771 5412 927 5475 recusso
996 5409 1030 5463 12
1042 5413 1113 5463 raas
1128 5421 1264 5478 compa
1334 5410 1366 5462 rr
1379 5413 1536 5476 eaeaeo
1580 5433 1602 5466 v.
1613 5411 1716 5464 19-24
1726 5373 1826 5464 aaa

174 5499 250 5548 etiam
267 5500 295 5548 in
313 5499 397 5551 codice
415 5500 567 5551 Mcnacemr‘
585 5497 670 5551 19410
683 5517 711 5565 p.
731 5496 765 5550 52
870 5496 903 5549 19
920 5500 975 5549 Hos
993 5515 1054 5565 ergo
1072 5497 1144 5548 Mon.
1248 5495 1284 5548 20
1302 5515 1397 5549 memor
1415 5499 1464 5548 mai
1482 5506 1512 5550 ut
1529 5499 1563 5548 M
1628 5500 1703 5550 amici
1720 5499 1751 5548 M

243 5581 326 5651 [LIII]
362 5586 401 5637 cd.
425 5585 447 5649 Q
471 5603 497 5636 n.
525 5588 606 5638 CLXI
745 5583 759 5635 l
787 5593 922 5652 angustum
943 5585 977 5649 Q,
1006 5593 1117 5652 angusto
1144 5584 1203 5634 aar.
1232 5583 1320 5646 (Frcb.
1347 5586 1379 5648 11,
1406 5581 1469 5649 620)
1606 5583 1624 5636 4
1650 5585 1697 5636 tibi
1720 5585 1783 5636 add.
1801 5585 1830 5636 F

173 5669 356 5732 infundeth
459 5667 574 5738 Itygris
590 5689 651 5739 sper
667 5670 785 5732 amon
888 5667 921 5721 13
938 5670 1037 5734 riosQ

243 5765 346 5818 Peme
363 5778 448 5818 rnrrru
465 5777 525 5816 serr
536 5763 693 5817 CrsomruI.
1584 5761 1619 5816 34
