4694 6428
648 390 695 443 DE
713 390 829 444 Clnlllll
849 391 1173 447 LINDISFARNENSIS
1192 392 1427 449 MONASTERII.

545 584 570 621 ιι
627 563 790 631 Perfidiae
813 564 965 630 manibus
988 565 1092 630 fertur
1113 571 1241 630 vastata
1263 564 1376 646 fuisse,

710 666 799 732 Dum
822 665 972 754 preciosa
995 667 1110 759 domus
1134 668 1235 754 impia
1257 667 1374 733 dextra
1396 669 1480 736 tulit.

626 769 805 835 Planxerat
827 771 924 836 Italia
946 771 1130 838 Gothorum
1154 778 1302 858 tempore
1325 779 1395 837 tota
1407 773 1429 851 ¹,

711 873 864 938 Vastavit
885 877 1010 962 templa
1033 874 1136 940 hostis
1159 875 1280 960 ubique
1304 874 1370 951 dei,

627 976 671 1041 Et
693 983 784 1041 natat
807 979 929 1042 effusus
954 971 1141 1043 sanctorum
1164 977 1298 1062 sanguis
1320 978 1354 1042 in
1376 978 1462 1056 aula,

546 1101 571 1138 so
720 1079 792 1152 Qua
815 1082 906 1167 prius
929 1083 1035 1146 almus
1058 1081 1163 1146 honor
1184 1080 1420 1166 omnipotentis
1444 1086 1523 1144 erat.

628 1183 800 1248 Hunorum
824 1183 950 1270 gladios
974 1191 1025 1250 ter
1047 1186 1149 1250 ternis
1173 1192 1323 1251 senserat
1346 1187 1439 1251 annis

712 1285 821 1350 Gallia
844 1292 923 1368 tota,
948 1289 1016 1353 suis
1039 1289 1207 1375 expoliata
1228 1289 1334 1354 bonis

543 1425 546 1433 ,
627 1388 807 1470 Ecclesiae,
831 1391 939 1472 urbes,
963 1392 1064 1472 vicos,
1088 1393 1232 1472 castella,
1257 1400 1402 1458 sacratas

714 1492 796 1558 (lum
820 1495 949 1581 populis
972 1497 1096 1581 pariter
1118 1496 1202 1580 ignis
1226 1495 1334 1561 edax²
1357 1497 1474 1582 rapuit.

548 1619 572 1654 aa
631 1596 733 1676 Talia,
758 1619 825 1677 cur,
849 1597 936 1678 Iesu,
960 1599 1032 1664 fieri
1054 1599 1218 1685 permittis
1241 1599 1276 1663 in
1299 1599 1377 1664 orbe

712 1699 838 1765 Iudicio
862 1701 1000 1780 occulto,
1022 1723 1088 1766 non
1112 1722 1174 1786 ego
1199 1702 1284 1766 scire
1308 1723 1403 1788 queo.

630 1803 707 1868 Vita
730 1805 794 1869 tuis
817 1804 883 1868 alia
905 1810 1054 1869 servatur
1075 1805 1109 1869 in
1132 1825 1207 1870 arce
1230 1806 1389 1892 polorum,

714 1907 788 1981 Qua
809 1929 876 1993 pax
897 1908 985 1972 alma
1006 1909 1107 1992 viget,
1130 1909 1255 1994 praelia
1276 1908 1367 1972 nulla
1388 1907 1481 1972 fiunt.

629 2009 755 2074 Aurum
778 2016 814 2074 ut
835 2011 967 2076 flamma
988 2011 1138 2097 probat³,
1162 2012 1265 2075 iustos
1288 2011 1460 2097 temptatio
1494 2008 1638 2084 mundat,

550 2134 575 2170 co
718 2101 834 2178 Pnrior
855 2119 956 2200 utque
979 2115 1090 2179 anima
1112 2114 1221 2179 sidera
1243 2116 1333 2179 celsa
1355 2120 1455 2200 petat.

631 2214 726 2279 Haec
749 2222 800 2280 cst
822 2216 891 2280 vita
913 2217 982 2280 viro
1006 2217 1092 2280 iusto
1116 2217 1288 2302 temptatio
1310 2221 1389 2295 tota,

712 2315 857 2382 Auribus
879 2324 916 2381 ut
937 2317 1058 2383 cecinit
1079 2318 1199 2404 pagina
1222 2339 1314 2382 saera
1336 2318 1401 2382 tuis
1413 2318 1436 2384 ⁴.

632 2417 803 2504 Quemque
818 2427 920 2507 'pater
942 2426 1054 2485 natum
1078 2443 1153 2485 carc
1177 2421 1366 2508 complectit
1388 2441 1512 2502 amore,

717 2521 855 2609 Saepius
878 2523 954 2588 huic
976 2524 1061 2588 tristi
1083 2522 1165 2588 dura
1185 2524 1318 2609 flagella
1339 2523 1468 2588 dabit⁵z

549 2645 573 2682 a
634 2623 689 2689 Sic
713 2624 794 2690 deus
817 2627 1025 2713 omnipotens
1047 2633 1178 2692 sanctos
1201 2649 1261 2712 per
1283 2648 1383 2692 saeva
1404 2627 1555 2712 probavit

714 2728 871 2809 Verbera,
894 2737 969 2816 post
992 2728 1133 2795 reddens
1158 2731 1284 2815 premia
1305 2732 1393 2796 laeta
1414 2732 1501 2817 polo.

632 2830 707 2896 Non
730 2852 788 2896 vos
812 2833 996 2911 conturbet,
1017 2833 1132 2912 sancti,
1156 2833 1383 2913 inconstantia,
1405 2833 1555 2916 fratrcsl,

713 2934 784 3000 Neo
807 2934 973 3000 mundana
994 2935 1127 3021 quidem
1149 2937 1336 3021 gurgitibus
1358 2937 1468 3002 variis.

633 3037 687 3102 Sic
709 3037 771 3101 fuit
792 3045 889 3123 atque
912 3039 969 3104 fiet
991 3039 1072 3104 secli
1093 3039 1256 3104 versatilis
1280 3039 1369 3113 ordo,

538 3162 576 3200 100
718 3141 879 3206 Laetitiae
902 3163 1080 3227 numquam
1103 3143 1146 3208 sit
1168 3143 1221 3207 cui
1244 3149 1335 3207 certa
1356 3143 1448 3208 fides.

632 3243 696 3317 Qui
719 3245 805 3310 iacet
826 3245 859 3310 in
882 3246 977 3327 lecto,
1001 3244 1163 3331 quondam
1188 3246 1335 3311 certabat
1357 3247 1390 3310 in
1413 3248 1499 3311 arvis

716 3347 798 3413 Ourn
821 3349 936 3430 cervis,
961 3350 1113 3435 quoniam
1137 3350 1226 3414 fossa
1249 3355 1403 3415 senectus
1427 3350 1520 3416 adest
1533 3352 1554 3417 ⁷.

634 3451 698 3525 Qui
721 3452 797 3516 olim
822 3457 923 3516 strato
946 3454 1053 3518 laetus
1076 3454 1255 3518 recubabat
1276 3453 1310 3518 in
1334 3460 1422 3519 ostro
1433 3455 1455 3534 ⁸,

715 3554 783 3619 Vix
805 3577 913 3641 panno
936 3557 1041 3621 veteri
1064 3556 1183 3642 frigida
1205 3557 1353 3622 membra
1374 3557 1468 3643 tegit.

538 3679 574 3718 ιοι
629 3658 745 3744 Longa
765 3658 836 3724 dies
860 3661 974 3724 oculos
996 3666 1067 3724 atra
1090 3660 1253 3744 caligine⁹
1276 3658 1408 3740 claudit,

716 3762 888 3849 Solivagos
911 3764 1060 3829 athomos
1085 3783 1167 3848 quae
1189 3783 1361 3827 numerare
1385 3763 1480 3830 solet.

631 3865 789 3947 Dextera,
812 3888 896 3953 quae
920 3867 1058 3953 gladios,
1082 3887 1166 3952 quae
1188 3865 1286 3931 fortia
1307 3866 1375 3930 tela
1397 3865 1556 3948 vibrabat,

719 3968 815 4034 Nunc
837 3971 1070 4060 tremitatquc
1093 3969 1143 4034 ori
1166 3967 1304 4054 porrigit
1326 3989 1425 4052 aegre
1455 3969 1557 4037 cibos.

631 4071 758 4138 Clarior
779 4093 857 4138 ecce
880 4073 960 4138 tuba
983 4073 1090 4139 subito
1112 4093 1177 4136 vox
1200 4070 1349 4136 faucibus
1371 4071 1479 4150 haesit
1490 4073 1528 4154 ¹⁰,

538 4196 575 4234 ιιι
688 4225 691 4232 .
717 4176 863 4241 Auribus
885 4176 1045 4263 adpositis
1068 4196 1233 4240 murmura
1255 4175 1404 4240 clansa¹¹
1427 4176 1502 4242 ciet.

320 4469 353 4522 75
365 4478 466 4523 vaslntn
479 4471 509 4522 H
595 4468 628 4522 77
640 4471 731 4532 tutoQ
817 4468 851 4521 78
861 4472 977 4522 Vastabit
988 4470 1022 4521 H
1102 4467 1138 4521 80
1155 4471 1222 4534 Quia
1233 4471 1316 4522 almus
1328 4471 1409 4522 honor
1420 4470 1564 4540 primusH,
1581 4472 1713 4540 primusQ
1765 4475 1828 4524 serat
1840 4471 1874 4521 H

216 4557 249 4610 83
261 4558 409 4621 sacraan
492 4555 527 4608 85
544 4556 653 4620 lesusQ
738 4554 771 4608 87
790 4557 848 4607 Alia
865 4558 919 4608 rita
935 4559 988 4609 tuis
1002 4557 1025 4620 Q
1113 4554 1147 4607 89
1164 4564 1194 4608 ιι1
1210 4573 1258 4607 om.
1272 4556 1295 4618 Q
1380 4553 1417 4608 90
1432 4565 1510 4624 atquc
1522 4557 1556 4608 H
1637 4555 1671 4610 93
1688 4565 1829 4625 natumque
1840 4558 1874 4608 H

216 4661 280 4710 puro
300 4644 323 4706 Q
443 4641 478 4694 94
495 4644 566 4695 hunc
583 4643 617 4693 H
717 4643 719 4646 ’
746 4638 851 4694 9610tu
868 4642 903 4693 H
1028 4638 1062 4693 97
1081 4643 1132 4692 Nos
1150 4641 1184 4691 H
1259 4643 1396 4693 conturbat
1415 4641 1449 4692 H
1456 4643 1478 4705 Q
1560 4645 1654 4696 sanctis
1676 4646 1823 4697 constancia
1840 4645 1874 4695 H

216 4727 251 4780 98
268 4732 339 4782 Haec
359 4731 382 4793 Q
485 4726 533 4780 101
552 4731 659 4781 condam
676 4729 710 4779 H
773 4730 842 4796 agris
863 4729 892 4794 Q,
910 4729 980 4780 aruis
997 4729 1031 4779 H
1130 4724 1180 4779 109
1197 4729 1263 4778 Cum
1280 4735 1306 4779 te
1323 4728 1363 4779 vis
1381 4726 1416 4777 H
1457 4749 1458 4752 ¹
1516 4727 1566 4781 108
1582 4731 1667 4783 sirano
1688 4731 1718 4794 Q,
1734 4731 1820 4782 ariano
1832 4730 1870 4794 Η,

216 4822 294 4866 stram
319 4817 391 4868 Wac.
497 4814 548 4868 105
564 4823 653 4867 eontra
721 4816 831 4880 ealigine
843 4814 877 4864 H
977 4811 1027 4865 106
1045 4814 1090 4879 qui
1107 4829 1246 4864 numurara
1258 4812 1292 4862 H
1392 4810 1441 4864 107
1459 4815 1493 4865 Et
1509 4815 1598 4867 dextra
1609 4815 1644 4866 H
1707 4825 1733 4868 ot
1750 4816 1829 4869 loreia
1841 4816 1874 4866 H

216 4903 328 4955 vibrabit
342 4904 364 4966 Q
468 4900 518 4954 108
529 4909 619 4954 tremet
633 4902 656 4964 Q
723 4902 806 4967 adque
824 4900 858 4950 H
905 4918 966 4968 egra
978 4901 1011 4951 Η
1101 4902 1188 4952 cibum
1203 4900 1226 4962 Q
1322 4895 1372 4950 109
1389 4900 1467 4952 tubae
1478 4901 1512 4951 H
1602 4899 1654 4954 110
1671 4902 1781 4965 husaQ

321 5072 347 5140 1)
375 5072 487 5126 Atacini
504 5087 545 5142 ep.
564 5088 594 5140 p.
613 5070 662 5124 191
681 5070 754 5124 Tota
772 5085 861 5138 poene
879 5068 990 5137 Europa
1008 5067 1161 5122 Gothorum
1180 5068 1225 5122 vel
1242 5067 1386 5122 Hunorum
1408 5066 1511 5138 gladiis
1533 5071 1669 5124 evacuata
1691 5075 1721 5126 et
1743 5070 1869 5125 flammis.

217 5175 245 5244 2)
278 5174 356 5248 Very.
374 5177 443 5230 Aen.
461 5174 506 5242 ΙΙ,
524 5174 575 5228 758
598 5173 672 5243 ignis
696 5173 773 5228 edax.
854 5173 881 5240 3)
905 5172 1025 5227 Zachar.
1045 5171 1087 5234 13,
1105 5171 1129 5225 9.
1210 5172 1238 5239 4)
1258 5170 1345 5225 Eccla'.
1363 5171 1441 5236 2¹1,ss
1464 5171 1539 5225 Vasa
1556 5171 1636 5243 figuli
1654 5173 1755 5243 probat
1772 5175 1870 5228 fornax

218 5282 248 5332 ct
270 5279 395 5333 homines
417 5278 505 5333 iustos
529 5278 649 5334 tentatio
673 5276 872 5333 tribulationis.
960 5278 987 5342 5)
1015 5276 1102 5331 Hebr.
1127 5276 1166 5340 12,
1185 5276 1244 5340 6,7
1267 5291 1350 5344 quem
1375 5275 1450 5330 enim
1474 5275 1570 5346 diligit
1592 5276 1721 5332 dominns
1740 5278 1869 5348 castigat.

219 5383 245 5448 6)
263 5382 511 5452 Ιᾰηάἰείαηισιείε
529 5383 658 5438 eccleciae
675 5398 693 5435 a
706 5383 877 5437 Normaunia
889 5383 1021 5436 vastatae.
1091 5381 1118 5451 7)
1140 5382 1241 5436 Versata
1260 5381 1293 5435 de
1310 5380 1377 5434 cella
1391 5381 1592 5436 Cormaricmo·
1604 5380 1733 5450 (Habea.
1745 5381 1790 5450 11,
1807 5381 1870 5448 456)

220 5487 298 5552 Quae
311 5485 416 5556 campis
429 5502 522 5540 cervos
535 5485 664 5556 agitabat
677 5503 754 5540 sacra
766 5485 905 5548 iuventus,
921 5487 926 5554 Ι
941 5485 1082 5539 incumbit
1093 5483 1180 5540 fessus
1193 5502 1267 5539 nunc
1279 5483 1379 5538 baculo
1391 5487 1488 5538 senior.
1540 5484 1569 5552 8)
1593 5482 1670 5554 Verp.
1688 5485 1755 5538 Aen.
1775 5484 1801 5551 I,
1820 5484 1871 5538 704

218 5593 361 5660 stratoque
379 5575 463 5659 anper
479 5589 664 5644 discumbitur
682 5590 765 5642 ostro.
875 5589 902 5654 9)
922 5591 989 5642 Aen.
1008 5586 1064 5654 XI,
1082 5587 1133 5640 876
1151 5586 1272 5657 caligine
1290 5584 1419 5639 turbidus
1437 5588 1506 5638 atra.
1578 5586 1621 5654 10)
1640 5587 1709 5643 Aen.
1728 5585 1803 5654 ΧΠ,
1820 5585 1873 5640 868

218 5709 274 5752 vox
293 5691 420 5752 lancibus
438 5692 538 5747 haesit.
609 5695 653 5764 11)
673 5693 752 5747 Pera.
772 5691 830 5745 Sat.
856 5691 886 5760 V,
905 5692 937 5746 11
957 5690 1050 5746 clauso
1068 5707 1216 5744 murmure.
