4628 6428
419 409 699 464 INSCRIPTIONIIS
720 411 758 463 IN
779 409 931 474 QUODAM
951 409 1189 463 MONAS'IERIO
1208 408 1328 462 FORTE
1347 408 1566 464 TURONENSI.

448 603 472 640 a
529 579 690 666 Quicquid
714 583 745 645 in
770 582 848 646 orbe
865 603 980 646 manus
997 581 1137 646 hominia
1160 587 1390 646 construxerat
1404 601 1557 665 unquam,

611 685 729 749 Omnia
752 706 827 748 nam
851 691 990 770 pereunt
1012 685 1044 748 in
1068 685 1261 769 cineresque
1284 691 1391 748 ruunt.

530 787 692 873 Quicquid
715 789 848 853 honoris
872 788 995 852 habent
1019 787 1123 850 sancti
1146 807 1204 872 per
1227 785 1347 870 gaudia
1370 786 1463 866 caeli,

609 890 691 955 Cum
716 890 846 955 Christo
870 891 994 977 pariter
1017 911 1148 974 semper
1170 888 1292 953 habere
1317 895 1451 973 queunt.

532 994 604 1067 Quo
629 1002 661 1058 te
686 993 783 1058 ducat
805 1015 906 1072 amor,
929 994 1044 1079 rapiat,
1067 991 1175 1055 trabat
1199 992 1349 1055 omnibus
1372 991 1472 1070 horis,

451 1119 476 1155 ro
614 1097 658 1160 Et
681 1119 758 1183 rape
782 1118 834 1161 me
858 1103 977 1172 tecum,
1001 1116 1133 1180 quaeso,
1157 1095 1222 1156 tuis
1244 1093 1409 1179 precibus.

533 1201 584 1265 Sit
606 1201 676 1280 tibi,
700 1202 807 1285 sitque
824 1200 911 1268 mihi
934 1199 1084 1263 Christus
1108 1197 1315 1262 currentibus
1338 1198 1415 1261 illuc

609 1304 791 1383 Protector,
814 1311 930 1382 rector,
954 1305 1021 1382 lux,
1045 1303 1107 1382 via,
1130 1303 1207 1381 vita,
1232 1302 1329 1365 salus.

794 1530 1197 1538 ——-—--—.————-—

932 1732 1053 1798 XCVI.

789 1877 797 1919 1
832 1855 880 1920 IN
903 1852 1201 1919 DORMITURIO.

533 1977 597 2050 Qui
621 1977 685 2039 vim
709 1984 890 2054 ventorum,
913 1973 1024 2061 pelagi
1047 1975 1101 2059 qui
1125 1973 1254 2056 mitigat
1276 1971 1390 2049 undas,

535 2079 640 2143 Israel
664 2080 718 2163 qui
742 2086 861 2158 serrat,
884 2079 972 2142 nullo
997 2077 1052 2161 qui
1075 2075 1215 2140 dormiat
1238 2095 1330 2149 aevo,

533 2181 704 2245 Fratribus
726 2181 788 2246 hac
810 2182 958 2266 requiem
981 2180 1110 2244 dulcem
1134 2177 1292 2243 concedat
1314 2179 1348 2241 in
1370 2179 1455 2254 aula,

534 2283 579 2347 Et
601 2305 682 2368 quos
706 2285 840 2348 inmittit
865 2304 977 2348 somno
1001 2285 1050 2346 ris
1074 2282 1167 2366 nigra
1190 2281 1334 2360 timores,

535 2387 721 2472 Conpescat
744 2387 888 2452 clemens
912 2386 1045 2462 domini,
1068 2406 1159 2469 rogo,
1183 2383 1299 2448 dextra
1321 2383 1476 2469 potentis.

535 2489 663 2573 Quique
687 2489 773 2554 dicm
798 2490 913 2553 statuit
936 2489 1058 2553 homini
1083 2488 1143 2552 sub
1165 2489 1239 2551 luce
1263 2488 1386 2562 labore,

534 2592 696 2656 Noctibus
721 2599 755 2656 et
776 2593 922 2677 requiem
947 2592 1111 2656 concessit
1135 2611 1270 2677 corpore
1293 2590 1393 2666 fesso,

534 2695 587 2759 Ad
610 2696 805 2781 laudemque
830 2718 922 2760 suam
944 2696 1043 2760 faciat
1067 2716 1265 2779 consurgere
1289 2715 1396 2758 sanos.

819 2932 839 2974 11
866 2910 915 2974 IN
937 2910 1166 2977 LATRINIO.

534 3031 715 3096 Luxuriam
737 3033 872 3112 ventris,
896 3033 1010 3110 lector,
1034 3053 1195 3117 cognosce
1219 3030 1374 3108 vorantis,

613 3132 749 3198 Putrida
773 3136 827 3218 qui
851 3136 954 3198 sontis
979 3142 1125 3199 stercora
1147 3156 1225 3199 nare
1250 3135 1340 3197 tuo.¹

539 3236 723 3321 Ingluviem
746 3236 850 3322 fugito
874 3239 998 3300 ventris
1022 3244 1221 3323 quapropter
1243 3237 1278 3299 in
1301 3255 1371 3298 oro:

616 3339 779 3424 Tempore
803 3341 845 3403 sit
868 3348 958 3403 certo
981 3340 1091 3403 sobria
1113 3341 1181 3402 rita
1203 3338 1272 3402 tibi.

793 3533 1001 3540 ...ψ-Μ
1011 3534 1066 3540 --...
1078 3533 1200 3540 .,----

931 3751 1070 3816 XCVII.

538 3871 605 3935 Ros
629 3878 678 3936 est
700 3871 782 3935 mira
804 3870 946 3956 quidem,
969 3871 1040 3934 vult
1063 3890 1160 3955 quam
1184 3869 1244 3934 tibi
1268 3867 1378 3932 dicero
1401 3874 1511 3930 vates:

537 3975 684 4041 Letheus
708 3977 861 4040 iuvenum
885 3975 1048 4060 percussit
1071 3981 1220 4058 tempora
1243 3993 1363 4046 ramus,

537 4079 583 4144 Ut
606 4079 727 4164 hospes
751 4079 863 4142 clauso
886 4080 1047 4165 patuissct
1070 4077 1182 4140 limine
1205 4071 1328 4160 templi.

539 4183 684 4268 Quisque
710 4189 819 4268 potest
843 4203 941 4248 caeco
966 4182 1084 4246 melius
1107 4179 1194 4244 hunc
1218 4199 1353 4243 cernere
1376 4177 1459 4254 visu,

541 4285 699 4349 Sensibus
723 4292 756 4349 et
780 4285 896 4370 sopitis
918 4285 1036 4348 melius
1059 4282 1208 4368 proferre
1231 4281 1390 4366 loquelas,

537 4388 671 4472 Ignotos
694 4387 856 4473 siquidem
879 4387 986 4450 varias
1011 4392 1044 4450 et
1066 4385 1191 4469 fingere
1215 4383 1347 4448 formas.

537 4489 700 4568 Cernitur,
724 4490 864 4570 auditur,
888 4488 995 4553 fuerat
1018 4489 1074 4573 qui
1096 4495 1243 4573 tempore
1268 4487 1375 4551 nullo:

536 4593 697 4658 Noctibus
720 4594 817 4674 hunc,
841 4594 979 4670 iuvenis,
1003 4599 1073 4656 toto
1096 4592 1156 4655 tibi
1179 4589 1277 4655 corde
1301 4594 1427 4653 caveto.

539 4695 674 4761 Subruit
696 4697 749 4762 hic
772 4720 899 4778 sensus,
922 4697 1018 4761 binos
1043 4702 1076 4759 et
1099 4693 1222 4758 claudit
1246 4694 1379 4772 ocellos,

457 4822 482 4860 ro
538 4799 717 4885 Splendida
740 4802 901 4887 stelligeri
922 4801 1036 4864 rideas
1060 4821 1100 4863 ne
1125 4798 1249 4862 Iumina
1272 4796 1367 4861 caeli.

279 5057 311 5108 15
329 5061 393 5110 urbe
419 5061 424 5066 ”
1847 5083 1849 5092 ¹

242 5127 358 5211 [XCVII
389 5063 448 5210 ulli}
468 5147 497 5196 In
516 5147 734 5212 dormiturito.
746 5145 814 5212 229¹,
836 5148 891 5210 Οἱ,
913 5149 929 5197 l.
947 5166 973 5196 a.
991 5147 1124 5198 (¹xxv111
1212 5141 1342 5194 harvia
1360 5144 1463 5205 nulliQ
1514 5143 1644 5194 dormitZ
1730 5141 1829 5192 3dulci

172 5231 344 5292 conservait)
482 5231 499 5282 o
523 5233 693 5283 hominumZ
828 5231 845 5283 8
868 5232 977 5294 saciotQ
1126 5231 1138 5295 11
1159 5228 1199 5296 [ιι]
1220 5231 1250 5280 Iu
1268 5229 1405 5280 lotriuioZ
1416 5231 1442 5294 s.
1461 5226 1529 5294 229¹,
1562 5230 1618 5291 01.
1637 5232 1653 5281 l.
1676 5249 1701 5281 n.
1720 5231 1829 5281 CXXIX

175 5315 189 5366 1
208 5317 340 5367 luxurium
355 5317 379 5366 Z
480 5315 497 5367 2
514 5321 593 5369 acutia
610 5329 672 5370 aunt
688 5337 809 5370 coronare
826 5328 871 5370 tuo
884 5319 909 5369 Z

247 5399 364 5468 [xcvrl]
401 5403 454 5453 siue
473 5404 544 5456 titulo
565 5405 587 5466 Q
605 5406 621 5456 l.
635 5407 689 5456 tn.
709 5407 803 5455 CXXX
908 5405 1023 5455 9borros
1041 5413 1067 5456 ot
1084 5403 1127 5452 dat
1144 5402 1190 5452 tibi
1205 5403 1240 5466 Q,
1265 5401 1340 5451 binos
1363 5409 1390 5452 ot
1406 5401 1503 5452 claudit
1514 5401 1554 5452 Fr
1567 5422 1595 5470 p.
1615 5402 1667 5456 212

278 5574 303 5638 1)
324 5573 367 5638 Cf.
380 5572 494 5624 Alcutui
511 5571 655 5640 epistolam
668 5571 705 5624 od
719 5571 859 5625 norom
876 5573 1007 5640 scriptam
1020 5571 1108 5640 (Mon.
1122 5571 1231 5625 Alcain.
1247 5587 1277 5640 p.
1296 5572 1370 5638 867);
1395 5569 1473 5635 Quod
1495 5571 1668 5627 commedisti
1687 5575 1715 5627 ct
1733 5570 1830 5625 bibisti

173 5676 311 5737 hesterno,
329 5674 412 5728 hodie
439 5677 543 5727 stercus
569 5675 711 5742 estquod
731 5693 786 5728 non
806 5676 868 5730 diro
887 5680 1011 5744 tangere,
1030 5676 1077 5729 scd
1097 5675 1182 5728 etiam
1202 5675 1335 5729 horrescis
1353 5675 1455 5728 videre.

243 5775 345 5822 l’onraa
358 5786 440 5822 mrim
456 5785 514 5822 arur
529 5773 653 5822 Caunum
667 5776 685 5823 1.
1588 5770 1622 5822 41
