4612 6414
1033 415 1240 476 'l'HEOllULFl
1259 413 1433 478 cremum.

777 595 888 663 ‘Haud
911 597 1001 683 legit,
1025 592 1240 678 beud‘doeet,
1264 596 1351 662 haud
1372 597 1505 662 laudum
1528 597 1715 684 piamonis
1738 595 1902 686 eomplet¹

691 725 717 762 no
855 701 1059 787 Cunetipatri
1081 699 1223 782 domino,
1247 701 1412 786 quiregii
1436 723 1524 782 arva,
1550 703 1672 788 polum.

774 807 873 873 Hune
895 827 954 892 pro
979 825 1014 869 se
1037 804 1154 890 poscit,
1177 825 1236 890 pro
1260 811 1293 869 te
1318 805 1387 870 sive
1411 804 1526 870 ordine
1549 807 1640 885 oleri,

857 911 921 975 Pro
944 909 1058 996 populi
1080 915 1114 974 et
1137 909 1237 994 regis,
1260 929 1385 994 proque
1410 909 1516 974 salute
1540 910 1669 974 dueum.

774 1015 828 1080 Me
851 1014 911 1079 tibi
934 1013 1125 1094 transmisit,
1149 1013 1245 1078 buius
1269 1013 1330 1078 tibi
1354 1012 1427 1078 dieo
1453 1015 1587 1094 salutes,

858 1116 999 1183 Subdita
1021 1125 1098 1182 sunt
1120 1118 1212 1181 ouius
1235 1116 1338 1182 rerba
1361 1117 1511 1182 canende
1534 1117 1616 1184 tibi!

692 1243 717 1282 rs
776 1220 937 1298 Obsecro,
959 1221 1060 1286 freter
1082 1241 1207 1300 amens,
1231 1221 1336 1285 nostri
1359 1242 1484 1286 memor
1506 1241 1580 1286 esse
1603 1226 1778 1300 memento,

857 1325 984 1406 Frater,
1007 1347 1085 1411 pars
1108 1325 1208 1388 animi
1232 1325 1340 1410 portio
1365 1346 1484 1411 magna
1507 1317 1613 1390 meil.¹

775 1428 870 1493 Mens
892 1435 950 1494 tna
972 1450 1103 1515 semper
1126 1429 1189 1493 erit
1212 1435 1344 1492 nostros
1368 1429 1525 1493 miserata
1547 1428 1706 1508 labores³,

862 1532 1003 1598 Nostrae
1028 1539 1079 1597 est
1101 1537 1179 1596 nota
1201 1531 1261 1596 tibi
1286 1531 1373 1616 quod
1395 1532 1480 1597 bene
1504 1553 1605 1596 causa
1626 1531 1684 1596 rei.

777 1637 850 1710 Quo
873 1658 970 1722 mage
994 1658 1046 1701 res
1070 1641 1149 1699 nota
1171 1640 1232 1715 est,
1256 1634 1361 1719 magis
1379 1633 1454 1699 inde
1472 1633 1628 1699 adhibeto
1645 1633 1805 1699 laborem:

694 1765 720 1804 ro
866 1740 920 1804 Sia
942 1739 1090 1804 medicus
1114 1739 1263 1802 morbum
1287 1736 1364 1801 dum
1388 1737 1488 1817 videt,
1512 1743 1582 1802 arte
1606 1737 1708 1822 fugat.

783 1844 910 1908 Fumea
931 1843 1117 1930 proesentis
1140 1847 1290 1927 pereunt,
1315 1841 1391 1920 sois,
1414 1839 1535 1926 gaudia
1557 1840 1678 1922 mundi,

798 2021 802 2032 Ι
861 1945 1046 2032 Numquam
1069 1945 1232 2009 fraternus
1257 1943 1315 2008 sed
1338 1944 1425 2029 perit
1448 1944 1553 2008 almus
1576 1965 1677 2009 amor.

776 2052 830 2116 Me
854 2050 950 2115 modo
966 2050 1070 2136 pluris
1085 2069 1187 2129 ames,
1211 2069 1407 2133 quamquem
1422 2068 1475 2112 me
1494 2069 1626 2134 semper
1642 2069 1803 2113 amasses:

860 2153 1005 2239 Aegrum
1030 2153 1103 2216 aliis
1127 2159 1239 2216 natum
1262 2152 1336 2236 plus
1359 2150 1414 2237 pia
1436 2157 1541 2216 mater
1564 2159 1662 2216 amo-t.

696 2279 720 2318 as
779 2258 892 2322 Fossis
917 2263 993 2343 opto
1017 2256 1125 2321 libens
1149 2263 1239 2320 oerta
1263 2276 1455 2320 succurrere
1479 2254 1587 2336 rebus,

861 2361 905 2425 Et
927 2361 1063 2425 fratrum
1086 2367 1213 2424 mentes
1238 2359 1413 2423 sollicitato
1436 2359 1519 2444 pies.

778 2465 873 2530 Unus
896 2486 959 2550 ego
984 2464 1131 2550 quamvis
1155 2465 1226 2544 sim,
1250 2483 1315 2527 non
1340 2470 1391 2528 est
1413 2462 1509 2528 nnius
1533 2463 1615 2528 haee
1639 2485 1708 2528 res:

863 2566 959 2640 Quod
981 2567 1103 2632 laetum
1127 2573 1179 2631 est
1202 2566 1361 2646 mihimet,
1387 2587 1460 2630 esse
1482 2573 1593 2652 potest
1615 2568 1682 2632 alii.

780 2673 842 2738 Est
865 2695 1037 2738 commune
1061 2673 1193 2752 melum,
1218 2673 1398 2737 eommunis
1423 2693 1501 2736 oure
1523 2671 1667 2758 petenda
1689 2679 1756 2738 est:

697 2800 724 2838 ro
869 2778 965 2853 Quod
987 2784 1136 2842 nostrum
1159 2785 1210 2841 est
1233 2777 1341 2857 bodie,
1365 2799 1438 2842 oras
1462 2777 1525 2840 erit
1547 2778 1692 2842 alterius.

781 2882 875 2947 Haeo
898 2902 964 2946 non
988 2883 1060 2967 quis
1084 2881 1185 2944 frater
1208 2881 1322 2945 timeat
1345 2881 1499 2966 contagia
1521 2879 1666 2958 demens,

863 2984 913 3050 Ne
931 2985 990 3061 illi,
1015 3005 1098 3070 quae
1121 2983 1226 3064 nobis,
1249 2984 1378 3069 inrepat
1401 2985 1464 3048 isto
1486 2985 1569 3048 lues.

779 3087 887 3152 Febre
911 3087 997 3151 solet
1019 3086 1132 3168 febris,
1157 3109 1216 3152 seu
1239 3088 1374 3152 vulnere
1399 3108 1548 3152 creseere
1572 3088 1707 3152 vulnus:

864 3189 918 3254 sie
942 3191 1044 3255 multa
1067 3213 1109 3256 ex
1132 3212 1197 3255 uuo
1221 3191 1310 3256 fonte
1334 3191 1458 3256 fluenta
1481 3192 1593 3254 fluunt.
1677 3263 1683 3274 ι

697 3315 722 3353 n
780 3293 873 3358 Haeo
896 3315 971 3358 mea
993 3295 1021 3358 si
1044 3294 1206 3380 placidam
1230 3295 1272 3359 sit
1295 3302 1414 3359 nancta
1436 3295 1534 3380 plaga
1557 3293 1742 3372 medellam,

826 3448 835 3468 .
863 3397 1027 3463 Pristinus
1051 3405 1084 3462 et
1106 3398 1227 3480 veniat,
1251 3397 1364 3462 morbo
1388 3397 1540 3476 abeunte,
1563 3397 1667 3482 vigor,

780 3501 861 3566 Tale
885 3501 963 3586 quid
984 3502 1122 3566 ulterius
1146 3523 1211 3566 non
1234 3524 1310 3590 pars
1333 3502 1466 3566 inimica
1488 3499 1610 3565 valebit

863 3605 1032 3693 Appetere
1056 3613 1090 3671 et
1113 3606 1221 3670 scelus
1245 3605 1307 3670 boo
1331 3626 1396 3669 non
1419 3605 1493 3669 leve
1516 3625 1649 3690 prorsus
1673 3605 1744 3668 erit.

782 3707 904 3775 Servus
927 3708 1027 3774 habet
1050 3709 1215 3796 propriam
1238 3716 1272 3774 et
1294 3707 1438 3773 mendax
1460 3708 1631 3772 ancillula⁴
1653 3708 1772 3792 legem,

698 3837 723 3874 oo
867 3811 1011 3899 Oppilio,
1033 3813 1147 3899 pistor,
1170 3819 1280 3893 nauta,
1304 3811 1471 3892 subulcus,
1494 3831 1602 3875 arans.

778 3916 843 3980 Pro
868 3915 970 3997 dolor,
994 3916 1105 3980 amisit
1127 3915 1212 3979 hone
1236 3916 1327 3979 solus
1351 3914 1537 3999 episeopus,
1561 3911 1640 3977 ordo

862 4020 927 4093 Qui
949 4019 1167 4084 labefactatur
1190 4039 1276 4083 nuno
1300 4018 1370 4082 sine
1395 4018 1468 4102 lege
1492 4037 1561 4096 sua,

777 4122 903 4187 Debuit
926 4129 959 4187 et
982 4122 1036 4208 qui
1060 4123 1133 4186 aliis
1157 4122 1279 4208 legalia
1302 4141 1454 4206 promere
1476 4119 1557 4199 iura,

861 4225 971 4292 Officii
992 4226 1101 4312 perdit
1124 4226 1175 4291 ius
1201 4227 1271 4290 sine
1296 4225 1366 4290 iure
1391 4225 1451 4289 aui.

697 4353 721 4388 n
779 4329 885 4416 Culpa
908 4329 986 4394 facit
1010 4351 1143 4394 saevum
1167 4329 1320 4394 confessa
1341 4329 1451 4415 perire
1474 4328 1651 4394 latronem:

859 4433 934 4499 Non
957 4441 1008 4500 est
1031 4435 1202 4500 confessus
1226 4435 1369 4521 praesul,
1393 4441 1427 4498 et
1451 4434 1646 4519 occeperit.

781 4537 930 4622 Cumque
955 4539 1024 4602 suis
1049 4545 1169 4623 egeant
1192 4537 1356 4603 mundans
1378 4538 1512 4622 negotia
1535 4537 1645 4618 rebus,

861 4640 971 4705 Causa
993 4642 1111 4726 quibus
1134 4643 1256 4707 iustum
1280 4642 1385 4728 possit
1408 4641 1532 4706 babere
1557 4641 1698 4722 modum,

777 4743 901 4808 Nostra
923 4746 1014 4829 eguit
1036 4746 1123 4810 iusto
1149 4746 1286 4810 rationis
1310 4744 1455 4831 pondere
1480 4765 1587 4826 eausa,

695 4869 721 4908 oo
865 4848 1012 4914 Saevitia
1035 4857 1177 4935 excepta
1200 4851 1324 4914 nullum
1348 4849 1449 4913 habet
1472 4849 1536 4912 ista
1558 4848 1699 4914 modum.

805 5007 936 5014 ..-..,...,.
965 5009 974 5012 -
1003 5009 1008 5013 .
1027 5008 1120 5014 ..-,.„-.
1137 5009 1157 5013 .-
1188 5007 1226 5012 ,...
1263 5007 1287 5012 ...ι
1312 5007 1353 5012 0..

515 5112 548 5164 19
566 5115 619 5164 Ant
638 5120 785 5162 ..a11t...
806 5109 919 5162 norro
994 5111 1035 5176 pia
1053 5109 1141 5161 omF
1250 5107 1284 5160 22
1301 5111 1351 5162 Pro
1371 5111 1493 5177 polumG
1605 5107 1639 5160 26
1657 5110 1751 5160 meaG
1864 5107 1898 5160 27
1915 5111 1949 5160 sit
1965 5125 2065 5176 sempor

412 5207 511 5252 nostros
541 5199 619 5250 Siras.
747 5195 782 5248 28
810 5205 849 5248 est
875 5215 922 5248 om.
944 5197 967 5248 (l
1092 5195 1126 5248 29
1153 5201 1210 5261 Quo
1238 5197 1344 5247 meiat}
1430 5197 1530 5247 adiboto
1558 5196 1669 5247 dolorem
1690 5196 1713 5246 G
1832 5194 1865 5247 31
1893 5203 2022 5264 presentes
2043 5195 2065 5246 0

410 5284 445 5336 49
464 5288 532 5337 euris
550 5284 604 5335 To
699 5281 735 5333 42
752 5281 906 5350 inerepatF
997 5281 1031 5335 43
1045 5292 1070 5336 et
1089 5282 1239 5335 uulneraF
1330 5280 1364 5334 45
1382 5291 1456 5334 nacta
1473 5281 1498 5332 Τ
1579 5279 1614 5332 46
1632 5281 1773 5334 uonian
1854 5280 1889 5333 49
1905 5282 2065 5347 ancillnlpG

412 5369 447 5422 50
463 5373 547 5440 Opilio
565 5369 619 5420 To
689 5379 775 5436 pastor
785 5369 806 5420 S
910 5365 944 5419 52
966 5371 1052 5421 ooatl
1122 5371 1288 5421 labefactatus
1301 5367 1330 5418 F
1430 5364 1534 5419 59-60
1551 5367 1639 5418 oooF

517 5507 542 5572 1)
558 5509 722 5574 propterea,
740 5503 814 5572 qaod
832 5521 865 5558 eo
884 5504 979 5573 officio
996 5503 1147 5573 episcopali
1165 5504 1228 5569 isto,
1247 5507 1340 5574 utpote
1358 5503 1486 5572 captiuas
1505 5502 1614 5571 exipere
1631 5517 1686 5556 aaa
1704 5504 1802 5571 potest,
1818 5501 1902 5554 vitum
1919 5501 1972 5554 sibi
1989 5516 2065 5556 arrr-

412 5605 513 5660 ln'orrm
524 5610 610 5660 morlo
621 5607 736 5675 ipsomet
749 5623 804 5660 esse
815 5607 891 5662 dicit.
927 5607 1058 5662 BARTH.
1128 5609 1156 5676 2)
1177 5609 1223 5662 (lu.
1243 5626 1277 5662 co
1296 5609 1385 5662 Ponto
1404 5607 1492 5675 Ι,8,2
1510 5622 1574 5676 pars
1594 5605 1704 5659 animae
1722 5622 1833 5676 magna,
1852 5605 1959 5673 Severo,
1978 5621 2064 5662 inere.

411 5709 439 5777 3)
460 5711 507 5762 Oo.
529 5709 595 5764 Met.
614 5709 727 5776 tuom
754 5710 846 5780 neptis
865 5710 996 5764 nriserala
1015 5713 1130 5766 labores.
1201 5714 1228 5781 4)
1250 5714 1297 5767 Oo.
1316 5714 1378 5766 Art.
1397 5713 1456 5764 Aru.
1477 5711 1581 5778 11,be
1599 5710 1718 5764 mendox
1737 5710 1848 5766 ancille.
