4598 6414
1073 398 1280 462 bubonum
1298 400 1471 463 CARMINA.

814 579 920 654 Quem
941 587 1053 646 manet
1074 582 1212 664 esuries,
1235 602 1353 669 panem
1376 603 1417 648 ne
1440 583 1592 668 frangere
1615 589 1736 666 temne,

893 683 945 749 Sit
966 705 1069 770 vagus
1093 693 1127 750 ot
1150 686 1193 751 sit
1215 707 1317 772 agens
1341 685 1459 752 duetus
1481 688 1515 751 in
1537 686 1620 753 aede
1643 695 1708 754 tua.

811 788 944 854 Vestito
967 788 1099 872 nudum,
1122 797 1156 856 et
1178 793 1343 878 propriam
1364 813 1406 857 no
1429 790 1563 878 despice
1586 814 1727 874 earnem,
1833 867 1835 872 ¹

732 914 755 950 ιο
898 891 1057 958 Eiusdem
1080 897 1232 980 quoniam
1255 895 1451 961 conditionis
1475 897 1555 962 ines.

811 993 904 1061 Tune
926 1003 963 1060 ut
985 1017 1080 1062 mane
1103 1005 1180 1064 tuae
1204 1007 1394 1086 prorumpet
1416 1000 1522 1085 gloria
1545 1000 1636 1080 lueis,

895 1097 939 1163 Et
962 1101 1051 1165 eeler
1075 1103 1223 1167 exoritur
1244 1125 1321 1168 mox
1344 1109 1400 1167 tua
1423 1110 1514 1168 eerta
1536 1103 1635 1166 salus.

810 1201 1081 1290 Praecedentque
1105 1211 1195 1270 tuam
1218 1205 1337 1271 faeiem
1359 1206 1414 1290 pia
1436 1206 1508 1269 iura
1529 1205 1685 1284 tonantis,

890 1305 1033 1392 Colliget
1056 1315 1089 1373 et
1111 1315 1213 1374 temet
1235 1309 1341 1394 gloria
1363 1315 1476 1374 saneta
1498 1306 1561 1373 dei.

727 1435 750 1472 n
807 1409 901 1476 Tune
924 1432 998 1476 oum
1022 1415 1143 1500 poscis,
1167 1413 1239 1478 heri
1260 1413 1367 1500 pietas
1391 1421 1423 1476 te
1447 1410 1602 1477 exaudiet
1625 1412 1712 1492 almi,

891 1516 1028 1582 ‘Adsum
1051 1517 1227 1599 clamanti',
1251 1517 1339 1583 dioot
1361 1524 1394 1582 et
1417 1517 1489 1602 ipse
1512 1515 1596 1580 tibi!

1237 1963 1297 2026 vl.

804 2090 1001 2165 CONTRA
1029 2087 1368 2164 SIMULATORES
1395 2087 1455 2160 ET
1483 2085 1743 2160 SUBDOLOS.

807 2223 861 2288 Nil
884 2224 1000 2289 horum
1023 2221 1089 2286 fixe
1111 2222 1210 2307 garis,
1235 2221 1316 2286 haee
1339 2227 1449 2285 temen
1473 2220 1582 2285 omnia
1604 2219 1678 2284 fiete
1736 2235 1737 2240 ’

889 2327 970 2392 Fors
995 2325 1173 2406 simulator,
1196 2324 1300 2389 hebes
1324 2324 1379 2408 qui
1402 2323 1577 2388 simulacra
1599 2323 1687 2388 boni.

808 2429 872 2504 Qui
895 2431 981 2496 mala
1004 2437 1093 2495 oerta
1119 2429 1204 2514 gerit
1226 2428 1314 2492 boua
1337 2448 1396 2492 seu
1420 2427 1572 2491 simulata
1594 2428 1767 2513 malignae,

886 2534 965 2600 Odit
987 2536 1042 2621 qui
1064 2533 1151 2620 quod
1172 2539 1269 2613 amat,
1293 2531 1381 2618 quod
1403 2530 1484 2596 deus
1507 2530 1576 2596 odit
1599 2539 1696 2596 emat.

736 2655 749 2694 ⁶
808 2638 910 2713 ‘Quae
933 2637 1015 2704 deus
1039 2637 1127 2718 odit’,
1150 2639 1196 2702 ait
1219 2638 1351 2722 sapiens
1375 2658 1434 2700 rex
1448 2639 1468 2714 ¹,
1493 2634 1644 2721 ‘denique
1668 2657 1728 2700 sex
1752 2642 1836 2712 sunt,

893 2740 989 2816 Quod
1012 2740 1194 2806 detestatur
1215 2761 1308 2805 mens
1333 2760 1402 2820 sua,
1427 2740 1602 2823 septimum
1625 2739 1727 2803 inest:

807 2843 972 2910 Sublimes
995 2844 1118 2924 oeulos,
1143 2841 1310 2908 mendacis
1333 2842 1455 2906 famina
1477 2841 1619 2926 linguae,

891 2947 1067 3034 Sanguinis
1090 2947 1229 3012 insontis
1252 2946 1324 3031 quis
1348 2945 1417 3009 fluit
1440 2943 1536 3024 unda,
1561 2965 1686 3024 manus,

803 3050 932 3136 Oorqua
956 3049 1042 3135 quod
1065 3049 1255 3114 inmundum
1277 3049 1446 3114 meditatio
1470 3069 1572 3134 prava
1594 3047 1791 3133 frequentat,

722 3175 746 3211 ιο
889 3153 1110 3238 Pernioesque
1134 3153 1237 3239 pedes
1261 3155 1294 3217 in
1317 3153 1405 3218 mala
1428 3171 1576 3236 quaeque
1599 3152 1712 3236 gradi;

803 3257 971 3323 Fellaoem
993 3264 1112 3324 testem
1137 3258 1308 3323 mendacia
1330 3279 1430 3323 saeve
1453 3265 1637 3337 canentem,

884 3360 928 3425 Et
951 3362 1006 3446 qui
1029 3363 1114 3426 iuter
1136 3361 1254 3426 fratres
1276 3362 1383 3447 iurgia
1405 3361 1476 3424 dira
1499 3360 1598 3425 sarit!

805 3463 898 3530 Haeo
915 3467 1001 3530 mala
1019 3472 1137 3530 eunota
1148 3467 1242 3550 gerit,
1267 3466 1380 3550 gessit,
1405 3472 1498 3550 geret
1514 3463 1692 3550 improbus,
1709 3481 1831 3532 amens,

885 3568 948 3634 Est
973 3591 1032 3636 sua
1057 3591 1150 3635 mens
1174 3571 1303 3656 probris
1327 3591 1429 3654 usque
1449 3570 1575 3654 repleta
1598 3567 1703 3632 malis.

1223 4014 1303 4078 vll.

569 4140 630 4213 DE
657 4141 719 4214 EO
748 4141 880 4231 QUOD
907 4140 1104 4214 AVARUS
1134 4139 1511 4213 ADGLOMERATIS
1539 4137 1756 4211 DIVERSIS
1784 4135 1955 4209 OPlBUS

1041 4261 1237 4335 SATIARI
1263 4253 1477 4349 NEQU1T2.

798 4391 960 4478 Quicquid
982 4393 1082 4459 habet
1105 4395 1204 4458 variis
1227 4395 1409 4480 completus
1433 4395 1587 4479 gentibus
1613 4393 1713 4472 orbis,

878 4495 953 4561 Non
978 4497 1041 4562 sibi
1065 4498 1264 4579 sufficerent,
1289 4499 1317 4562 si
1341 4519 1402 4563 sua
1424 4505 1541 4563 eunota
1563 4498 1679 4563 forent.

798 4600 909 4684 Huius
932 4602 996 4666 erit
1018 4609 1186 4689 promptus
1210 4601 1361 4688 capiendi
1384 4623 1514 4686 semper
1536 4599 1697 4678 Avernus,

877 4703 949 4769 Nee
974 4703 1086 4790 Stygis
1112 4705 1240 4790 implori
1264 4712 1349 4770 tetra
1371 4705 1526 4770 barathra
1549 4709 1681 4789 queunt.

731 4829 742 4865 s
802 4806 898 4881 Quod
922 4806 1046 4894 Chryse
1070 4815 1168 4893 atque
1191 4809 1321 4894 Argyra
1341 4815 1374 4873 et
1397 4807 1483 4892 quod
1505 4805 1752 4893 'taprobanicus
1777 4804 1864 4869 orbis
1876 4804 1898 4884 ³,

877 4910 1024 4984 Quorum
1048 4912 1206 4976 sublimas
1230 4934 1304 4976 esse
1328 4911 1476 4976 feruntur
1499 4931 1590 4996 opes.

536 5071 716 5078 -.--,..-....--.-,-
753 5072 834 5077 ..,...-.
867 5072 919 5077 ,-.-
944 5073 948 5076 .,

535 5167 561 5236 1)
587 5167 671 5223 Pron.
697 5168 768 5232 6,16
792 5168 845 5223 Sex
868 5171 947 5234 suut,
971 5187 1044 5238 quae
1062 5170 1123 5224 odit
1141 5171 1281 5236 dominus,
1305 5173 1334 5224 et
1358 5169 1507 5240 septimum
1530 5167 1685 5222 detestatur
1708 5163 1803 5218 anima
1827 5165 1897 5218 eius:
1936 5165 1968 5218 17
1987 5162 2089 5218 Oculos

432 5268 576 5335 sublimes,
594 5270 722 5342 linguam
740 5271 915 5336 mendacem,
938 5289 1036 5327 manus
1055 5273 1229 5329 effundentes
1246 5273 1392 5328 innoxium
1411 5272 1584 5342 sanguinem,
1603 5270 1636 5324 18
1654 5286 1701 5324 eor
1717 5269 1881 5323 machinans
1901 5265 2090 5337 eogitationes

430 5371 576 5440 pessimas,
599 5373 683 5444 pedes
705 5375 814 5430 veloces
835 5375 1055 5430 adsumendum
1079 5377 1108 5431 in
1127 5378 1242 5443 malum,
1267 5379 1300 5430 19
1318 5376 1504 5447 proferentem
1522 5374 1669 5430 mendacia
1686 5376 1787 5428 testem
1805 5375 1946 5436 fallacem,
1969 5378 1999 5428 et
2015 5392 2089 5440 eum,

430 5475 480 5544 qui
502 5476 622 5531 seminat
643 5477 718 5532 inter
740 5479 839 5532 tratres
863 5477 1023 5534 disoordias.
1103 5481 1130 5549 2)
1155 5481 1261 5550 Erotes,
1279 5481 1330 5544 5,9
1354 5481 1461 5535 Avarus
1480 5497 1536 5534 uon
1554 5478 1718 5549 implebitur
1735 5478 1870 5547 pecunia,
1897 5478 1992 5546 etqui
2010 5481 2090 5532 amat

430 5577 557 5644 divitias,
575 5580 695 5636 fructum
712 5598 769 5636 uon
787 5582 882 5652 sapiat
900 5597 933 5636 ex
952 5582 1000 5637 eis.
1072 5584 1100 5652 3)
1120 5585 1188 5641 leid.
1211 5586 1306 5655 Etym.
1325 5587 1371 5638 XI
1376 5589 1402 5648 V,
1418 5585 1470 5650 3,b
1487 5584 1607 5638 insulam
1626 5599 1737 5651 quoque
1756 5582 1951 5660 Taprobanen
1970 5583 2090 5650 genmris

429 5685 458 5735 et
476 5683 633 5752 elephantis
652 5685 790 5743 refertam.
826 5687 948 5756 Chrysen
968 5690 997 5742 et
1014 5689 1143 5758 Argyran
1161 5707 1229 5744 auro
1248 5693 1277 5744 ot
1298 5692 1415 5759 argento
1433 5688 1589 5744 foecundos.
