4694 6428
1027 358 1177 416 ALCUINI
1195 357 1370 417 CARbss'Nll.

630 558 680 594 rm
738 535 801 602 Ille
824 536 918 600 annis
940 534 1048 600 tenuit
1069 541 1121 599 ter
1144 542 1271 620 septem
1295 543 1424 623 sceptro
1445 537 1656 622 parentum¹;

735 638 843 703 Ambo
867 639 981 703 lelices
1004 638 1129 702 meritis
1152 639 1186 704 in
1209 659 1289 724 poce
1313 639 1444 725 sepulti.

782 739 999 827 Temporibus
1022 741 1136 826 primis
1158 741 1299 827 praesnti
1319 741 1479 828 praesulis
1501 741 1608 820 huius,

737 842 917 929 Presbyter
940 844 1080 908 eximius
1103 844 1240 924 meritis,
1265 845 1458 930 cognomine
1480 844 1583 910 Beda.

736 945 837 1010 Astra
858 953 974 1031 petens
997 946 1115 1011 clausit
1138 948 1323 1031 proesentis
1346 948 1468 1012 lumine
1489 948 1588 1012 vitoe.

631 1071 680 1109 noc
736 1049 800 1123 Qui
823 1073 901 1116 mox
922 1073 942 1116 o
964 1071 1067 1137 puero
1090 1052 1184 1116 libris
1205 1052 1352 1117 intentus
1375 1051 1534 1130 adhaesit,

736 1152 780 1217 Et
803 1160 872 1220 toto
895 1153 1012 1220 studiis
1036 1155 1173 1220 servivit
1194 1161 1327 1240 pectore
1351 1155 1463 1219 sacris.

736 1253 860 1341 Utpote
883 1265 1077 1342 septennem
1098 1278 1196 1342 quem
1219 1257 1297 1322 lecit
1319 1278 1396 1322 curo
1417 1263 1589 1345 parentum

736 1358 838 1422 Arete
859 1359 1049 1424 monasterii
1073 1358 1243 1423 Girvensis
1266 1360 1409 1424 claustro
1431 1359 1551 1428 subire.

587 1485 593 1494 ¹
683 1448 687 1456 ’
736 1459 798 1524 (lui
820 1461 884 1526 iam
907 1463 1096 1547 praeclarus
1120 1461 1305 1527 Oeolfridus
1328 1463 1470 1548 praefuit
1491 1462 1609 1534 abbam
1690 1477 1693 1484 ⁴

630 1583 679 1621 nos
737 1563 801 1637 Qui
823 1566 999 1650 peregrino
1021 1572 1137 1650 petens
1161 1565 1284 1630 Christi
1307 1565 1466 1631 deductus
1489 1587 1611 1644 amore,

736 1665 885 1731 Mortuus
907 1675 959 1734 est
981 1669 1076 1732 exsul
1099 1669 1290 1753 Linguenee
1314 1669 1346 1732 in
1369 1668 1487 1732 linibus
1509 1668 1632 1740 urbis2,

734 1769 845 1855 Atque
867 1770 914 1835 ibi
937 1770 1099 1855 condigno
1122 1771 1203 1836 felix
1225 1772 1405 1835 tumulatus
1428 1772 1551 1836 honore
1575 1771 1660 1835 θεῖ’.

737 1872 838 1938 Cuius
862 1895 979 1960 corpus
1003 1881 1074 1939 eret
1103 1881 1178 1960 post
1199 1882 1348 1960 temporo
1371 1876 1473 1938 multo
1494 1881 1660 1959 repertum

736 1975 905 2062 Integrum
926 1979 1068 2063 penitus,
1090 1977 1294 2063 patriamque
1318 1976 1438 2042 exinde
1461 1975 1638 2041 reductum.

629 2098 679 2136 1³00
736 2077 823 2164 Ergo
847 2081 1046 2145 monasterio
1068 2079 1163 2145 Beda
1183 2081 1324 2144 nutritus
1347 2081 1380 2144 in
1402 2081 1470 2158 illo,

737 2181 874 2249 Omovit
897 2193 1029 2251 teneros
1052 2185 1229 2271 procelaris
1253 2185 1399 2249 moribus
1422 2206 1536 2249 annos.

736 2285 874 2352 Discere
894 2309 1034 2375 nomque
1059 2310 1162 2374 sogox
1184 2289 1313 2354 iuvenis
1336 2311 1395 2354 seu
1418 2290 1564 2355 scribere
1587 2311 1718 2377 semper

735 2388 896 2456 Fervidus
918 2392 1070 2471 instabat,
1092 2413 1158 2456 non
1176 2393 1274 2476 segni
1296 2401 1406 2458 mente
1429 2394 1599 2468 loborans;

735 2492 780 2557 Et
802 2495 850 2560 sic
873 2496 1058 2580 proficiens,
1082 2503 1133 2560 est
1155 2495 1263 2560 foetus
1286 2497 1357 2561 iure
1380 2497 1548 2582 magister.

629 2617 679 2655 reos
735 2595 882 2662 Plurima
904 2605 1104 2685 quopropter
1125 2599 1315 2683 praeclarus
1338 2599 1497 2684 opuscula
1518 2598 1632 2663 doctor

735 2699 860 2782 Edidit,
883 2704 1064 2788 explanans
1087 2702 1229 2766 obscura
1250 2703 1416 2767 volumina
1437 2709 1569 2767 sanctae

737 2803 935 2892 scripturae,
958 2827 1019 2870 nec
1041 2827 1107 2870 non
1129 2813 1307 2870 metrorum
1331 2804 1476 2870 condidit
1498 2813 1618 2877 erlem:

735 2906 787 2973 De
810 2929 940 2994 quoque
964 2908 1168 2995 temporibus
1192 2909 1275 2972 mira
1297 2909 1423 2974 ratione
1446 2910 1610 2988 volumen,

736 3011 832 3085 Quod
853 3018 947 3077 tenet
961 3018 1124 3077 astrorum
1140 3033 1266 3091 cursus,
1282 3013 1364 3093 loco,
1381 3019 1540 3098 temporo,
1556 3014 1660 3098 leges.

629 3135 679 3173 1310
737 3111 887 3200 Scripsit,
911 3122 946 3179 et
967 3114 1141 3179 historicos
1164 3114 1253 3178 clero
1276 3133 1426 3179 sermone
1449 3115 1595 3190 libellos;

735 3216 882 3282 Plurima
904 3218 1054 3284 versifico
1078 3217 1199 3283 cecinit
1221 3238 1350 3302 quoque
1366 3219 1510 3283 carmina
1524 3219 1658 3305 plectro.

734 3320 833 3402 Actu,
855 3326 977 3401 mente,
1001 3319 1066 3386 lide
1088 3325 1236 3384 veterum
1258 3320 1400 3404 vestigia
1421 3327 1561 3407 petrum,

737 3421 876 3510 Semper
897 3422 975 3488 dum
997 3423 1091 3502 vixit,
1114 3421 1239 3488 directo
1264 3430 1315 3488 est
1338 3423 1421 3489 celle
1445 3430 1587 3489 secutus.

735 3527 844 3594 Huius
866 3528 935 3592 vito
957 3527 1089 3613 quidem
1113 3527 1219 3612 qualis
1242 3527 1305 3591 fuit
1326 3533 1402 3592 onte
1425 3528 1583 3612 magistri,

628 3653 678 3692 rus
739 3631 835 3698 Claro
859 3638 936 3719 post
959 3631 1084 3696 obitum
1107 3632 1203 3716 signo
1226 3638 1277 3697 est
1298 3633 1464 3719 patefacte
1486 3633 1610 3697 solutis.

733 3736 847 3821 Aeger
868 3737 956 3802 enim
978 3735 1110 3821 quidem
1133 3735 1236 3821 petris
1258 3736 1335 3800 dum
1358 3737 1501 3821 cingitur
1522 3735 1599 3800 almi

734 3839 918 3925 Rolliquiis,
941 3841 1073 3925 penitus
1096 3846 1189 3925 peste
1213 3847 1264 3904 est
1286 3847 1421 3904 sanetus
1444 3840 1486 3904 cb
1508 3841 1576 3904 ille.

751 3928 755 3933 ’
782 3943 830 4008 Te
846 3965 975 4028 quoque
990 3942 1101 4008 Pierio
1125 3949 1311 4028 tangentes,
1333 3942 1501 4021 Belthere,
1522 3943 1659 4027 plectro,

734 4043 778 4108 Et
800 4046 871 4126 tibi,
894 4053 1018 4127 sancte,
1041 4047 1150 4111 locum
1173 4046 1294 4111 nostris
1317 4046 1350 4110 in
1373 4044 1521 4132 versibus
1545 4046 1644 4109 istum

627 4172 677 4210 1320
736 4147 914 4234 Signantes
936 4151 1090 4236 petimus,
1113 4149 1244 4235 placide
1266 4157 1303 4213 tu
1325 4156 1435 4215 mente
1458 4155 1579 4231 teneto,

733 4252 779 4317 Et
800 4274 879 4338 rege
901 4275 987 4319 nunc
1002 4261 1148 4319 nostrum
1163 4255 1272 4340 pelagi
1288 4275 1347 4340 per
1361 4254 1493 4318 caerulo
1508 4254 1658 4339 cymbam

733 4355 825 4421 Inter
846 4361 992 4420 monstro
1014 4357 1123 4434 meris,
1147 4358 1337 4443 scopulosos
1359 4358 1445 4422 inter
1467 4364 1501 4421 et
1522 4357 1636 4436 undas,

733 4458 778 4524 Ut
800 4460 905 4546 possit
927 4465 1057 4546 portum
1080 4466 1215 4546 portans
1237 4461 1399 4546 attingere
1422 4467 1537 4524 tutum.

781 4563 843 4630 Est
864 4566 957 4629 loeus
979 4564 1106 4629 undoso
1134 4564 1350 4630 circumdatus
1381 4563 1524 4649 undique
1548 4571 1657 4650 ponto,

640 4688 677 4724 ··2s
734 4665 883 4752 Rupibus
907 4667 1078 4733 horrendis
1106 4673 1283 4753 praerupto
1307 4673 1341 4734 et
1362 4667 1510 4752 margine
1533 4674 1657 4753 septus,

733 4770 773 4834 In
795 4791 859 4855 quo
882 4771 1081 4858 bellipotens
1104 4779 1235 4839 terreno
1259 4772 1292 4835 in
1315 4791 1451 4857 corpore
1474 4771 1568 4835 miles

641 4927 646 4936 .
734 4873 874 4961 Saepius
897 4877 1004 4941 series
1027 4876 1180 4941 vincebat
1202 4875 1359 4941 Balthere
1383 4881 1517 4952 turmas,

732 4976 825 5050 Quae
849 4980 913 5044 sibi
934 4978 1135 5044 multimodis
1158 4979 1329 5044 variabant
1350 4979 1439 5043 belle
1460 4978 1583 5063 figuris.

472 5267 592 5321 12971bi
611 5285 659 5319 om.
677 5267 749 5320 Mac.
855 5267 923 5321 1309
940 5272 991 5335 Qui
1009 5268 1083 5323 Mac.
1203 5269 1268 5324 l3l'l
1287 5273 1412 5339 Reliquiis
1432 5272 1497 5323 Gale

471 5436 498 5505 ι)
515 5451 604 5506 usque
627 5436 665 5489 aa
687 5453 713 5490 a.
732 5435 793 5500 ur,
816 5452 871 5506 quo
892 5439 1042 5494 monacus
1063 5439 1159 5507 farm
1182 5445 1229 5495 est.
1273 5441 1316 5510 os.
1334 5405 1591 5509 anemrosl'm.
1610 5441 1667 5506 737,
1686 5442 1745 5496 ror.
1832 5443 1859 5508 n)
1877 5437 2031 5509 mem.

367 5533 395 5602 3)
419 5537 481 5590 Hor
508 5539 539 5592 ic
567 5539 638 5592 Vitis
660 5539 791 5594 abbatom
814 5539 1069 5597 Wiremrtberreium
1087 5544 1310 5601 cinomanica
1326 5547 1361 5600 cle
1378 5562 1429 5600 sec
1450 5547 1587 5600 aetatibus
1608 5545 1704 5598 mundi
1723 5546 1821 5599 Barda
1844 5544 1956 5610 retulit;
1994 5551 2034 5606 de

367 5639 481 5707 reliquis
499 5643 537 5708 cs.
556 5641 675 5694 eusdem
691 5643 817 5697 notitiam
833 5644 966 5700 historice
992 5641 1192 5702 ecclesiasticae
1208 5645 1388 5704 saliuncam.
