4936 6406
1161 363 1350 422 manumet
1369 363 1499 420 nxunls
1518 363 1696 420 cunnum.

973 535 1036 610 Qui
1058 539 1198 625 populos
1222 538 1343 603 dudum
1365 538 1475 604 docuit
1497 537 1719 603 conscendere
1742 537 1865 604 turrim.

891 665 916 701 ss
971 641 1015 704 nt
1036 641 1204 707 dominum
1228 644 1333 706 servis
1356 643 1454 706 iussit
1476 643 1604 708 nescire
1628 648 1812 706 tonantem:

972 745 1038 809 Hic
1060 746 1151 810 solus
1176 746 1296 811 scindit
1317 747 1485 832 perfectae
1508 745 1643 810 foedera
1665 746 1768 830 pacis,

970 849 1014 914 nt
1036 850 1176 936 populos
1200 851 1308 916 saeris
1331 848 1453 933 gaudet
1474 850 1680 914 committere
1701 848 1811 928 bellis,

970 952 1017 1016 Ut
1037 953 1147 1017 nullus
1171 951 1302 1017 Christo
1326 953 1426 1038 digne
1450 953 1625 1016 famuletur
1647 952 1682 1015 in
1705 951 1795 1030 orbe,

972 1056 1152 1122 Mortiferis
1177 1056 1293 1120 suadet
1314 1056 1425 1120 verbis
1448 1077 1647 1141 consurgere
1670 1057 1755 1130 lites,

890 1179 916 1217 so
973 1159 1123 1224 Seminat
1145 1167 1179 1224 et
1201 1161 1300 1240 rixas,
1323 1159 1381 1224 nbi
1404 1161 1494 1246 pacis
1518 1159 1589 1223 sola
1610 1159 1766 1223 iubentur

971 1261 1131 1340 Foedera,
1154 1264 1305 1348 perpetui
1328 1263 1400 1347 quis
1423 1261 1542 1326 dantur
1563 1261 1710 1347 praemia
1731 1261 1836 1346 regni.

1018 1364 1153 1430 Invidus
1176 1365 1230 1430 hic
1254 1387 1391 1452 serpens
1413 1367 1587 1452 temptavit
1608 1364 1760 1449 frangere
1783 1386 1909 1450 pacem,

971 1469 1045 1544 Qua
1066 1491 1127 1534 rex
1151 1471 1305 1556 egregius
1327 1457 1481 1550 Karolns‚
1505 1468 1638 1554 duxque
1660 1469 1793 1532 inclitus
1815 1490 1881 1532 una

971 1569 1110 1634 Dasilo¹
1131 1578 1292 1657 perpetue
1314 1571 1513 1636 tenebantur
1534 1571 1604 1634 iure
1626 1568 1736 1633 beato.

890 1692 916 1731 ss
973 1672 1176 1757 Adgreditur
1196 1672 1294 1755 fama,
1317 1681 1470 1738 cunemm
1493 1673 1693 1737 contaminat
1715 1672 1838 1748 orbern,

970 1775 1117 1840 Vocibus
1139 1776 1191 1840 his
1215 1798 1313 1862 puras
1336 1778 1479 1863 pulsarit
1500 1776 1645 1862 perfidus
1668 1796 1781 1839 aures:

971 1879 1097 1946 ‘Dasilo
1120 1881 1282 1967 peccavit,
1304 1880 1424 1966 linquit
1446 1881 1523 1965 quia
1543 1881 1636 1964 regia
1657 1881 1758 1956 iussa,

972 1983 1017 2048 Et
1039 1985 1102 2050 sibi
1126 1984 1254 2049 servitii
1275 2005 1341 2048 non
1364 1983 1463 2048 solvit
1485 1981 1620 2047 foedera
1642 1983 1751 2070 pacti’

971 2087 1066 2153 Haec
1089 2087 1178 2152 dicto
1201 2087 1353 2172 egregias
1375 2085 1492 2150 Karoli
1514 2085 1692 2150 volvuntur
1713 2084 1755 2148 ad
1776 2105 1884 2162 aures,

890 2214 916 2252 ro
972 2189 1017 2254 Et
1038 2212 1150 2256 mmor
1172 2191 1281 2276 coepit
1303 2189 1405 2254 latum
1428 2189 1565 2253 volitare
1588 2209 1648 2274 per
1670 2187 1793 2266 orbem,

971 2293 1191 2379 Pulsaturqne
1215 2293 1295 2379 ipsis
1320 2293 1408 2378 regis
1431 2291 1619 2378 praesentia
1640 2291 1761 2370 verbis,

972 2395 1013 2460 In
1033 2397 1213 2482 primisque
1236 2397 1308 2482 pias
1332 2397 1384 2460 his
1406 2396 1503 2460 dictis
1525 2394 1652 2460 abdidit
1674 2416 1781 2468 aures,

972 2499 1096 2565 Aiebat
1117 2500 1259 2564 cunetis:
1284 2499 1360 2564 ‘Hic
1383 2500 1433 2564 vir
1455 2499 1536 2563 mihi
1558 2498 1653 2563 valde
1676 2497 1783 2561 fidelis

973 2602 1046 2684 Est,
1069 2609 1103 2667 et
1125 2603 1327 2668 Francorum
1349 2602 1499 2688 deposcit
1520 2623 1679 2688 prospera
1701 2601 1834 2686 regnis.’

891 2728 917 2766 rs
973 2707 1037 2771 Ast
1059 2729 1169 2772 rumor
1191 2707 1346 2793 frequens
1371 2707 1442 2792 regi
1464 2705 1623 2785 firmabat,
1647 2712 1682 2770 et
1704 2705 1809 2769 omnis

974 2809 1167 2874 Conclamat
1189 2810 1306 2874 tellus:
1330 2809 1415 2874 ‘Non
1437 2818 1489 2874 est
1512 2810 1580 2874 dux
1603 2810 1660 2873 ille
1681 2807 1814 2872 fidelis!’

972 2912 1121 2978 Vocibus
1144 2911 1196 2976 his
1219 2912 1351 2978 tandem
1373 2919 1482 2976 motus
1505 2912 1704 2977 iustissimus
1727 2909 1825 2973 heros

970 3016 1115 3101 Agmina
1136 3016 1317 3101 coniungit,
1340 3017 1545 3101 classemque
1568 3016 1602 3078 in
1625 3015 1772 3099 margine
1795 3013 1886 3099 ponit

972 3118 1069 3200 Reni,
1092 3120 1146 3205 qui
1170 3119 1275 3184 Gallis
1299 3119 1419 3185 scindit
1443 3119 1642 3185 Germanica
1663 3118 1769 3182 terris.

890 3243 916 3282 so
971 3222 1076 3288 Felici
1099 3245 1198 3288 cursu
1221 3223 1343 3288 dietum
1366 3224 1590 3308 transnavigat
1612 3243 1752 3300 amnem,

973 3325 1158 3413 Inclitaqne
1182 3329 1365 3393 innumeris
1387 3326 1522 3392 tremuit
1545 3325 1723 3391 Germania
1744 3322 1860 3387 turmis
1870 3322 1893 3382 ².

971 3430 1101 3495 Atrox
1122 3431 1324 3496 Francorum
1347 3432 1487 3517 stipatus
1511 3428 1643 3496 milibus
1666 3428 1742 3492 altis

971 3532 1136 3598 Maximus
1161 3541 1195 3599 et
1223 3534 1338 3620 patriis
1362 3535 1489 3600 exultat
1508 3533 1615 3596 victor
1638 3533 1672 3596 in
1693 3531 1803 3610 armis,

971 3634 1160 3721 Alloquitur
1182 3658 1336 3723 proceres
1358 3636 1453 3716 fidos,
1476 3657 1515 3699 ac
1538 3634 1659 3699 talibus
1681 3630 1809 3718 inquid:

890 3758 916 3798 ss
973 3736 1013 3802 ‘O
1036 3759 1118 3823 gens
1141 3740 1273 3824 regalis,
1296 3740 1446 3826 profecta
1468 3760 1488 3802 a
1510 3736 1683 3802 moenibus
1706 3736 1783 3799 altis

974 3840 1094 3906 Troiae
1105 3841 1128 3922 ⁸,
1151 3863 1227 3907 nam
1249 3849 1359 3928 patres
1381 3849 1512 3907 nostros
1536 3840 1588 3904 his
1610 3839 1738 3925 appulit
1760 3837 1837 3916 oris,

974 3943 1123 4009 Tradidit
1144 3953 1243 4031 atque
1266 3946 1332 4009 illis
1355 3945 1415 4010 hos
1437 3966 1534 4030 agros
1557 3943 1681 4008 arbiter
1704 3940 1804 4020 orbis,

973 4045 1128 4112 Subdidit
1150 4056 1184 4113 et
1205 4049 1344 4135 populos
1366 4049 1566 4114 Francorum
1587 4046 1718 4130 legibus
1741 4042 1864 4127 aequis,

974 4149 1204 4237 Perpetuoque
1228 4152 1293 4216 illis
1317 4153 1427 4216 sanxit
1449 4151 1607 4216 formator
1629 4149 1671 4213 ab
1694 4147 1791 4211 astris

892 4274 917 4313 so
976 4251 1049 4316 Hos
1072 4252 1154 4319 fines
1177 4255 1314 4340 amplos,
1338 4253 1517 4341 capiendas
1538 4250 1685 4316 funditus
1708 4248 1818 4326 urbes,

973 4355 1138 4438 Ancillas,
1162 4379 1286 4438 servos,
1308 4358 1485 4422 famulatus
1507 4353 1649 4421 reddidit
1670 4372 1794 4417 omnes.

971 4458 1019 4522 At
1040 4480 1146 4545 nuper
1166 4461 1289 4526 nostris
1312 4460 1419 4525 hostis
1442 4459 1587 4524 surrexit
1609 4457 1643 4521 in
1666 4455 1764 4520 arvis.

707 4782 743 4836 54
761 4784 908 4852 populusP
964 4786 1198 4838 ronseanscsnders
1208 4786 1233 4836 P
1308 4785 1343 4837 56
1359 4789 1417 4838 Hoc
1434 4786 1505 4838 solus
1515 4785 1542 4834 P
1596 4786 1681 4838 fodere
1691 4783 1717 4834 P
1799 4780 1832 4832 δῖ
1851 4780 1962 4848 populus
1974 4777 2000 4828 P
2085 4777 2125 4830 60
2142 4785 2242 4848 punis
2253 4786 2292 4852 P,

604 4870 675 4935 posis
692 4869 763 4921 Mor.
884 4867 917 4922 63
945 4869 1058 4920 Kaloms
1072 4869 1098 4918 P
1190 4871 1280 4934 uiaP,
1300 4889 1353 4923 uns
1375 4872 1446 4922 Mar.
1577 4869 1611 4922 66
1640 4871 1681 4922 his
1704 4886 1767 4936 pure
1780 4867 1814 4932 P,
1838 4884 1915 4933 purss
1932 4866 2003 4930 Mat,
2029 4866 2183 4932 Hesperiae
2205 4872 2291 4924 Mar.

605 4949 638 5004 67
661 4954 762 5021 linquid
774 4954 801 5006 P
901 4955 936 5008 68
959 4954 1070 5022 pareiP
1179 4955 1212 5008 69
1230 4958 1308 5008 caroli
1322 4957 1348 5007 P
1454 4954 1557 5008 74-76
1579 4959 1617 5008 od
1636 4975 1719 5022 marg.
1739 4955 1849 5020 suppleti
1868 4962 1954 5006 runt.
2038 4949 2071 5002 79
2090 4961 2243 5020 gen-manig
2254 4961 2292 5026 P,

604 5043 752 5106 germanica
768 5040 827 5091 Μαι·
930 5040 966 5093 82
990 5043 1032 5092 Ad
1053 5058 1100 5093 rex
1114 5041 1141 5092 P
1258 5041 1293 5094 83
1316 5045 1344 5093 in
1362 5044 1450 5110 patriis
1463 5042 1490 5093 P
1607 5040 1641 5093 86
1659 5045 1743 5108 Trogo
1757 5040 1789 5102 P,
1806 5040 1897 5090 Troiae
1914 5038 1984 5089 Mor.
2091 5035 2128 5089 87
2148 5045 2250 5111 adque
2264 5048 2296 5099 P

605 5121 641 5174 90
657 5127 755 5193 amplus
767 5125 794 5174 P
859 5128 931 5179 urbis
943 5126 971 5178 P
1072 5125 1104 5176 91
1124 5129 1230 5180 credidit
1239 5129 1270 5192 P,
1288 5129 1397 5180 reddidit
1414 5129 1472 5179 Mat
1574 5126 1608 5179 92
1625 5127 1667 5178 Ad
1678 5127 1705 5178 P

711 5327 737 5396 1)
760 5325 914 5382 Baioarioc
932 5327 1001 5389 dux,
1023 5325 1175 5381 748-788.
1256 5329 1283 5396 2)
1306 5331 1378 5384 Asin.
1402 5329 1545 5383 Eindordi
1567 5329 1630 5383 787:
1658 5329 1724 5383 iniit
1746 5327 1905 5390 consilium,
1927 5329 1961 5380 ut
1978 5322 2178 5394 experiretur,
2210 5337 2292 5402 quid

605 5430 713 5484 Tasrilo
736 5430 771 5484 de
793 5430 930 5499 promissa
953 5429 1007 5484 sibi
1032 5428 1168 5483 fidelitate
1189 5429 1279 5484 facere
1297 5433 1396 5495 vellet,
1419 5435 1647 5502 congregatoque
1669 5430 1779 5500 ingenti
1800 5428 1923 5483 exercitu
1941 5431 2025 5495 atque
2043 5427 2073 5478 in
2094 5431 2157 5484 tres
2180 5443 2294 5504 partes

605 5530 706 5594 diviso,
731 5530 891 5585 Baioariom
913 5536 1011 5602 petere
1036 5530 1189 5584 constituit.
1277 5532 1305 5599 3)
1331 5533 1374 5600 Cf.
1397 5533 1588 5604 (Fredegaris')
1612 5535 1766 5602 Seorpaam
1786 5532 1819 5585 dc
1842 5533 1971 5585 chronica
1994 5530 2128 5597 Gregorii
2149 5535 2209 5589 IV
2224 5557 2250 5593 c.
2273 5545 2294 5597 2

605 5632 728 5698 (Conisii
745 5630 823 5684 Lect.
842 5639 899 5686 ant.
919 5632 963 5695 ΙΙ,
977 5628 1049 5697 670).
