4628 6428
638 432 914 492 lNSCRIPTIONES
932 435 1160 492 ELNONENSIS
1171 431 1413 491 'MONAS'PERIL

992 631 1045 675 vru

558 714 654 779 Hane
676 716 778 780 levita
800 714 855 780 dei
877 720 980 778 totam
1003 715 1200 779 Laurentius
1223 715 1331 779 aulam

644 817 837 900 Conservet,
861 819 1012 903 quoniam
1036 818 1117 883 haee
1142 819 1329 882 eradicata
1352 817 1416 881 sibi
1439 823 1500 883 est.

559 921 620 984 Vir
642 923 773 1002 virtute,
797 921 860 984 fide
884 921 1086 984 flammarum
1108 921 1261 986 incendia
1282 922 1370 1000 vicit,

643 1024 762 1089 Omnia
784 1030 947 1089 tormenta
971 1031 1004 1088 et
1026 1025 1106 1088 vicit
1127 1046 1238 1089 amore
1261 1024 1326 1087 dei.

491 1149 502 1184 ⁶
558 1126 765 1212 Pauperibus
789 1128 937 1192 tribuens
959 1128 993 1190 in
1016 1127 1136 1191 mundo
1161 1126 1317 1213 quidquid
1341 1127 1495 1206 habebat,

642 1231 681 1292 In
705 1232 797 1294 eaelo
820 1237 857 1294 ut
881 1229 1002 1294 Christi
1026 1231 1156 1295 divitias
1180 1237 1323 1316 caperet.

1004 1451 1035 1494 rx

561 1535 721 1599 Martinus
745 1537 869 1599 meritis
893 1536 1017 1601 domini
1040 1537 1220 1622 condignus
1244 1557 1365 1614 amore,

645 1638 708 1711 Qui
733 1640 796 1703 sibi
820 1647 980 1704 sacratam
1003 1641 1087 1706 hane
1110 1643 1195 1726 regit
1219 1641 1405 1718 ecelesiam,

562 1742 725 1827 Egregius
748 1745 881 1828 praesul
904 1751 972 1808 toto
997 1745 1184 1830 praeclarus
1208 1746 1241 1808 in
1265 1745 1354 1823 orbe,

643 1846 774 1909 Torone
797 1868 939 1932 pausans
963 1855 1076 1932 pastor
1096 1848 1130 1911 in
1152 1849 1233 1912 urbe
1257 1849 1341 1934 pius.

490 1971 502 2006 a
566 1948 661 2012 Haeo
684 1948 797 2012 domus
821 1951 907 2013 alma
929 1949 991 2014 deo
1013 1952 1120 2036 prima
1141 1958 1193 2016 est
1214 1951 1349 2015 fundata
1371 1951 1507 2028 tonanti,

644 2051 731 2116 Ante
755 2053 819 2115 alia
843 2060 876 2116 et
899 2054 982 2116 sauri
1006 2060 1101 2139 septa
1123 2055 1323 2119 monasterii.

505 2147 507 2150 ’
563 2154 676 2218 Crevit
699 2154 803 2218 honor
825 2155 960 2236 horum,
983 2156 1114 2220 domino
1138 2156 1290 2238 donante,
1314 2159 1468 2235 locorum,

644 2259 688 2322 Et
710 2261 814 2323 maior
836 2259 966 2324 domino
991 2269 1042 2325 est
1065 2261 1236 2326 aedificata
1258 2262 1384 2327 domus.

562 2361 650 2425 Dum
674 2369 804 2426 sanetus
827 2365 960 2448 praesul
983 2363 1036 2427 hio
1060 2365 1256 2429 inhabitavit
1277 2365 1456 2445 Amandus,

479 2490 501 2526 ιυ
655 2465 766 2530 Crevit
787 2466 893 2531 honor
913 2469 1027 2553 patris,
1051 2469 1153 2532 erevit
1177 2475 1210 2533 et
1232 2469 1296 2533 iste
1318 2471 1421 2533 loeus.

1013 2685 1034 2728 x

561 2769 690 2833 Primus
714 2771 913 2855 apostolicos
937 2769 1102 2835 Christum
1125 2771 1181 2856 qui
1203 2778 1385 2855 agnoverat
1408 2772 1503 2846 inter,

645 2872 807 2954 Andreas,
831 2873 965 2938 fratrem
989 2882 1147 2938 convocat
1170 2880 1268 2958 atque
1293 2896 1397 2952 suurn,

562 2975 632 3038 Ista
655 2977 722 3040 suis
745 2978 871 3041 meritis
895 2978 960 3041 iam
983 2984 1071 3041 tecta
1095 2986 1223 3041 saerata
1245 2984 1364 3059 tuetur,

647 3080 694 3143 Ut
715 3083 828 3166 procul
852 3081 989 3164 effugiat
1011 3082 1116 3146 hostis
1140 3080 1181 3144 ab
1205 3079 1286 3144 aede
1311 3102 1379 3144 sua.

1009 3297 1041 3340 ru

567 3379 686 3442 Petrus
709 3379 906 3464 apostolicus
930 3381 1093 3465 princeps,
1117 3386 1292 3464 pastorque
1315 3379 1432 3460 fidelis,

647 3481 719 3544 Iam
742 3483 853 3566 gregis
876 3482 1033 3564 aetherei,
1057 3483 1123 3545 iarn
1146 3481 1246 3546 decus
1271 3483 1441 3562 ecelesiae,

565 3582 628 3655 Qui
651 3590 743 3649 tenet
765 3585 892 3648 aeterni
915 3586 1024 3649 claves
1048 3606 1107 3671 per
1130 3586 1263 3649 saecula
1285 3586 1389 3669 regni,

650 3687 786 3751 Solvere
810 3688 863 3751 v'el
885 3689 956 3751 sola
979 3709 1059 3751 voce
1082 3688 1186 3770 ligare
1210 3696 1338 3773 potens,

500 3813 511 3849 a
570 3791 671 3856 Cuius
694 3792 818 3857 honore
843 3813 935 3856 sacro
958 3814 1116 3878 praesens
1140 3792 1222 3856 haee
1245 3793 1321 3856 aula
1343 3791 1451 3855 dicata
1474 3798 1535 3870 est,

649 3896 807 3982 Protegat
829 3904 927 3981 atque
951 3905 1045 3980 regat
1068 3903 1181 3981 pastor
1203 3897 1289 3961 ovile
1313 3916 1417 3960 suum.

565 4002 794 4088 Dignaturque
818 4001 886 4065 suis
909 4007 1020 4086 portas
1044 4001 1182 4086 aperire,
1205 4022 1385 4086 precamur,

651 4106 835 4170 Aethereas
859 4104 974 4169 ovibus
997 4125 1133 4169 munere
1155 4111 1327 4191 perpetue.

1008 4317 1051 4360 xrr

566 4399 710 4464 Michael
733 4399 909 4464 aethereus
933 4400 1095 4485 prinoeps,
1118 4400 1307 4484 primusque
1330 4399 1488 4483 magister

650 4504 791 4568 Aeterni
813 4505 919 4588 regni,
943 4525 1087 4568 summus
1111 4504 1145 4566 in
1167 4523 1242 4566 aree
1265 4503 1341 4587 poli,

569 4606 752 4671 Conservet
774 4606 867 4670 donis
890 4607 987 4670 istam
1011 4606 1179 4671 uveribus
1202 4627 1302 4684 aram,

652 4709 744 4782 Quae
769 4718 898 4774 saerata
920 4711 1019 4774 mieat
1042 4709 1173 4773 nomine
1197 4729 1336 4792 namque
1361 4729 1430 4773 suo.

502 4837 513 4872 ⁶
571 4814 658 4878 Ante
683 4815 860 4898 oculosque
884 4813 937 4878 dei
961 4815 1078 4877 summi
1101 4814 1134 4876 in
1158 4818 1286 4876 secreta
1308 4812 1458 4897 polorum

651 4917 770 4981 Officia
792 4922 904 4981 nostra
927 4918 1044 4981 offerat
1066 4922 1164 5001 atque
1187 4935 1312 4999 preces.

876 5045 908 5051 ..-.
918 5043 1184 5050 .--.--..-...-.---

1005 5126 1058 5169 xnr

569 5211 643 5276 Hoe
666 5211 769 5274 altare
793 5215 888 5294 pater
908 5208 1042 5295 praesul
1065 5207 1212 5272 Hilarius
1237 5212 1339 5288 ornat,

653 5313 759 5377 Notus
783 5313 817 5375 in
841 5311 919 5376 orbe
943 5313 1057 5397 proeul
1079 5311 1192 5376 doetor
1214 5310 1336 5395 ubique
1359 5309 1443 5395 pius.

569 5416 641 5482 Hae
665 5416 793 5500 magnis
815 5415 933 5479 Viotor
954 5415 1081 5480 meritis
1104 5421 1303 5478 memoratur
1325 5413 1358 5476 in
1381 5433 1447 5490 ara,

653 5519 772 5584 Inclita
793 5521 980 5604 praeclarus
1004 5519 1098 5583 miles
1122 5518 1155 5581 in
1179 5539 1269 5582 arma
1291 5523 1417 5602 potens.

354 5665 362 5668 ,
369 5663 465 5669 ,.,-.,,,-
735 5661 829 5667 ,,.--
836 5661 1035 5668 -,-,,,-.-,-..,..
1046 5659 1166 5665 -.,---
1173 5657 1319 5664 -,-.--
1334 5656 1460 5662 -...-.-
1467 5657 1484 5659 -
1491 5655 1501 5660 ..-
1509 5653 1747 5661 ---—-—--—.-.-

305 5749 316 5812 Η
335 5745 379 5813 [rx]
397 5745 528 5810 horter),
547 5745 648 5796 urbeF
658 5765 686 5811 p.
704 5743 757 5796 209
849 5745 860 5810 ΙΙ
882 5743 935 5811 [xn]
954 5743 1074 5796 GOffrcio
1084 5751 1170 5794 nostro
1183 5743 1212 5808 Q,
1231 5741 1337 5793 eorr.F
1419 5740 1430 5803 li
1452 5737 1845 5807 ix111]3mngisQ,magnisF

1597 5833 1651 5886 39*
