4628 6428
1062 423 1212 480 ALCUINI
1230 423 1407 480 aluums.

693 619 717 655 rs
776 595 858 661 Esto
881 597 954 682 pius
977 597 1088 683 pueris
1113 597 1279 663 studiosus
1302 605 1336 664 et
1359 605 1430 663 esto
1454 597 1620 682 magister,

849 700 919 765 Vos
943 707 1082 783 vestros,
1106 703 1210 788 pueri,
1234 723 1366 788 semper
1388 708 1496 765 amate
1517 706 1641 786 patres.

772 803 817 867 Ut
840 811 971 868 maneat
992 805 1086 869 nobis
1110 805 1214 870 duleis
1236 804 1424 870 benedictio
1447 804 1559 890 patris,

849 907 893 972 Et
913 929 955 973 ne
979 929 1055 972 nam
1078 916 1174 973 natus
1198 916 1308 974 mente
1332 915 1465 974 tenente
1488 907 1580 972 duos.

1031 1121 1441 1129 ——.---—.—-—--—-0—

1176 1341 1297 1406 XCIV.

777 1458 841 1523 Hie
864 1458 1003 1525 sedeant
1026 1483 1140 1527 sacrae
1164 1463 1347 1527 scribentes
1369 1461 1492 1525 famina
1512 1461 1606 1545 legis,

853 1565 925 1629 Neo
948 1587 1013 1631 non
1037 1573 1225 1632 sanctorum
1246 1567 1334 1631 dieta
1358 1572 1486 1631 saerata
1508 1571 1653 1651 patrum;

777 1667 842 1732 Hie
864 1670 1063 1735 interserere
1087 1677 1225 1735 caveant
1247 1691 1306 1734 sua
1329 1669 1446 1734 frivola
1468 1667 1588 1746 verbis,

855 1771 988 1838 Frivola
1010 1795 1071 1838 nee
1094 1781 1228 1860 propter
1250 1780 1338 1838 erret
1361 1779 1394 1837 et
1418 1773 1491 1858 ipsa
1514 1791 1639 1846 manns,

708 1895 720 1932 ι
779 1873 1016 1961 Correetosque
1040 1878 1102 1941 sibi
1125 1883 1284 1962 quaerant
1307 1874 1451 1941 studiose
1474 1874 1614 1952 libellos,

858 1977 1003 2044 Tramite
1026 2001 1089 2064 quo
1113 1987 1202 2045 recto
1226 2001 1335 2066 penna
1356 1978 1495 2044 volantis
1519 1984 1582 2042 eat.

775 2079 841 2145 Per
862 2083 935 2146 oola
957 2082 1159 2168 distinguant
1180 2083 1329 2170 proprios
1353 2088 1387 2147 et
1410 2088 1573 2146 commata
1596 2098 1730 2156 sensus,

857 2184 901 2249 nt
922 2193 1061 2272 punctos
1084 2193 1208 2273 ponant
1231 2185 1344 2251 ordine
1368 2206 1515 2271 quosque
1537 2205 1606 2264 suo,

777 2286 828 2353 Ne
851 2290 905 2352 vel
928 2289 1012 2354 falsa
1034 2291 1133 2374 legat,
1157 2295 1265 2354 taceat
1288 2289 1341 2354 vel
1364 2288 1448 2353 forte
1472 2295 1607 2374 repente

699 2411 723 2450 ιο
859 2390 948 2457 Ante
971 2393 1043 2480 pios
1067 2393 1185 2457 fratres
1208 2393 1313 2457 lector
1335 2392 1369 2455 in
1392 2391 1543 2456 ecelesia.

779 2493 841 2559 Est
864 2516 946 2581 opus
971 2497 1140 2582 egregium
1163 2517 1272 2560 saeros
1297 2497 1362 2559 iam
1386 2493 1529 2559 seribere
1551 2493 1663 2569 libros,

859 2596 929 2662 Nee
952 2597 1105 2664 mercede
1130 2619 1189 2662 sua
1212 2599 1352 2684 scriptor
1374 2603 1408 2662 et
1431 2597 1503 2682 ipse
1526 2602 1625 2660 earet.

778 2697 906 2764 Fodere
931 2721 1028 2785 quam
1050 2701 1135 2765 vites
1159 2701 1278 2765 melius
1302 2707 1353 2764 est
1377 2699 1520 2765 scribere
1544 2698 1657 2777 libros,

859 2802 921 2868 Ille
945 2825 1004 2867 suo
1027 2804 1133 2868 ventri
1158 2804 1289 2881 serviet,
1313 2803 1377 2867 iste
1401 2803 1540 2867 animae.

701 2927 725 2964 ιι
785 2904 851 2970 Vel
872 2925 957 2969 nova
978 2906 1032 2970 vel
1055 2913 1169 2970 vetera
1190 2907 1312 2992 poterit
1335 2905 1481 2991 prolerre
1505 2903 1661 2988 magister

860 3007 1016 3089 Plurima,
1040 3009 1178 3094 quisque
1201 3009 1283 3092 legit
1306 3007 1394 3072 diota
1416 3013 1543 3071 saerata
1564 3011 1704 3093 patrum.

1140 3219 1160 3222 .-
1176 3215 1451 3223 -—-—--.-.—-—-....-

1191 3435 1295 3501 XCV.

784 3554 930 3641 Quisque
952 3557 1068 3642 legens
1091 3577 1205 3622 versus
1228 3577 1289 3643 per
1311 3556 1401 3620 celsa
1421 3556 1545 3642 palatis
1566 3553 1668 3619 curris
1681 3554 1703 3633 ¹,

863 3659 1002 3745 Semper
1023 3659 1145 3725 habeto
1168 3660 1223 3725 dei
1244 3681 1364 3724 nomen
1386 3661 1420 3724 in
1443 3681 1499 3724 ore
1522 3666 1588 3723 tuo.

783 3763 826 3828 Et
850 3762 926 3827 dum
948 3763 1061 3849 lingua
1083 3765 1154 3849 pias
1177 3770 1309 3828 resonat
1331 3786 1390 3851 per
1413 3764 1558 3828 earmina
1578 3760 1705 3840 laudes,

864 3866 1006 3932 Fervent
1028 3867 1117 3931 illius
1139 3874 1254 3953 peetus
1277 3888 1387 3931 amore
1410 3873 1511 3931 tuum.

715 3991 727 4028 a
783 3967 872 4033 Dum
894 3975 930 4032 tu
952 3969 1089 4056 pulchra
1110 3968 1227 4034 domus
1250 3969 1389 4055 pedibus
1413 3970 1533 4034 solaris
1554 3965 1705 4048 scandes,

864 4071 1042 4136 Immemor
1064 4071 1151 4136 haud
1174 4079 1246 4137 esto
1270 4072 1428 4137 scandere
1451 4078 1562 4136 mente
1584 4069 1706 4156 polum.

786 4173 844 4238 Sol
865 4175 1002 4239 rutilans
1026 4175 1125 4240 radiis
1147 4175 1298 4241 domibus
1324 4175 1525 4262 splendescit
1547 4175 1581 4238 in
1603 4171 1690 4252 altis,

866 4277 1007 4342 Lumine
1030 4284 1189 4363 perpetuo
1214 4277 1365 4342 Christus
1389 4280 1421 4342 in
1444 4299 1520 4343 aroe
1542 4277 1619 4364 poli.

785 4379 832 4443 Ut
854 4381 904 4444 sol
927 4381 1068 4445 illustrat
1090 4387 1179 4445 totus
1201 4380 1425 4466 praefulgidus
1448 4380 1572 4456 orbem,

635 4537 637 4542 .
707 4503 731 4540 ιο
870 4481 925 4546 Sio
948 4481 1075 4566 fulgent
1098 4484 1203 4547 saneti
1226 4503 1357 4568 semper
1378 4484 1412 4547 in
1436 4505 1511 4548 aree
1533 4480 1646 4568 patris.

788 4583 871 4649 Sunt
894 4605 914 4649 a
936 4584 1005 4648 sole
1027 4585 1143 4649 domus
1166 4587 1275 4650 celsae
1300 4586 1419 4650 solaria
1440 4586 1528 4650 dieta
1537 4585 1560 4665 ²,

866 4686 898 4749 A
921 4686 1051 4751 Christo
1075 4693 1222 4752 sanetum
1245 4708 1364 4752 nomen
1386 4688 1546 4752 habemus
1569 4687 1657 4750 item.

789 4787 825 4852 Si
848 4795 881 4853 te
904 4788 1049 4854 delectet
1072 4789 1222 4853 manibus
1246 4789 1404 4854 habitatio
1426 4791 1522 4870 faeta,

868 4891 944 4955 Non
966 4891 1116 4956 manibus
1139 4890 1261 4955 factam
1281 4893 1356 4977 plus
1378 4892 1439 4956 tibi
1462 4913 1582 4978 quaere
1604 4889 1751 4954 domum.

525 5109 558 5162 18
574 5112 646 5164 merso
663 5123 799 5180 comptum

492 5195 598 5267 [XCIV]
634 5200 673 5252 ed.
695 5201 752 5263 01.
771 5203 787 5252 l.
805 5220 831 5252 n.
841 5202 957 5264 CXXVI,
976 5199 1114 5250 Breues-us
1139 5201 1256 5251 Versantis'
1274 5201 1412 5252 Formati
1430 5221 1488 5268 opp.
1508 5202 1590 5252 Notae
1602 5217 1631 5265 p.
1650 5195 1712 5261 266,
1732 5201 1914 5270 Antiquim
1935 5211 2031 5263 md„
2045 5211 2132 5280 ΜΒ,

421 5284 465 5332 ubi
482 5281 574 5333 ἀιιιιηε
590 5303 612 5336 a.
632 5285 726 5351 7-10,
746 5285 848 5338 13-16
953 5281 970 5334 3
988 5286 1059 5335 Haeo
1074 5285 1103 5348 Q,
1121 5287 1171 5336 Hie
1183 5286 1223 5335 Br
1280 5305 1323 5337 rsa
1338 5287 1367 5349 Q,
1385 5305 1432 5338 sua
1444 5288 1469 5337 B
1571 5285 1589 5336 4
1607 5302 1639 5336 ne
1654 5284 1684 5346 Q,
1702 5302 1756 5337 neo
1770 5288 1800 5337 B
1869 5305 1952 5348 errat
1969 5298 2004 5362 Q,
2024 5298 2132 5351 erretB

423 5365 682 5436 oconoetusqueo
750 5372 891 5433 libellusQ
994 5367 1072 5434 (iqui
1094 5370 1116 5432 Q
1219 5370 1251 5421 11
1271 5374 1316 5423 Est
1333 5373 1404 5424 labor
1422 5372 1579 5440 egreginsB

494 5453 585 5521 [XCV]
621 5455 660 5507 ed
682 5457 739 5519 01,
757 5458 774 5507 l.
791 5475 818 5506 π.
836 5457 959 5507 CXXVII
1062 5451 1220 5507 bseaudens
1236 5457 1265 5520 Q,
1283 5459 1389 5509 scandes
1401 5459 1441 5508 Fr
1457 5477 1485 5524 p.
1503 5456 1553 5508 211

529 5602 556 5670 1)
576 5603 618 5671 Cf.
638 5620 727 5671 supra
740 5620 770 5673 p.
788 5606 840 5659 282
857 5605 921 5670 V‚1.
998 5603 1148 5671 anuum.
1167 5606 1287 5675 Etymol.
1306 5607 1413 5672 XV.3‚
1433 5611 1465 5664 11
1486 5609 1588 5664 solaria
1605 5605 1672 5675 quia
1690 5608 1805 5675 patent
1825 5617 1901 5682 soli,
1924 5621 1965 5674 12
1986 5623 2135 5680 solarium

428 5701 502 5765 quod
520 5701 572 5755 soli
589 5705 619 5756 et
635 5703 711 5757 auris
728 5707 833 5773 pateat.
