4574 6442
963 404 1102 460 LAUDES
1121 404 1349 460 VERONENSIS
1368 403 1558 460 CIVITATIS.

705 583 757 642 26.
782 578 928 653 Quorum
952 601 1089 667 corpora
1111 567 1244 644 insimul
1268 579 1412 644 condidit
1435 581 1608 666 episcopus

779 691 926 747 aromata
949 691 983 748 et
1005 684 1191 769 galbanum,
1215 690 1342 748 stacten
1366 692 1399 748 ct
1421 683 1566 768 argoido,

780 807 889 870 myrra
912 795 945 852 et
967 795 1061 872 gutta
1084 796 1118 852 et
1141 789 1256 868 cassia,
1281 795 1314 851 et
1336 794 1388 850 tus
1411 787 1657 851 lucidissimum.

705 925 755 988 27.
780 923 954 987 Tumulum
977 944 1112 987 aureum
1135 931 1326 1008 coopertum
1350 922 1519 986 circundat
1542 923 1735 987 centonibus
1748 924 1767 1000 ¹,

780 1027 869 1090 color
890 1027 1114 1091 interstinctus
1137 1027 1219 1090 mire
1241 1027 1363 1091 mulcet
1386 1048 1502 1091 sensus
1526 1027 1702 1108 hominum,

778 1128 875 1193 modo
898 1130 1002 1211 albus,
1024 1129 1122 1194 modo
1145 1130 1241 1215 niger
1262 1131 1347 1194 inter
1368 1130 1451 1194 duos
1473 1151 1665 1216 purpureos.

692 1270 745 1332 28.
769 1267 873 1349 Haec,
895 1274 932 1333 ut
954 1269 1066 1348 valuit,
1090 1269 1217 1355 paravit
1239 1269 1336 1333 Anno
1359 1271 1490 1355 praesul
1512 1269 1654 1348 inclitus,

778 1373 883 1458 proba
906 1373 998 1437 cuius
1021 1374 1152 1437 flamma
1174 1374 1276 1438 claret
1298 1373 1340 1438 de
1363 1374 1458 1437 bonis
1482 1375 1635 1460 operibus

781 1476 822 1540 ab
844 1475 1001 1540 Austriae
1023 1476 1144 1540 finibus
1168 1483 1275 1540 terrac
1298 1498 1401 1562 usquc
1425 1477 1600 1541 Neustriac
1624 1477 1790 1541 terminos.

704 1617 756 1677 29.
780 1611 833 1676 Ab
858 1610 1028 1676 occidente
1052 1609 1195 1675 custodit
1218 1610 1340 1695 Syxtus
1364 1617 1398 1675 et
1420 1611 1628 1692 Laurentius,

778 1714 943 1800 Ypolitus,
965 1715 1178 1800 Apollinaris,
1201 1713 1373 1779 duodecim
1395 1716 1535 1801 apostoli

779 1817 912 1898 domini,
936 1839 1074 1902 magnus
1098 1817 1268 1882 confessor
1289 1818 1449 1883 Martinus
1472 1821 1706 1885 sanctissimus.

704 1959 755 2019 30.
778 1955 849 2020 Iam
872 1955 1035 2020 laudanda
1056 1977 1121 2020 non
1144 1963 1196 2020 est
1217 1956 1278 2019 tibi
1299 1956 1390 2020 urbis
1413 1957 1447 2019 in
1470 1957 1626 2030 Ausonia,

780 2059 968 2145 splendens,
990 2060 1119 2144 pollens
1142 2066 1176 2123 et
1198 2059 1350 2124 redolens
1373 2081 1394 2124 a
1416 2067 1600 2126 sanctorum
1624 2084 1770 2149 corpore,

779 2164 935 2249 opulenta
958 2163 1043 2227 inter
1058 2169 1188 2227 centum
1212 2164 1282 2227 sola
1306 2164 1339 2226 in
1361 2163 1468 2228 Italia.

705 2304 756 2366 31.
778 2302 863 2366 Nam
885 2308 918 2367 tc
942 2301 1117 2366 conlaudat
1139 2301 1325 2387 Aquilegia,
1349 2307 1381 2365 te
1405 2301 1600 2366 conlaudant
1622 2302 1766 2382 Mantua,

779 2405 904 2484 Brixia,
926 2405 1040 2491 Papia,
1063 2404 1179 2484 Roma,
1203 2404 1299 2468 simul
1322 2411 1355 2468 et
1376 2403 1542 2486 Ravenna,
1648 2433 1654 2448 =

779 2529 838 2593 per
862 2514 894 2572 te
917 2515 1031 2593 portus
1056 2513 1107 2572 est
1128 2505 1272 2590 undique
1295 2506 1329 2569 in
1351 2505 1434 2570 fines
1456 2506 1621 2591 Liguriae.

705 2650 756 2710 32.
779 2645 917 2731 Magnus
940 2643 1123 2709 habitatin
1146 2650 1179 2707 te
1203 2665 1262 2706 rex
1284 2641 1421 2728 Pipinus
1444 2644 1610 2728 piissimus
1620 2643 1642 2724 ²,

779 2772 845 2816 non
868 2751 987 2814 oblitus
1009 2749 1167 2835 pietatem
1189 2754 1247 2811 aut
1269 2754 1392 2812 rectum
1415 2748 1579 2830 iudicium,

780 2854 836 2939 qui
857 2854 952 2918 bonis
974 2873 1076 2938 agens
1101 2871 1233 2937 semper
1254 2851 1379 2915 cunctis
1402 2850 1480 2914 facit
1502 2873 1668 2938 prospera.

706 2996 756 3060 33.
781 2992 927 3057 Gloriam
950 3012 1103 3055 canamus
1126 2988 1198 3070 deo,
1222 2989 1293 3073 regi
1314 2988 1481 3070 invisibili,

779 3096 835 3180 qui
857 3095 979 3159 talibus
1002 3101 1035 3159 te
1060 3093 1231 3157 edomavit
1253 3091 1389 3156 floribus
1412 3093 1569 3177 mysticis,

778 3200 811 3262 in
834 3199 964 3284 quantis
987 3205 1022 3264 ct
1044 3194 1247 3283 resplendes,
1271 3196 1356 3259 sicut
1378 3196 1427 3260 sol
1450 3196 1620 3264 irradians.

537 3489 595 3556 26,1
615 3502 640 3544 et
658 3494 761 3545 insimul
780 3493 849 3559 Mas.
929 3493 1105 3558 opiscoporum
1125 3491 1149 3540 L
1270 3487 1330 3553 262
1347 3491 1474 3555 galbanen
1487 3491 1545 3540 LB
1664 3490 1725 3555 26,ss
1743 3503 1815 3543 cetus
1832 3493 2011 3542 lucidissimus
2032 3493 2057 3542 L
2069 3494 2105 3556 It,

433 3584 459 3626 ct
477 3576 537 3626 thus
549 3577 620 3627 Mac.
760 3577 819 3643 ‘tm
838 3579 991 3644 preconibus
1009 3577 1075 3642 LB,
1092 3577 1245 3628 centonibus
1258 3576 1326 3641 Mus.
1464 3573 1524 3642 2l,2
1542 3579 1611 3628 color
1629 3579 1718 3628 stritus
1735 3580 1837 3642 (seritns
1855 3578 1886 3637 Β)
1904 3579 2011 3643 mulget
2031 3579 2057 3628 L
2069 3581 2105 3640 Β,

433 3664 609 3714 interstinctus
632 3667 694 3716 miro
717 3667 812 3716 mulcet
835 3664 903 3730 Mas.
1026 3661 1085 3728 28,l
1110 3666 1203 3715 Hanno
1226 3664 1297 3713 drab.
1418 3661 1479 3728 283
1501 3682 1546 3730 per
1572 3666 1650 3715 buius
1671 3666 1745 3714 cinus
1768 3666 1842 3714 flaura
1866 3663 1920 3712 LB
2017 3669 2106 3731 proba

433 3751 508 3799 cuius
521 3749 590 3816 Mas.
693 3748 754 3816 28,3
765 3759 852 3802 austro
865 3750 898 3810 B,
910 3767 977 3800 cor-r.
989 3751 1017 3799 in
1030 3750 1038 3799 i
1051 3749 1082 3810 L,
1100 3750 1219 3800 nustriae
1232 3749 1300 3815 Mos.
1370 3748 1529 3812 uostriLB,
1547 3751 1679 3800 Naustriac
1692 3750 1759 3815 Mas.
1854 3746 1910 3812 29st
1925 3752 2026 3815 Systus
2041 3753 2107 3802 LB

432 3832 664 3902 29‚2ap0110naris
683 3838 709 3886 B
829 3835 889 3901 29‚3
907 3845 932 3888 ct
950 3853 1059 3903 magnus
1076 3836 1144 3902 Mos.
1274 3833 1331 3899 30‚1
1351 3837 1423 3886 urbis
1441 3837 1467 3885 Β
1541 3838 1652 3888 auxonia
1669 3837 1693 3886 L
1702 3836 1728 3886 Β
1855 3832 1912 3896 303
1932 3851 2048 3900 corpora
2069 3837 2107 3896 Β,

434 3939 501 3971 corr.
519 3923 547 3972 ia
565 3922 657 3974 ibusL
761 3920 819 3987 3l,l
833 3922 1005 3973 conlaudant.
1020 3961 1025 3972 .
1039 3958 1047 3971 .
1066 3922 1220 3974 conlaudant
1229 3921 1253 3971 L
1262 3921 1287 3970 Β
1390 3919 1450 3986 31,ἳ
1462 3923 1538 3974 simul
1556 3940 1650 3973 rauenu
1662 3921 1727 3986 LB,
1745 3931 1772 3972 et
1788 3921 1862 3971 simul
1877 3921 2016 3970 llaueuuia
2028 3922 2105 3988 Mos.

432 4005 493 4070 31,3
516 4009 634 4074 Liguriae
656 4007 696 4070 B,
725 4025 792 4057 corr.
815 4009 843 4058 in
867 4009 937 4058 uriae
955 4009 979 4057 L
1101 4005 1161 4071 323
1183 4026 1231 4074 age
1254 4010 1293 4068 B,
1323 4025 1402 4074 agens
1423 4027 1549 4074 sraprcrscr.
1572 4026 1606 4059 au
1629 4008 1653 4058 L
1773 4005 1832 4070 33‚1
1855 4006 1942 4056 Gloria
1969 4023 2107 4058 curremus

438 4092 575 4158 (arpcracr.
594 4095 602 4143 i
621 4093 661 4156 L)
689 4094 791 4144 domiuo
815 4094 840 4142 B
853 4093 877 4142 L
979 4091 1040 4158 3⁴32
1057 4095 1191 4144 adornavit
1213 4103 1238 4145 te
1257 4095 1325 4160 Mas.
1430 4093 1489 4159 33,3
1512 4095 1677 4161 resplendens
1694 4093 1718 4142 L
1732 4093 1757 4143 Β
1830 4092 1890 4142 solis
1912 4092 1995 4141 radiis
2016 4094 2108 4157 illac„

434 4180 521 4229 radius
538 4179 599 4229 solis
617 4179 700 4228 Arim.
753 4181 780 4229 ia
798 4180 823 4229 L
842 4189 980 4245 sequuntur
998 4181 1075 4230 baec:
1092 4183 1183 4230 Sancte
1201 4184 1270 4231 Zeno
1288 4198 1331 4231 ora
1349 4198 1394 4247 pro
1412 4198 1451 4231 me
1469 4191 1495 4231 ct
1512 4183 1612 4232 curretis
1629 4181 1782 4230 horninibus.

537 4350 564 4416 1)
584 4349 685 4416 Maffei
702 4349 729 4416 (t.
748 4351 765 4402 l.
782 4366 813 4418 p.
832 4349 892 4416 183)
912 4354 937 4402 et
955 4349 1117 4402 Biaacolr'ni
1134 4349 1173 4416 (p.
1191 4350 1218 4416 Β)
1237 4350 1394 4416 intellectuat
1412 4353 1454 4402 tre
1472 4349 1548 4418 pezzi
1566 4349 1594 4402 di
1614 4349 1720 4418 dmppo
1739 4349 1822 4410 d’oro,
1840 4345 1930 4400 ornati
1951 4363 1970 4399 a
1987 4349 2107 4403 rieamo

433 4449 503 4503 colle
527 4451 673 4522 irnmagini
696 4469 712 4504 e
736 4453 775 4506 co'
799 4452 875 4507 nomi
899 4452 927 4505 di
950 4452 1052 4506 diversi
1071 4453 1180 4506 vescovi
1199 4453 1330 4506 Veroncsi
1416 4454 1533 4506 lavomti
1557 4471 1607 4522 per
1629 4455 1791 4506 ornamento
1815 4452 1878 4504 dell'
1900 4450 1994 4504 altare
2015 4470 2033 4506 ο
2054 4455 2106 4508 del

433 4554 556 4620 sepolcro
580 4555 623 4606 de'
642 4555 688 4608 SS.
708 4555 804 4608 Ferme
824 4573 839 4608 c
854 4555 968 4609 Rustico
985 4557 1060 4610 nella
1080 4557 1176 4608 nostra
1188 4556 1280 4610 chiesa
1292 4555 1320 4609 di
1340 4557 1366 4608 S.
1380 4556 1476 4608 Fer-ruo
1489 4556 1641 4626 Maggiore.
1721 4555 2106 4622 atrocissimam-810.
