4666 6406
922 390 968 444 DE
985 388 1101 444 REBUS
1120 391 1267 447 DIVINIS.

637 562 769 643 ‘Arma'‚
792 566 839 628 eit
850 564 872 644 ¹,
895 566 958 629 ‘ast
980 565 1077 651 aequi
1099 565 1218 631 dextra
1241 567 1401 653 laevaque
1425 578 1591 655 gerantur,

714 667 811 732 Miles
835 673 871 732 ut
892 667 1060 733 altithroni
1084 670 1187 735 vietor
1208 672 1373 757 utrimque
1397 673 1494 738 eluat.

553 789 579 827 ⁴⁵
635 771 701 835 Per
723 770 823 836 deous
846 771 921 836 hino
945 771 1079 853 clarum,
1101 794 1160 859 per
1182 773 1325 840 dedecus
1348 775 1425 842 inde
1447 799 1644 864 repressum,

717 873 890 941 (lemimur
912 874 1061 954 infames,
1085 877 1128 940 sit
1150 876 1237 942 bona
1259 877 1346 944 fama
1367 879 1473 946 bonis.

635 976 686 1042 Sit
709 976 918 1043 seductorum
940 984 1095 1064 tanquam
1119 981 1284 1046 sententia
1306 982 1374 1047 lata

720 1080 760 1146 In
782 1102 854 1162 nos,
878 1103 1014 1147 veraces
1036 1103 1096 1147 nos
1120 1088 1231 1148 tamen
1253 1105 1328 1150 esse
1351 1085 1456 1154 deoet.

636 1184 682 1250 At
704 1186 794 1251 velut
816 1186 931 1272 ignoti,
955 1185 1086 1251 tandem
1110 1209 1222 1252 sumus
1245 1189 1357 1274 agnita
1379 1191 1507 1276 plebes,

552 1309 577 1346 a
721 1287 768 1353 Ut
790 1289 984 1354 moribunda
1007 1311 1134 1371 manus,
1157 1291 1296 1358 vivimus
1321 1313 1399 1358 eece
1422 1301 1544 1361 tamen.

634 1390 725 1457 Casti
749 1399 843 1476 grata
866 1393 985 1458 oohors
1009 1413 1075 1458 non
1096 1394 1291 1460 mortificata
1313 1417 1493 1474 manemus,

720 1495 790 1562 Ceu
805 1498 929 1580 tristes,
952 1519 1084 1585 semper
1106 1500 1229 1566 laetula
1251 1502 1347 1568 turba
1368 1525 1490 1571 sumus.

633 1599 733 1664 Flens
756 1606 794 1665 ut
816 1621 917 1687 egens
941 1623 1068 1682 sumus,
1100 1609 1133 1668 et
1156 1603 1297 1670 ditemus
1321 1607 1507 1692 fragmine
1530 1611 1662 1692 multos,

717 1703 772 1769 Nil
796 1710 829 1769 et
851 1704 1003 1771 habendo
1025 1707 1151 1792 amplas
1174 1707 1406 1793 possideamus
1430 1713 1532 1797 opes’.

1046 2137 1140 2203 XVI.

523 2279 531 2321 ι
577 2258 637 2322 ΒΕ
661 2258 841 2324 FRUOTU
865 2259 1074 2325 CENTENO
1100 2259 1344 2327 SEXAGENO
1368 2260 1427 2326 ET
1449 2260 1659 2327 TRIOENO.

631 2378 694 2444 Est
717 2401 796 2466 ager
818 2380 980 2447 eeclesiae
1004 2387 1115 2467 partes
1138 2380 1312 2446 distinctus
1334 2383 1369 2447 in
1391 2381 1481 2464 istas,

717 2482 851 2550 Semina
874 2485 915 2550 de
938 2484 1063 2549 domini
1087 2506 1171 2571 quae
1194 2491 1246 2551 est
1269 2486 1412 2552 animata
1433 2487 1531 2552 bono.

630 2588 712 2652 Pars
735 2588 840 2674 prima
862 2593 913 2653 est
936 2593 1078 2668 eentum,
1101 2608 1177 2675 pars
1201 2609 1369 2673 sexagena
1391 2588 1545 2670 secunda,

715 2690 827 2756 Tertia
849 2691 1010 2755 tricenum
1033 2692 1180 2757 eontinet
1203 2691 1279 2758 inde
1301 2691 1465 2778 gradum.

562 2815 574 2853 s
634 2793 678 2860 Et
700 2794 805 2880 primo
828 2800 999 2880 pereunte,
1022 2795 1136 2881 nequit
1158 2816 1236 2860 mox
1258 2795 1306 2861 ire
1330 2796 1504 2880 secundus,

717 2897 783 2963 Sed
806 2898 933 2964 ratione
956 2899 1063 2964 looum
1087 2899 1205 2964 tertius
1229 2899 1403 2966 eiusadit.

629 3000 762 3068 Tertius
785 3008 819 3066 et
841 3003 982 3089 primum
1005 3003 1164 3088 sequitur,
1188 3004 1275 3069 huno
1298 3003 1375 3070 inde
1398 3005 1573 3087 secundus,

718 3104 785 3171 Sed
807 3111 917 3172 tamen
941 3105 982 3171 ad
1005 3107 1146 3193 primum
1170 3129 1267 3172 nemo
1290 3107 1397 3174 redire
1419 3111 1518 3178 valet.

630 3207 762 3274 Tertius
784 3229 827 3274 en
849 3210 1002 3274 miseram
1025 3210 1152 3294 linquit,
1175 3212 1260 3298 perit
1281 3217 1378 3297 atque
1401 3212 1574 3294 secundus,

549 3331 572 3370 ιο
717 3310 982 3397 Haudquaquam
1004 3312 1129 3397 primus
1153 3311 1212 3377 sed
1235 3313 1432 3399 repetendus
1456 3315 1529 3383 erit.

894 3539 912 3582 ιι
947 3515 1008 3581 DE
1031 3516 1191 3582 EADEM
1214 3517 1283 3583 RE.

627 3638 713 3703 Nam
737 3638 824 3704 bona
846 3639 917 3704 iure
938 3639 1060 3704 bonum
1084 3638 1205 3705 oeeidit
1228 3660 1302 3705 oum
1325 3661 1439 3706 semen
1461 3642 1495 3706 in
1517 3663 1605 3726 arva,

712 3741 809 3815 Quod
830 3741 979 3830 placidae
1003 3744 1127 3828 segetis
1150 3743 1235 3809 sevit
1257 3764 1368 3809 amore
1395 3750 1493 3826 sator,

628 3845 719 3911 Frux
741 3844 879 3912 terdena
902 3852 935 3911 et
958 3844 1106 3911 sexdena
1128 3851 1162 3912 et
1185 3853 1325 3912 centena
1346 3845 1541 3930 redundant,

709 3948 830 4015 Adfert
851 3970 934 4035 quae
956 3948 1034 4014 fidei
1057 3949 1182 4015 semine
1205 3949 1325 4015 mentis
1349 3970 1437 4035 ager.

559 4074 571 4108 ⁵
630 4052 782 4120 Terdena
803 4055 837 4119 in
859 4060 973 4142 nuptu,
996 4053 1030 4118 in
1054 4053 1160 4119 viduis
1185 4052 1331 4119 sexdena
1353 4061 1513 4136 coruscat,

711 4158 781 4224 Ista
803 4157 867 4224 duo
892 4165 1026 4246 superat
1047 4159 1164 4225 tertius
1189 4158 1268 4224 ordo
1290 4159 1379 4223 boni.

628 4260 673 4326 Et
694 4260 771 4327 data
791 4262 973 4348 virginibus
997 4263 1127 4329 centeni
1150 4262 1259 4347 gloria
1280 4260 1416 4342 fructus,

710 4366 934 4454 Martyrioque
957 4388 1050 4432 sacer
1072 4365 1222 4452 oongruit
1244 4366 1297 4431 hio
1320 4387 1486 4432 numerus.

628 4468 723 4545 Quod
746 4471 827 4535 satis
849 4471 884 4534 in
905 4471 1049 4536 numeris
1073 4469 1250 4555 digitorum
1272 4470 1404 4536 inflexio
1429 4470 1547 4557 signat,

547 4593 571 4634 ιο
712 4572 780 4638 Res
804 4578 838 4639 et
860 4574 902 4638 ab
925 4573 1068 4660 antiquis
1090 4573 1160 4639 iure
1183 4579 1315 4660 reperta
1337 4575 1426 4655 viris,

628 4675 777 4762 Namque
800 4675 900 4742 index
923 4698 1067 4742 summus
1090 4677 1209 4742 leviter
1231 4698 1305 4742 oum
1327 4676 1446 4764 polliae
1469 4677 1598 4742 iunctus

710 4781 897 4848 Terdenum
919 4783 954 4848 in
975 4782 1120 4848 numeris
1144 4781 1207 4847 seit
1230 4782 1373 4848 retinere
1395 4781 1514 4846 losum.

329 5056 400 5124 [XVI
410 5057 429 5127 1]
466 5057 482 5111 9
500 5051 563 5127 peut
575 5057 605 5122 S,
622 5059 688 5126 pam
707 5059 778 5112 Wau.

365 5193 391 5262 1)
413 5196 430 5249 2
451 5193 511 5249 Cor.
530 5194 581 5258 6,7
605 5210 655 5265 per
676 5213 754 5254 anuo
775 5195 901 5252 iustitiae
922 5211 940 5250 a
964 5194 1068 5250 dextris
1093 5198 1122 5250 et
1144 5212 1162 5250 a
1180 5195 1312 5259 sinistris,
1334 5195 1352 5248 8
1369 5210 1420 5264 per
1436 5193 1555 5265 gloriam
1573 5197 1602 5249 et
1619 5193 1842 5265 ignobilitates,
1864 5210 1914 5264 per

259 5294 406 5350 infamiam
431 5299 460 5350 et
477 5296 579 5352 bonam
595 5297 711 5353 famam:
738 5301 771 5353 ut
788 5298 946 5354 seductores
968 5300 998 5353 et
1020 5315 1144 5363 veraces,
1167 5297 1240 5353 sieut
1262 5297 1311 5366 qui
1329 5295 1420 5366 ignoti
1439 5298 1468 5350 et
1486 5295 1604 5366 cogniti:
1622 5297 1639 5352 9
1656 5296 1737 5367 quasi
1755 5297 1913 5362 morientes,

260 5401 290 5453 et
308 5415 378 5465 eece,
397 5399 524 5466 vivimus,
543 5404 576 5455 nt
594 5400 727 5471 castigati
744 5403 773 5456 et
785 5417 842 5456 non
853 5401 1025 5457 mortificati:
1045 5381 1079 5455 '10
1090 5401 1170 5470 quasi
1183 5400 1284 5464 tristes,
1303 5415 1411 5469 semper
1422 5401 1517 5453 autem
1528 5399 1694 5469 pandoniam
1706 5399 1779 5455 siout
1790 5403 1913 5472 egentes,

260 5502 363 5558 multos
390 5506 485 5558 autem
512 5505 729 5576 locupletantes,
760 5507 905 5575 tamqnam
931 5505 1004 5561 nihil
1030 5505 1178 5570 habentes,
1210 5507 1239 5559 et
1266 5504 1360 5559 omnia
1386 5503 1567 5574 possidentes.
1654 5503 1682 5572 2)
1709 5503 1809 5566 Mattfr.
1837 5503 1914 5568 18‚8

260 5604 325 5661 Alia
347 5609 441 5661 autern
467 5605 628 5662 ceciderunt
650 5608 680 5662 in
704 5611 806 5663 lsrram
828 5608 943 5674 bonam,
968 5611 997 5665 et
1014 5609 1121 5665 debant
1141 5609 1274 5675 fructum,
1298 5609 1375 5666 aliud
1393 5607 1586 5672 centesimum,
1608 5606 1686 5662 aliud
1704 5607 1914 5679 sexagesimum,

259 5708 337 5766 aliud
355 5707 537 5780 trigesimum.
