4666 6406
1063 384 1270 439 runcantur
1289 384 1464 438 CARMlNA.

807 559 945 644 Ingenio
969 566 1096 644 raptam
1119 557 1279 644 pecudem
1303 563 1493 642 vestemque
1517 557 1701 642 superbam,

890 665 955 730 Pro
978 664 1103 751 pecude
1128 671 1164 729 ut
1186 664 1346 751 pecudem
1370 663 1486 728 reddat
1508 664 1619 748 iniqua
1640 683 1765 726 manus.

806 768 869 832 Pro
892 769 989 834 niveo
1005 770 1106 834 vestis
1130 767 1285 834 reddatur
1305 767 1450 852 tegmine
1473 767 1586 846 vestis,

891 872 995 947 Quam
1019 871 1126 958 rapuit
1150 892 1249 936 saeva
1272 893 1331 936 seu
1353 870 1476 934 furiosa
1498 890 1624 936 manus.

1068 1095 1479 1106 mm...—

1215 1333 1323 1398 XXX.

847 1459 912 1530 AD
939 1458 1201 1536 MONACHOS
1229 1457 1401 1531 SANCTl
1427 1457 1688 1530 BENEDICTI.

811 1588 838 1672 I,
863 1613 937 1656 mea
958 1591 1082 1666 charta,
1106 1593 1196 1656 celer
1217 1591 1389 1656 Benedicti
1413 1590 1454 1655 ad
1476 1595 1564 1656 tecta
1586 1589 1702 1668 beati¹‚

892 1695 1031 1780 Hocque
1056 1697 1197 1760 salutato
1221 1703 1309 1761 tecta
1332 1696 1439 1760 revise
1461 1701 1601 1780 patrum.

809 1798 897 1863 Huic
921 1800 1077 1885 salveque
1100 1801 1238 1885 valeque
1262 1820 1381 1878 meum,
1404 1799 1481 1862 huic
1505 1798 1635 1882 singula
1656 1817 1761 1874 narra,

892 1902 1057 1988 Prospera
1080 1924 1164 1988 quae
1188 1902 1283 1967 nobis
1307 1910 1383 1967 sunt
1405 1902 1571 1966 tribuente
1594 1900 1667 1966 deo.

740 2028 752 2064 s
805 2005 884 2070 Inde
906 2006 992 2070 refer
1014 2008 1133 2070 multas
1157 2007 1257 2071 misso
1281 2028 1339 2092 pro
1362 2027 1497 2070 munere
1521 2011 1642 2089 grates,

890 2108 1000 2195 thue
1024 2109 1130 2174 libens
1154 2111 1263 2174 mittat
1285 2111 1388 2195 plura,
1412 2130 1548 2194 precare
1570 2107 1689 2172 libens.

808 2211 918 2297 thue
941 2215 1031 2299 pium
1054 2220 1229 2297 consurgat
1252 2233 1334 2299 opus
1358 2211 1547 2276 fundamine
1570 2211 1667 2291 iacto,

890 2315 984 2390 Quod
1007 2338 1060 2380 me
1084 2317 1148 2380 iam
1170 2317 1302 2396 mulcet,
1326 2316 1390 2380 iam
1411 2337 1486 2380 mea
1507 2313 1607 2388 eorda
1628 2315 1728 2398 fovet,

809 2417 859 2482 Sit
881 2419 998 2482 melius
1022 2421 1160 2498 culmen,
1184 2419 1289 2483 bonus
1314 2424 1348 2482 et
1369 2417 1568 2482 fundaminis
1591 2415 1681 2497 ordo,

729 2545 754 2582 ιο
898 2523 1003 2596 Quem
1027 2524 1150 2608 gemini
1172 2522 1298 2587 numeri
1323 2543 1458 2606 sorsque
1483 2520 1648 2606 decusque
1673 2525 1788 2584 sacrat.

809 2625 897 2691 Ecce
920 2626 984 2690 duo
1007 2626 1160 2691 monachi
1183 2627 1247 2689 duo
1271 2631 1348 2689 sunt
1371 2631 1548 2710 praecepta
1571 2623 1695 2704 salutis,

890 2729 1012 2793 Divino
1034 2736 1071 2793 ut
1093 2731 1223 2794 iunctus
1247 2730 1289 2792 sit
1312 2749 1442 2813 quoque
1466 2727 1575 2792 fratris
1598 2749 1699 2792 amor.

809 2831 870 2896 Est
893 2832 1079 2896 intellectus
1103 2833 1157 2896 cui
1181 2854 1254 2896 sese
1279 2832 1427 2917 operatio
1451 2830 1566 2915 iungit,

893 2936 947 3002 Sic
971 2936 1076 3002 ditant
1099 2938 1257 3001 famulum
1279 2935 1357 3000 bina
1380 2938 1504 3000 talenta
1525 2936 1657 3002 bonum.

729 3063 752 3100 a
811 3041 958 3126 Suntque
982 3041 1065 3106 duae
1088 3042 1185 3120 vitae,
1210 3063 1289 3125 quas
1312 3041 1396 3105 actio
1420 3040 1497 3104 bina
1520 3039 1686 3104 sororum²

894 3143 1016 3224 Innuit,
1040 3166 1077 3208 ac
1102 3145 1200 3208 etiam
1224 3145 1278 3208 lex
1301 3165 1387 3208 nova
1409 3144 1478 3208 sive
1501 3149 1607 3207 vetus.

808 3245 944 3332 Iamque
968 3269 1104 3333 operare
1128 3247 1245 3326 libens,
1269 3268 1330 3312 nec
1352 3245 1563 3311 fundamenta
1585 3245 1709 3324 timeto,

895 3352 991 3427 Quod
1016 3351 1278 3438 superaddideris
1303 3358 1368 3415 stat
1391 3349 1551 3414 solidante
1574 3348 1647 3428 deo,

809 3456 941 3521 Addere
965 3459 1059 3542 plura
1081 3464 1187 3543 potes,
1210 3455 1331 3542 poterit
1354 3455 1482 3520 nescire
1504 3454 1632 3518 ruinam

726 3581 752 3619 io
900 3559 1049 3640 Fabrioa,
1073 3581 1169 3645 quam
1192 3580 1347 3624 numerus
1371 3559 1512 3623 sustinet
1534 3558 1597 3622 iste
1621 3577 1724 3622 sacer.

811 3662 944 3729 Semina
966 3671 1002 3728 tu
1025 3671 1155 3729 nostros
1178 3663 1298 3728 misisti
1322 3683 1421 3748 parva
1443 3683 1503 3748 per
1525 3681 1632 3746 agros,

889 3767 1037 3830 Plurima
1059 3767 1166 3831 mitte:
1191 3788 1288 3851 seges
1313 3765 1387 3831 hinc
1410 3765 1471 3830 tibi
1494 3763 1626 3850 grandis
1650 3763 1722 3829 erit.

808 3868 903 3942 Quod
924 3869 987 3933 fuit
1008 3869 1166 3934 Ausoniis
1188 3869 1389 3934 Benedictus
1413 3874 1520 3933 rector
1542 3868 1575 3931 in
1598 3868 1696 3946 arvis,

891 3971 965 4035 Hoc
987 3970 1084 4035 modo
1108 3977 1143 4035 tu
1167 3972 1200 4035 in
1222 3972 1342 4035 nostris
1366 3992 1413 4052 es,
1437 3969 1628 4050 Benedicta
1651 3970 1743 4034 locis.

727 4095 753 4134 a
814 4075 887 4139 Non
911 4074 1012 4140 distes
1035 4076 1164 4152 merito,
1187 4075 1280 4139 cuius
1303 4095 1368 4140 non
1392 4073 1522 4138 nomine
1546 4072 1659 4152 distas,

894 4176 1045 4241 Nominis
1069 4185 1102 4242 et
1125 4177 1234 4242 meriti
1257 4199 1328 4242 sors
1350 4177 1428 4242 beet
1450 4197 1516 4240 una
1538 4175 1629 4241 duos.

546 4430 675 4485 82manet
687 4434 723 4498 Ji,
734 4438 936 4487 manuscorreei
954 4435 987 4487 84
1002 4446 1141 4502 aequaretur
1159 4439 1187 4486 in
1206 4437 1238 4486 H
1251 4437 1306 4487 sirie
1323 4439 1556 4488 interpellaveram
1574 4438 1675 4487 Primus
1684 4453 1790 4488 amoena
1808 4443 1899 4488 tenens
1910 4430 2091 4500 infroedeads'.

511 4533 604 4601 [XXX]
632 4553 664 4588 aa
687 4537 745 4588 edit.
764 4537 897 4590 Sir-incndi
915 4558 943 4605 p.
964 4537 1014 4590 174
1036 4541 1053 4590 l.
1072 4542 1096 4590 ll
1114 4559 1135 4590 a.
1153 4541 1189 4590 Vl
1280 4539 1403 4592 libanus
1426 4539 1506 4604 estS,
1533 4549 1559 4592 et
1581 4557 1647 4591 corr.
1666 4557 1798 4606 appear.
1896 4534 1930 4588 12
1948 4535 2093 4600 vinctusS,

443 4622 546 4673 iunctus
564 4640 622 4688 opp.
639 4641 695 4674 aar.
799 4623 833 4676 22
851 4626 893 4678 lric
911 4627 1040 4677 Mabillon
1058 4625 1137 4692 (Acta
1155 4625 1205 4678 SS.
1224 4629 1268 4691 IV,
1281 4625 1303 4692 l,
1316 4625 1377 4692 219)

546 4755 572 4822 l)
593 4756 745 4827 Collapsarn
763 4760 793 4813 in
802 4759 962 4815 Mitiacensi
979 4761 1006 4814 S.
1026 4761 1177 4815 Maximini
1193 4761 1321 4816 coenobio
1339 4762 1514 4831 disciplinam
1532 4765 1564 4815 nt
1579 4762 1735 4816 restitueret
1758 4757 1935 4827 mecenas,
1949 4757 2094 4810 mmactos

439 4859 599 4926 postularat
617 4877 635 4913 a
652 4860 804 4916 Benedicta
822 4864 991 4919 riniacensis
1009 4865 1169 4920 monasterii
1186 4865 1285 4919 abbate
1307 4865 1337 4918 in
1351 4865 1501 4934 provincia
1517 4865 1701 4919 Narbonensi.
1739 4863 1870 4934 Quicum
1888 4861 1958 4915 daos
1972 4858 2093 4928 pristim

441 4959 565 5030 misisset,
584 4963 634 5030 qni
650 4980 706 5017 rem
729 4965 850 5032 feliciter
867 4959 1039 5029 inchoarant,
1057 4982 1130 5020 nunc
1149 4967 1247 5035 plnres
1264 4968 1335 5020 mitti
1352 4971 1433 5036 rapot
1456 4970 1488 5020 ni
1504 4972 1600 5035 coepta
1617 4966 1774 5036 perficiant.
1815 4966 1877 5036 Qua
1894 4964 1928 5018 de
1945 4980 1976 5018 re
1993 4961 2093 5032 paucis

441 5071 540 5119 auctor
563 5067 636 5120 vitae
663 5068 691 5122 S.
718 5068 869 5122 Maximini
891 5069 919 5123 S.
950 5071 959 5134 (
966 5069 1101 5125 Matilica
1123 5072 1194 5124 Acta
1219 5070 1270 5124 SS.
1293 5074 1311 5123 Ι
1316 5073 1343 5134 V,
1369 5072 1398 5134 1,
1421 5071 1485 5136 219,·
1507 5071 1528 5124 I
1549 5071 1617 5140 590)
1643 5087 1692 5140 per
1719 5071 1879 5140 episcopum
1906 5068 2091 5124 Thecdulfum

442 5169 650 5224 Aurelianensis
669 5171 801 5226 ecclesiae
819 5174 975 5241 praesulem
993 5189 1026 5227 ex
1045 5173 1220 5242 Septimania
1238 5175 1368 5229 monachi
1387 5175 1502 5230 adducti
1521 5178 1587 5229 sunt
1605 5175 1762 5245 provincia,
1781 5175 1882 5244 quibus
1901 5177 1930 5228 et
1947 5174 2038 5228 locum
2055 5171 2091 5225 ad

441 5273 680 5342 recuperationem
703 5274 773 5328 sacri
797 5274 901 5329 ordinis
924 5274 1003 5328 dedit
1020 5279 1050 5328 et
1074 5292 1117 5328 res
1141 5275 1230 5330 eidem
1248 5277 1309 5330 loco
1333 5276 1400 5330 olim
1427 5277 1588 5341 attributas,
1606 5280 1742 5346 qnantum
1761 5277 1829 5331 satis
1848 5277 1937 5331 visum
1954 5277 2022 5344 fuit,
2040 5275 2091 5329 im·

441 5374 565 5444 percivit.
609 5376 652 5443 cs.
674 5377 799 5430 Arcena
823 5376 910 5430 vein
933 5378 961 5431 e.
982 5376 1125 5432 newarca
1148 5394 1170 5431 c.
1196 5380 1230 5432 ee
1252 5380 1299 5445 aa.
1318 5379 1371 5443 ιν,
1390 5381 1414 5443 1,
1432 5380 1493 5447 aas)
1518 5381 1688 5435 suessanus
1712 5397 1823 5450 quoque
1848 5365 2104 5436 enarrassem

440 5479 552 5547 praesul
576 5496 638 5532 curn
661 5480 859 5534 monasterium
882 5481 972 5534 sancti
994 5481 1141 5535 Maximini
1165 5486 1322 5537 construere
1341 5483 1434 5546 veliet,
1454 5501 1471 5536 a
1498 5483 1551 5537 iarn
1577 5485 1703 5553 praefato
1725 5485 1785 5538 viro
1809 5485 1934 5555 postulat
1955 5485 2091 5554 regularis

440 5579 607 5649 disciplinae
629 5580 745 5649 peritos:
768 5581 812 5636 cui
831 5599 894 5637 mox
916 5583 1064 5638 adsensum
1088 5585 1218 5653 praebuit
1240 5589 1270 5640 et
1288 5585 1331 5640 bis
1349 5587 1435 5640 denos
1454 5585 1497 5640 illi
1519 5587 1668 5641 monachos
1693 5588 1833 5656 praefecto
1853 5587 1987 5657 magistro
2005 5588 2089 5643 misit.

440 5681 468 5749 2)
486 5681 555 5736 Ine.
574 5683 615 5748 10,
629 5681 742 5738 38-42.
