4756 6412
714 117 760 170 DE
778 117 1002 173 VULPECULA.
1038 119 1085 172 DE
1103 120 1199 184 EQUO
1219 121 1386 177 PERDITO.

593 287 754 354 Sueverat
777 290 905 356 infestis
929 291 1037 377 vulpis
1061 297 1195 378 captare
1219 293 1342 379 rapinis

508 411 535 449 oo
679 393 838 479 Quaeque
860 392 1006 479 paranda
1027 395 1136 460 forent
1159 397 1231 481 quis
1254 397 1411 461 alimenta
1432 398 1521 463 viris.

592 495 636 559 Et
658 517 740 582 quac
763 497 853 562 mille
878 497 1010 563 trahens
1033 521 1159 585 pennas
1183 521 1332 586 expansa
1354 502 1481 569 colores

677 599 801 686 Gignit,
825 609 958 666 versuta
980 603 1063 668 baec
1088 625 1216 690 quoque
1240 606 1335 671 fauce
1357 614 1459 671 vorat.

592 703 713 768 Nescia
735 711 811 768 tuno
834 705 954 769 mansit
975 706 1208 769 monachorum
1231 704 1331 792 digna
1353 714 1495 790 caterva,

674 806 767 880 Quae
790 807 892 872 ferret
914 808 1019 893 pestis
1042 809 1122 872 talia
1145 807 1263 874 damna
1285 810 1359 876 sibi.

510 930 535 969 as
594 908 749 974 Protinus
772 911 929 995 aligeram
952 912 1061 996 rapuit
1083 912 1225 996 pellacia
1246 912 1354 998 vulpis

675 1013 849 1094 Gallinam,
873 1015 949 1078 hinc
972 1015 1078 1100 patuit
1100 1015 1224 1080 fraudis
1247 1025 1363 1102 operta
1385 1018 1447 1082 via.

592 1116 741 1181 Barbara
761 1116 949 1203 praedatrix
973 1118 1098 1203 pariter
1120 1139 1193 1182 cum
1217 1119 1361 1204 pondere
1384 1120 1526 1206 praedae

676 1219 805 1306 Stipitis
829 1221 861 1284 in
884 1228 977 1306 parte
1001 1227 1118 1306 sponte
1138 1221 1295 1307 pependit
1316 1221 1430 1287 hebes.

595 1323 720 1410 Sponte
742 1323 902 1410 pependit
923 1323 1038 1404 hebes,
1061 1325 1186 1388 cunctis
1210 1324 1343 1389 viduata
1365 1325 1560 1404 maeandris,

512 1448 538 1486 so
683 1426 866 1491 Fraudibus
890 1435 925 1490 et
946 1427 1045 1491 variis
1068 1427 1212 1512 undique
1236 1428 1309 1492 finis
1332 1434 1412 1493 erat.

595 1531 695 1595 Alitis
718 1531 777 1594 illa
799 1539 897 1617 caput
920 1552 1037 1595 recavo
1061 1538 1310 1617 consumpserat
1333 1554 1401 1613 ore,

678 1633 832 1699 Mansere
856 1635 980 1698 intacta
1002 1641 1114 1699 cetera
1135 1634 1283 1699 membra
1305 1635 1412 1699 simul.

594 1738 723 1804 Arbore
745 1759 886 1823 namque
910 1737 1026 1815 minor,
1049 1736 1151 1822 virgis
1175 1745 1246 1802 erat
1267 1738 1366 1803 altior
1387 1738 1492 1818 alnus,

676 1841 823 1906 Artificis
847 1862 911 1926 qua
933 1847 979 1920 tu,
1002 1863 1074 1926 pes,
1097 1839 1289 1905 retinendus
1311 1862 1396 1921 eras,

512 1966 537 2004 ss
593 1944 703 2008 Altius
724 1951 761 2008 ut
783 1944 887 2030 possit
909 1943 1096 2028 pertingere
1119 1941 1236 2006 dextra
1257 1942 1399 2008 levantis

678 2047 777 2128 Saxa,
801 2046 918 2132 quibus
940 2047 1051 2133 paries
1075 2052 1188 2131 surgat
1210 2045 1251 2110 ad
1274 2047 1341 2110 alta
1363 2046 1461 2112 celer.

593 2150 667 2214 Hac
688 2148 855 2236 pendebat
877 2156 972 2211 atrox
994 2146 1193 2233 praedatrix,
1216 2148 1319 2233 pestis
1344 2153 1377 2212 et
1396 2147 1473 2213 inde

679 2251 754 2317 Huc
777 2252 854 2316 illuc
878 2251 975 2314 torsit
997 2250 1082 2315 eolla
1105 2256 1268 2336 caputque
1292 2256 1446 2317 tremens.

594 2356 659 2421 His
681 2357 761 2420 visis
784 2353 906 2441 gaudet
927 2352 1160 2418 monachorum
1182 2353 1279 2417 tdrba
1300 2352 1418 2434 fidelis,

513 2481 539 2520 ro
681 2455 883 2522 Admiranda
905 2455 1020 2520 videns
1044 2455 1140 2540 signa
1161 2455 1294 2520 favente
1318 2454 1392 2520 deo.

596 2561 671 2642 Fur,
694 2560 807 2647 procul
830 2565 928 2644 atque
950 2558 1065 2643 procul
1086 2557 1162 2622 binc
1184 2559 1289 2623 omnis
1305 2558 1438 2638 abesto,
1460 2560 1606 2645 profane,

675 2663 854 2727 Daemonis
877 2682 968 2726 error
990 2660 1055 2742 abi,
1078 2662 1215 2747 angelus
1237 2662 1322 2727 alme
1345 2663 1432 2729 veni.

595 2766 742 2832 Inuidiae
765 2764 888 2852 pressis
911 2762 1040 2827 habitet
1063 2762 1238 2828 concordia
1260 2765 1347 2844 telis,

678 2869 783 2953 Inque
806 2868 870 2931 isto
893 2872 1011 2951 regnet
1033 2887 1175 2952 spesque
1199 2865 1345 2953 fidesque
1367 2869 1451 2933 loco.

512 2995 537 3034 a
597 2973 761 3057 Prospera
783 2988 933 3055 quaeque
956 2967 1037 3032 deus
1060 2968 1205 3034 tribuens
1228 2968 1368 3036 adversa
1389 2973 1538 3057 repellat,

675 3075 856 3139 Pasoantnr
878 3079 1007 3136 mentes
1029 3080 1173 3156 nectare,
1197 3073 1338 3157 Christe,
1363 3082 1429 3141 tuo.

852 3301 1263 3310 Ἣ

978 3523 1003 3558 s
1020 3521 1081 3586 LI.

825 3663 886 3737 DE
912 3663 1043 3753 EQUO
1068 3663 1290 3738 PERDITO.

599 3816 706 3901 Saepe
730 3815 787 3880 dat
809 3816 976 3901 ingenium
999 3814 1157 3900 quodvis
1181 3815 1329 3880 conferre
1352 3814 1504 3902 negabat,

681 3918 824 4004 Compos
848 3926 882 3984 et
903 3926 974 3984 arte
998 3924 1058 3995 est,
1081 3919 1136 4005 qui
1159 3918 1282 3983 viribus
1305 3919 1411 4004 impos
1433 3926 1514 3984 erat.

599 4019 760 4107 Ereptum
783 4021 870 4086 furto
894 4022 1055 4087 castrensi
1077 4021 1111 4084 in
1133 4019 1264 4086 turbine
1287 4020 1428 4106 quidam,

682 4126 818 4212 Aooipe,
842 4145 906 4210 qua
929 4127 1024 4190 miles
1048 4132 1119 4190 arte
1142 4125 1268 4209 recepit
1291 4145 1419 4210 equum.

528 4251 539 4287 τι
598 4227 707 4294 Orbus
730 4251 814 4314 equo
837 4230 883 4310 lit,
907 4251 1005 4316 preco
1029 4229 1094 4294 ciet
1116 4229 1178 4293 hac
1201 4229 1346 4315 compita
1367 4250 1464 4296 voce:

683 4330 850 4418 ‘Quisquis
872 4333 974 4398 habet
996 4339 1156 4414 nostrum,
1179 4331 1317 4398 reddere
1341 4338 1447 4398 certet
1470 4355 1599 4420 equum.

597 4433 656 4498 sin
678 4435 770 4516 alias,
792 4441 884 4500 tanta
904 4436 1022 4501 faciam
1043 4437 1170 4500 ratione
1194 4442 1336 4517 coactus,

685 4537 781 4611 Quod
802 4545 915 4604 noster
937 4539 1043 4604 Roma
1064 4538 1144 4604 fecit
1165 4539 1199 4601 in
1221 4537 1302 4603 urbe
1325 4539 1439 4623 pater)

598 4641 667 4706 Res
689 4647 800 4707 movet
821 4642 903 4708 haec
927 4665 1050 4724 omnes,
1074 4649 1107 4708 et
1130 4663 1248 4727 equum
1270 4641 1323 4706 fur
1345 4641 1422 4706 sivit
1442 4640 1543 4722 abire,

518 4767 543 4804 ro
690 4742 777 4808 Dum
801 4765 860 4808 sua
881 4745 934 4809 vel
957 4745 1070 4832 populi
1096 4743 1215 4809 damna
1237 4743 1387 4829 pauenda
1408 4744 1513 4810 timet.

598 4849 696 4915 Hunc
719 4850 816 4915 herus
838 4857 875 4915 ut
899 4852 1031 4937 reperit,
1054 4849 1176 4936 gaudet
1198 4849 1387 4935 potiturque
1410 4855 1552 4932 reperto,

687 4953 930 5040 Gratanturque
953 4955 1012 5036 illi,
1036 4954 1109 5039 quis
1131 4959 1239 5017 metus
1262 4956 1340 5017 ante
1362 4951 1433 5016 fuit.

340 5128 388 5134 ,,-,
1170 5127 1278 5133 —......
1600 5122 1778 5130 —-—.--.....-

305 5243 360 5311 [LI]
383 5261 414 5295 ex
432 5244 486 5296 cod
505 5244 609 5296 amam.
627 5242 695 5296 6911
710 5248 736 5312 s.
757 5244 821 5312 102,
844 5249 883 5299 ed.
904 5247 1024 5298 Pithoeus
1041 5245 1240 5312 Epmramnrota
1262 5253 1286 5296 ct
1302 5243 1436 5296 Poematia
1452 5251 1538 5295 vetem
1558 5260 1585 5307 p.
1602 5237 1668 5304 486,
1694 5239 1772 5292 Sir-m.
1786 5259 1815 5308 p.
1836 5239 1886 5293 199

236 5333 253 5382 l.
276 5333 314 5382 111
340 5349 361 5381 c.
384 5333 421 5381 m
447 5333 486 5382 De
513 5331 624 5396 quodam
651 5331 743 5398 milite,
774 5335 819 5401 qui
846 5335 972 5402 perditum
999 5349 1094 5398 equum
1120 5331 1225 5398 ingenio
1252 5331 1352 5396 reperit
1473 5325 1491 5378 5
1516 5328 1617 5394 cietque
1639 5327 1672 5378 ad
1698 5329 1808 5396 compita
1832 5325 1889 5379 ΡΒ

235 5417 374 5476 9οἰιιίιΜ
475 5414 508 5468 11
526 5417 575 5468 His
592 5417 714 5468 eerusM
815 5418 848 5470 12
865 5419 976 5487 queisP
