4756 6412
450 387 589 446 VERSUS
607 387 731 446 ADFIXI
750 389 859 446 BllEVl
878 387 1062 448 CHRONICO
1083 389 1181 459 QUOD
1200 391 1329 449 BIBLIIS
1349 379 1537 451 ADIECTUM
1557 393 1650 451 FUIT.

586 565 772 632 Nomionis
796 567 858 632 hoc
880 568 1030 653 gemmis,
1054 589 1133 633 auro
1157 568 1360 654 splendescit
1382 576 1417 634 et
1439 568 1555 650 ostro¹,

657 669 887 758 splendidiore
910 682 1021 736 tamen
1044 672 1132 737 intus
1155 672 1280 738 honore
1303 673 1411 739 micat.

520 796 531 832 s
594 773 666 847 Quo
689 782 765 861 post
787 775 970 840 catholicae
993 775 1181 840 veneranda
1203 776 1369 841 volumina
1391 777 1475 863 legia

670 877 778 942 Parva
800 884 892 944 tenet
914 878 1077 943 modicum
1101 878 1245 965 scriptio,
1269 901 1378 961 cerne,
1402 881 1520 947 locum.

591 981 724 1048 Scilicet
746 982 840 1047 initio
865 1004 998 1048 sumens
1023 982 1159 1048 exordia
1182 983 1223 1048 ab
1247 984 1319 1068 ipso

668 1085 732 1150 Per
754 1092 883 1172 patrum
906 1093 940 1151 ct
962 1107 1076 1170 regum
1099 1087 1232 1151 nomina
1254 1087 1339 1152 texit
1361 1087 1470 1173 opus².

588 1184 633 1251 Et
654 1195 746 1252 notat
769 1210 928 1253 annorum
951 1210 1132 1270 numerum,
1156 1196 1249 1255 notat
1271 1190 1384 1254 ordine
1407 1211 1517 1275 regna,

508 1313 533 1350 ιο
679 1291 790 1356 Eraeli
813 1293 977 1378 princeps,
1001 1300 1131 1379 tempus
1153 1292 1195 1356 ad
1218 1314 1322 1377 usque
1345 1299 1447 1358 tuum.

588 1394 756 1481 Castaque
778 1394 835 1459 dat
855 1396 971 1481 paucis
994 1396 1159 1460 reminisci
1182 1396 1322 1482 plurima
1344 1396 1468 1462 verbis:

673 1499 729 1564 Sic
751 1499 878 1564 modico
902 1500 935 1564 in
959 1506 1041 1564 nutu
1064 1499 1187 1585 grande
1210 1506 1342 1568 notatur
1364 1522 1458 1586 opus.

589 1603 676 1668 Hinc
698 1602 855 1689 adaperta
878 1602 995 1668 sedent
1014 1603 1169 1670 Hebreae
1193 1605 1325 1669 nomina
1348 1604 1492 1689 linguae,

672 1706 764 1780 Quae
787 1728 901 1771 sacrae
924 1706 1008 1791 legis
1032 1708 1163 1772 inolitus
1186 1728 1265 1772 usua
1288 1707 1415 1772 habet³.

520 1831 531 1868 a
589 1810 701 1874 Attica
722 1816 798 1895 post
820 1808 980 1889 resident,
1004 1809 1080 1875 fidei
1103 1832 1187 1895 quae
1211 1810 1319 1897 prisca
1342 1811 1506 1875 vetustas⁴

672 1912 835 1995 Contulit,
858 1914 1021 1980 ecelesiae
1045 1915 1117 2000 quis
1141 1915 1325 1980 vocitantur
1347 1936 1438 2001 opcs.

590 2015 769 2081 Conficitur
790 2016 886 2081 Latio
910 2017 951 2081 de
975 2019 1107 2082 nomine
1131 2018 1249 2083 silvula
1272 2040 1381 2104 parva,

673 2117 765 2192 Quae
789 2121 900 2205 magni
922 2121 1047 2186 fructus
1071 2120 1218 2207 pondera
1240 2120 1339 2206 digna
1367 2121 1469 2186 vehit.

591 2221 736 2310 Corpore
760 2223 820 2287 sub
844 2245 945 2310 parvo
967 2226 1123 2310 mysteria
1148 2246 1266 2310 magna
1290 2225 1473 2290 retentant⁵

679 2328 773 2396 Heae
797 2352 860 2412 res,
885 2352 965 2416 quas
988 2330 1083 2396 limes
1107 2329 1229 2396 codicia
1251 2331 1349 2396 huius
1372 2331 1482 2396 habet.

590 2432 653 2498 His
676 2434 808 2498 fluvium
830 2435 914 2519 legis
938 2435 1059 2520 poterit
1081 2434 1221 2499 lustrare
1244 2434 1395 2514 lucernis,

672 2537 838 2612 Quaerere
861 2539 916 2624 qui
939 2539 1049 2625 pisces
1073 2538 1156 2624 legis
1182 2539 1216 2602 in
1238 2559 1334 2603 amne
1358 2538 1458 2624 cupit.

590 2640 732 2706 Retibus
755 2642 807 2706 his
830 2642 952 2727 poterit
974 2643 1152 2728 pretiosam
1177 2640 1339 2728 prendere
1362 2640 1527 2728 praedam,

675 2745 741 2810 Ars
765 2753 816 2812 est
839 2746 891 2810 eui
914 2747 948 2810 in
971 2753 1086 2811 sancta
1108 2767 1269 2832 quaerere
1294 2745 1369 2831 lege
1393 2744 1512 2811 eibum.

508 2873 534 2910 a
594 2848 668 2915 Non
694 2850 764 2930 has,
789 2850 893 2915 lector
916 2871 1028 2931 ovans,
1053 2851 1148 2936 quasi
1170 2849 1331 2934 quaedam
1354 2849 1432 2914 vilia
1456 2854 1600 2935 tempne,

668 2954 754 3019 Vilia
776 2975 846 3019 rem
870 2955 1016 3040 pulcram
1038 2975 1136 3040 capsa
1158 2960 1271 3019 tenere
1295 2954 1397 3018 solet:

590 3058 715 3122 Ferrea
736 3079 812 3121 nam
835 3057 946 3136 clavis,
969 3056 1011 3122 de
1034 3057 1091 3120 vili
1113 3058 1200 3121 iacta
1222 3058 1366 3132 metallo,
1396 3115 1401 3122 .

675 3159 815 3246 Argenti
838 3167 936 3246 atque
960 3161 1031 3225 auri
1053 3160 1111 3224 dat
1133 3169 1307 3246 penetrare
1330 3161 1449 3225 locum.

592 3261 749 3348 Quaeque
773 3270 825 3328 est
847 3264 991 3328 servanti
1015 3285 1073 3328 seu
1097 3264 1225 3327 sarcina
1247 3284 1349 3349 parva
1372 3262 1503 3341 ferenti,

682 3366 754 3440 Quo
778 3367 887 3451 graus
911 3373 963 3432 est
985 3368 1083 3453 pretii
1106 3369 1236 3431 sarcina
1257 3374 1418 3432 monstrat
1441 3367 1515 3432 iter.

592 3469 663 3534 Nco
685 3469 745 3533 tibi
769 3468 974 3555 displiceant,
998 3471 1150 3555 quoniam
1174 3478 1251 3535 sunt
1273 3491 1409 3558 corpore
1433 3491 1549 3557 parva:

672 3574 832 3659 Tegmine
856 3575 917 3639 sub
940 3596 1040 3662 parvo
1063 3575 1208 3661 pondera
1229 3587 1350 3662 'magna
1372 3577 1501 3641 latentl.

592 3677 675 3741 Nam
699 3678 835 3742 modicis
859 3679 960 3743 clavis
983 3678 1116 3763 grandis
1141 3686 1304 3744 structura
1327 3686 1467 3758 tenetur,

676 3780 840 3846 Marculus
864 3788 897 3846 et
919 3803 1039 3868 parvus
1062 3803 1181 3866 magna
1203 3782 1338 3847 metalla
1360 3782 1469 3868 politl.

524 3906 535 3942 a
595 3881 650 3948 Sic
673 3890 805 3969 segetes
829 3905 967 3970 magnae
990 3893 1169 3950 nascuntur
1192 3885 1316 3950 semine
1340 3906 1453 3970 parvo,

674 3987 807 4052 Pondus
830 3994 864 4052 et
886 3988 1058 4053 arboreum
1080 3989 1229 4074 germine
1253 3988 1359 4072 deque
1383 3989 1459 4054 levi.

594 4090 756 4156 Obstrusa
778 4093 945 4178 aperiunt,
968 4092 1179 4179 panduntque
1203 4092 1341 4157 latentia
1362 4093 1466 4178 plura,

675 4194 846 4281 Parvaque
870 4197 1021 4261 velamen
1042 4196 1168 4281 ungula
1190 4193 1314 4282 grande
1337 4196 1436 4260 levat.

594 4297 749 4382 Quosque
774 4303 889 4363 tonent
911 4299 1008 4364 flores
1031 4299 1189 4363 librorum
1212 4297 1348 4384 grandia
1370 4306 1474 4384 prata,

510 4422 537 4458 ro
679 4399 731 4463 En
755 4400 851 4464 simul
874 4400 927 4466 hic
951 4401 1098 4465 calathus
1123 4400 1179 4466 dat
1201 4401 1276 4465 tibi:
1301 4421 1398 4485 carpe
1422 4405 1546 4464 manu⁸.

595 4502 695 4568 Utere
719 4524 780 4569 seu
803 4503 893 4584 salix,
916 4510 954 4568 ut
977 4505 1022 4568 sis
1045 4504 1173 4569 felicior
1196 4505 1278 4590 ipsc,

677 4606 785 4681 Quum
807 4613 864 4671 tua
890 4614 1066 4693 perpetuas
1090 4607 1158 4672 vita
1181 4613 1333 4694 capesset
1355 4628 1447 4693 opes.

332 4882 347 4934 7
371 4885 398 4934 in
422 4885 524 4936 initium
537 4884 570 4934 M
644 4885 777 4936 exordium
796 4886 830 4935 M
835 4886 864 4936 F
973 4885 991 4937 8
1014 4904 1059 4954 per
1081 4895 1208 4954 petratum
1221 4885 1254 4936 M
1367 4882 1400 4934 12
1422 4893 1486 4936 notu
1499 4884 1527 4935 F
1640 4885 1672 4937 13
1694 4889 1804 4954 haabroq
1818 4891 1842 4940 A
1855 4890 1889 4940 M

230 4965 262 5019 14
279 4970 385 5021 inclitur
398 4969 427 5020 F
479 5031 481 5036 ,
542 4968 575 5022 15
601 4971 725 5022 DiticaF
846 4970 879 5024 16
897 4972 1004 5024 eclesiae
1022 4973 1047 5023 B
1167 4971 1200 5024 21
1219 4973 1358 5040 plurimmn
1384 4972 1449 5039 legis
1478 4972 1608 5038 poterisrl
1729 4973 1763 5026 ‘23
1778 4979 1888 5043 pretiosa

141 5041 144 5048 ¹
228 5057 351 5122 prqndcrc
364 5057 403 5121 dl,
425 5059 561 5124 pretiosam
579 5057 604 5107 B
718 5057 753 5110 25
775 5059 838 5110 uilia
861 5077 953 5126 sperno
971 5061 996 5110 A
1112 5059 1146 5111 29
1164 5079 1199 5110 on
1223 5064 1288 5111 ceu?
1402 5056 1436 5109 33
1454 5058 1573 5110 clunibus
1591 5058 1620 5109 F
1731 5057 1766 5112 36
1783 5063 1888 5114 Pondus

227 5143 247 5193 it
260 5144 283 5192 A
294 5142 328 5193 Μ
426 5141 461 5194 38
478 5143 616 5211 virgulaS
718 5143 753 5196 40
770 5147 852 5212 pando
869 5163 974 5197 inanum
987 5146 1016 5197 F
1114 5144 1147 5198 41
1166 5165 1218 5212 quo
1236 5147 1270 5196 sis
1283 5145 1306 5197 S
1408 5143 1443 5196 42
1460 5146 1526 5196 Cum
1539 5144 1568 5195 F

333 5297 358 5364 l)
385 5296 461 5367 Verp.
476 5298 544 5350 Aera.
562 5296 582 5349 1
587 5295 616 5362 V,
626 5297 676 5350 134
694 5301 824 5367 ostroque
842 5299 961 5370 insignis
980 5301 1010 5352 et
1027 5315 1103 5352 auro.
1156 5299 1183 5364 2)
1204 5297 1433 5368 Clrroaoproptio
1451 5296 1525 5353 beati
1543 5297 1655 5352 Isidori.
1709 5297 1735 5366 3)
1754 5297 1889 5352 Frrclrrrii

228 5401 390 5469 opusculum
412 5400 445 5454 dc
466 5401 692 5469 interpretatione
716 5402 917 5458 Hebraicorum
940 5405 1080 5457 aomina-m
1102 5409 1127 5456 et
1152 5401 1329 5456 Graecorum.
1415 5402 1443 5468 4)
1468 5401 1517 5455 Oo.
1543 5401 1592 5454 Ex
1618 5401 1708 5454 Ponto
1731 5403 1888 5470 111,1‚115

229 5504 319 5572 prisca
339 5505 469 5558 vetustas.
544 5504 572 5570 i»)
593 5502 738 5559 Melitorria
757 5506 881 5577 episcopi
899 5506 1048 5560 Sordencis
1065 5505 1152 5560 cloria
1170 5505 1295 5559 verritur
1314 5503 1490 5574 sequentibus
1507 5502 1704 5570 adumbratur,
1727 5504 1833 5574 dequo
1851 5507 1888 5574 cs.

229 5606 311 5659 Pitra
334 5606 511 5674 spicilegium
536 5606 647 5660 Solesm.
674 5611 714 5676 ΙΙ,
729 5609 855 5666 XXXV.
974 5611 1002 5676 6)
1026 5609 1063 5662 Ia
1087 5608 1268 5661 codiciburA
1293 5614 1318 5661 et
1337 5607 1364 5660 B
1388 5607 1513 5676 requitur
1534 5613 1598 5674 post
1622 5607 1763 5662 Melitoru's
1789 5611 1889 5663 clavem

230 5711 376 5780 Speculum
394 5711 486 5763 donini
504 5710 662 5780 Arrpustini.
750 5714 777 5782 i)
798 5715 840 5783 Cf.
861 5713 964 5768 isidor.
985 5713 1079 5784 Oripp.
1099 5714 1178 5780 XIX,
1193 5713 1251 5768 Ul.
1321 5715 1348 5778 8>
1367 5714 1436 5764 Aea.
1462 5713 1507 5776 VI,
1526 5711 1576 5764 1445
1594 5711 1683 5780 Carpe
1701 5730 1794 5766 manu.

1625 5806 1682 5860 68*
