4628 6428
1119 451 1268 510 ALCUINI
1286 451 1462 510 cennius.

769 652 781 688 s
837 629 910 694 Non
934 651 995 715 ogo
1019 651 1122 716 parva
1143 631 1221 710 tuis,
1252 635 1377 707 rector,
1410 627 1603 692 munuscula
1624 625 1714 711 gazis

918 736 1046 812 infero,
1080 758 1222 822 persona
1245 737 1288 800 sit
1311 758 1386 800 mea
1408 756 1508 821 parva
1530 734 1618 799 licet.

834 837 972 903 Munera
994 839 1052 904 sed
1076 839 1198 904 domini
1221 839 1419 904 caelestibus
1442 838 1565 922 inclyta
1587 835 1682 899 dictis

915 942 1014 1006 Porto
1037 943 1098 1007 tibi
1119 944 1242 1029 plenis,
1272 944 1393 1028 optime
1416 963 1497 1021 rex,
1529 938 1689 1004 manibus.

833 1046 960 1133 Nempe
982 1069 1087 1112 novae
1110 1068 1148 1111 ac
1171 1047 1293 1111 veteris
1316 1047 1439 1133 pariter
1461 1047 1515 1132 pia
1537 1045 1659 1108 famina
1679 1042 1795 1127 legis¹

754 1170 778 1207 10
919 1149 959 1214 In
981 1151 1044 1215 hoc
1066 1150 1249 1215 conduntur
1271 1172 1408 1237 corpore
1432 1150 1553 1236 quippe
1577 1169 1679 1212 sacro.

835 1251 929 1318 Haeo
952 1275 1014 1339 ogo
1037 1262 1131 1340 porto
1154 1255 1262 1319 libens
1285 1254 1326 1318 ad
1351 1261 1465 1319 sancta
1488 1251 1630 1317 sacraria
1651 1249 1780 1336 templi,

920 1356 1015 1430 Quod
1037 1366 1095 1423 tua
1117 1380 1210 1423 mens
1234 1359 1362 1423 noviter
1385 1357 1531 1422 condidit
1553 1357 1638 1419 alma
1660 1354 1734 1417 deo.

834 1460 1003 1526 Laudibus
1026 1469 1062 1526 ut
1083 1469 1216 1549 praesto
1240 1461 1362 1526 Christi
1387 1462 1430 1525 sit
1454 1480 1587 1545 semper
1608 1459 1642 1521 in
1664 1457 1731 1520 illo.

915 1564 983 1630 Iste
1006 1567 1091 1631 liber
1108 1588 1273 1631 resonans
1296 1565 1398 1630 verba
1421 1585 1563 1651 superna
1584 1561 1647 1628 dei.

1278 1801 1309 1844 ιν

834 1881 965 1945 Nauta²
987 1883 1074 1948 rudis
1097 1884 1208 1969 pelagi
1230 1890 1266 1947 ut
1289 1883 1397 1947 saevis
1421 1889 1553 1968 ereptus
1576 1881 1617 1945 ab
1640 1879 1737 1944 undis

917 1985 958 2050 In
980 1995 1109 2073 portum
1132 1987 1268 2052 veniens
1292 1994 1426 2073 pectora
1448 1987 1536 2051 laeta
1557 1991 1663 2050 tenet:

835 2089 889 2154 Sic
913 2091 1052 2177 scriptor
1074 2091 1182 2155 fessus
1206 2091 1365 2154 calamum
1388 2088 1450 2154 sub
1474 2091 1563 2154 calos
1587 2089 1709 2152 laboris

916 2193 1096 2280 Deponeus
1119 2193 1241 2258 habeat
1262 2199 1397 2279 pectora
1418 2194 1505 2256 laeta
1528 2192 1617 2257 satis.

766 2317 778 2352 s
836 2296 897 2361 Ille
925 2297 987 2362 deo
1015 2297 1103 2362 dicat
1131 2305 1241 2384 grates
1271 2319 1330 2385 pro
1362 2298 1485 2382 sospite
1514 2297 1591 2374 vita,

917 2400 1046 2486 Proque
1069 2402 1192 2466 laboris
1216 2408 1293 2488 agat
1314 2403 1377 2466 iste
1401 2401 1451 2466 sui
1472 2401 1596 2486 requie.

1284 2637 1305 2679 v

834 2719 956 2805 Perge,
985 2719 1097 2784 libelle
1121 2740 1231 2801 sacer,
1261 2720 1386 2784 cunctis
1408 2720 1605 2807 praeclarior
1627 2717 1732 2795 odis-²,

915 2823 1096 2908 Prospere,
1128 2824 1264 2909 pacifice
1287 2844 1373 2888 nunc
1395 2825 1570 2888 miserante
1594 2823 1666 2888 deo.

833 2925 878 2990 Et
900 2933 976 3012 pete
1001 2928 1160 3012 praeclari
1183 2929 1353 3012 praeclara
1376 2929 1498 3014 palatia
1521 2928 1618 3013 regie,

918 3030 963 3094 Ut
985 3052 1119 3095 mancas
1142 3029 1264 3094 Christi
1288 3053 1420 3117 semper
1439 3033 1473 3095 in
1496 3032 1577 3096 aode
1601 3051 1702 3094 sacra.

766 3155 778 3190 i
835 3133 945 3217 Atque
966 3132 1020 3198 dei
1043 3135 1173 3198 famulis
1195 3135 1286 3220 pacis
1309 3135 1359 3199 fer
1381 3154 1517 3200 munera
1540 3135 1675 3214 cunctis,

916 3236 1065 3301 Dextera
1088 3259 1170 3323 quos
1194 3237 1316 3302 domini
1340 3246 1491 3324 protegat
1513 3246 1611 3324 atque
1634 3244 1737 3321 regat.

834 3341 924 3414 Quos
948 3343 1020 3406 colo
1045 3342 1158 3421 corde,
1187 3342 1268 3423 fide,
1298 3349 1412 3407 sancto
1441 3364 1570 3428 quoque
1601 3362 1731 3426 semper
1753 3363 1877 3406 amore

918 3445 1000 3509 (lum
1023 3445 1166 3510 lacrimis
1190 3453 1322 3531 optans,
1345 3447 1545 3530 mulgeant,
1569 3447 1708 3510 valeant.
1753 3444 1863 3512 Finit.

830 3703 885 3758 ιν·
924 3692 1045 3782 [Nauto
1067 3694 1158 3759 rudis
1181 3696 1291 3782 pelagi
1315 3743 1519 3760 .......
1544 3696 1593 3759 sui
1617 3691 1752 3780 requie]

833 3833 908 3897 Una
930 3833 1061 3918 quidem
1084 3833 1213 3896 bonitas
1237 3833 1368 3918 proprio
1392 3834 1478 3918 regit
1502 3834 1611 3896 omnia
1632 3839 1713 3896 nutu

834 3935 927 4008 Quae
950 3943 1041 4017 sunt,
1065 3958 1148 4021 quae
1171 3937 1305 4001 fuerunt
1328 3944 1360 4001 ot
1384 3957 1466 4021 quae
1490 3943 1628 4000 ventura
1651 3934 1838 4000 trahuntur.

834 4040 912 4126 lpse
935 4039 1056 4125 quippe
1079 4061 1231 4118 manens,
1260 4040 1306 4104 nil
1328 4040 1486 4103 variabile
1510 4040 1660 4124 gignens,

754 4163 778 4199 10
839 4142 934 4206 Haec
958 4150 1009 4206 est
1030 4163 1109 4206 vera
1132 4143 1236 4222 salus,
1259 4141 1341 4206 haec
1364 4149 1415 4206 est
1438 4148 1472 4206 et
1494 4143 1560 4205 vita
1582 4141 1689 4218 beata,

833 4245 887 4310 Ad
912 4266 1009 4330 quam
1032 4267 1089 4308 vos
1113 4247 1199 4331 capti
1223 4245 1322 4309 rebus
1347 4245 1530 4309 concurrite
1553 4246 1657 4324 vanis,

835 4348 992 4434 Improba
1014 4369 1096 4432 quos
1120 4350 1240 4412 retinet
1263 4350 1390 4412 vinctos
1413 4349 1446 4411 in
1468 4354 1579 4412 monto
1602 4349 1762 4433 voluptas.

833 4454 927 4518 Haec
951 4454 1023 4531 orit,
1047 4451 1130 4516 haec
1153 4453 1284 4536 requies
1307 4452 1409 4517 vestri
1432 4453 1497 4515 iam
1520 4459 1610 4516 certa
1632 4451 1764 4528 laboris,

833 4557 899 4621 Hic
922 4562 1036 4642 portus
1059 4554 1188 4639 placida
1210 4556 1304 4619 vobis
1327 4555 1467 4619 statione
1490 4555 1678 4639 perhennis,

755 4681 778 4716 1⁵
836 4660 910 4724 Hoc
933 4659 1062 4743 asylum
1084 4658 1213 4721 miseris
1237 4659 1336 4722 etiam
1360 4664 1451 4742 patet
1474 4658 1623 4721 omnibus
1647 4657 1745 4722 horis.

835 4762 909 4826 Hoc
933 4767 1028 4846 pater
1051 4766 1083 4824 et
1106 4766 1213 4840 natus,
1235 4761 1297 4824 hoc
1321 4766 1428 4824 estet
1451 4760 1584 4845 spiritus
1608 4762 1723 4842 almus,

772 4851 773 4854 Ἴ
796 4889 798 4892 ·
834 4864 909 4930 Rex
932 4883 1018 4927 unus
1041 4863 1264 4948 omnipotens,
1292 4885 1377 4927 uuus
1402 4864 1462 4927 sub
1485 4865 1616 4928 nomine
1640 4865 1739 4938 trino;

574 5043 605 5048 ..-
627 5041 779 5047 -.,---...-,-
794 5042 856 5046 ..--
868 5043 876 5046 .
887 5040 939 5045 .......-
1126 5038 1676 5049 Ὴ--Ἣῌ--ἁ-ῄῃ-
1687 5045 1706 5049 ,..
1715 5045 1809 5052 -Η-,-

571 5157 580 5224 ll
604 5155 649 5222 [iv]
668 5157 738 5207 (isui
755 5157 807 5206 iam
826 5158 874 5224 lepi
891 5176 944 5207 noaz
953 5163 1037 5222 potest
1054 5156 1119 5206 inc
1230 5157 1240 5221 ll
1262 5156 1331 5224 [w]
1351 5157 1385 5207 In
1403 5161 1488 5210 codice
1505 5162 1638 5211 biblios-ans
1655 5164 1734 5212 osiaci
1750 5163 1881 5218 Britanno.
1896 5172 1980 5226 Adra.
1998 5181 2069 5232 MS,
2085 5181 2178 5234 10545

467 5261 486 5295 s.
500 5246 545 5294 lx.
558 5241 659 5310 s.‚448¹
673 5251 733 5308 post
750 5245 919 5310 apocalypsin
937 5250 1079 5306 aequilatus·
1096 5242 1123 5292 lsi
1139 5259 1234 5305 vereris,
1252 5261 1360 5309 quorum
1373 5262 1441 5308 pars
1459 5247 1509 5296 lans
1528 5265 1608 5312 sapma
1626 5249 1749 5313 impressa
1765 5259 1809 5301 est.

572 5427 598 5492 1)
625 5426 669 5494 Cf.
689 5427 802 5480 Alcuim'
825 5443 923 5486 versas
947 5429 978 5480 ia
1003 5424 1179 5494 bibliaiafra
1193 5443 1223 5496 p.
1241 5428 1293 5481 288
1310 5429 1390 5510 υ.29
1418 5431 1518 5484 Omnia
1535 5451 1658 5514 nonique
1674 5451 1762 5487 novae
1780 5451 1814 5488 ac
1834 5443 1953 5496 veteris
1975 5449 2033 5517 pia
2062 5455 2178 5509 samin„

469 5526 548 5594 legis.
620 5527 648 5592 2)
672 5526 775 5580 Versus
788 5536 932 5597 sequentes
951 5529 1114 5595 saepissime
1131 5530 1161 5580 ia
1178 5531 1318 5584 codicibus
1336 5534 1532 5602 arsinuscriptis
1551 5541 1709 5598 occsasaal,
1733 5536 1770 5602 cf.
1790 5539 1902 5608 Haqen
1927 5549 2073 5623 Caraloy.
2094 5559 2178 5612 codd.

470 5626 554 5680 Rern.
572 5627 632 5678 279.
719 5628 746 5693 3)
775 5631 817 5696 tls.
841 5631 982 5699 Tlssadalfi
1004 5645 1074 5682 om.
1093 5631 1130 5682 ad
1150 5631 1238 5684 Carol.
1262 5633 1343 5702 (Opp.
1364 5636 1404 5687 ed.
1425 5637 1554 5691 Sirsaood
1567 5657 1597 5710 p.
1616 5641 1672 5704 ou:
1696 5639 1796 5706 Perge,
1821 5640 1948 5708 libello.
1971 5657 2058 5711 celer
2079 5663 2180 5716 Caroli

474 5726 510 5778 ad
528 5726 650 5792 vestigia
668 5727 743 5781 celsi.
