4694 6428
583 423 722 478 VERSUS
740 423 789 478 AD
808 421 1005 479 SAMUELEM
1024 420 1070 478 ΕΤ
1089 423 1304 478 HlGBALDUM
1323 423 1522 478 EPISCOPOS.

1016 735 1075 799 IX.

636 875 814 960 Postquam
838 875 962 958 primus
985 874 1083 937 homo
1106 872 1249 958 paradisi
1272 873 1412 958 liquerat
1435 873 1557 960 hortos,

720 978 765 1043 Et
787 978 925 1042 miseras
947 984 1052 1041 terras
1077 978 1154 1041 exul
1177 977 1289 1042 adibat
1312 978 1417 1064 inops,

637 1082 815 1168 Exilioquo
838 1081 930 1166 gravi
953 1102 1076 1167 poenas
1101 1102 1173 1146 cum
1196 1082 1287 1166 prole
1311 1082 1434 1152 luebat,

717 1185 880 1250 Perfidiae
904 1185 1057 1270 quoniam
1080 1184 1165 1249 furta
1188 1185 1332 1269 maligna
1354 1185 1449 1269 gerit,

566 1312 577 1346 s
635 1288 701 1352 Per
724 1289 831 1352 varios
855 1289 971 1352 casus¹
994 1288 1142 1352 mortalis
1165 1288 1234 1351 vita
1257 1289 1408 1368 cucurrit,

719 1390 943 1476 Diversosque
967 1390 1037 1456 dics
1061 1391 1166 1455 omnis
1191 1390 1335 1456 habebat
1358 1391 1465 1455 homo.

637 1493 742 1558 Fatali
766 1515 864 1558 cursu
886 1494 1067 1558 miscentur
1088 1492 1196 1558 tristia
1217 1492 1344 1572 laetis²,

717 1595 807 1664 Nulli
830 1596 922 1659 firma
945 1595 1006 1659 fuit
1029 1596 1143 1679 regula
1164 1595 1327 1670 laetitiae3

636 1697 740 1762 Nemo
765 1697 836 1762 dies
860 1706 993 1763 cunctos
1016 1699 1131 1763 felices
1156 1719 1287 1784 semper
1309 1698 1465 1776 habebat,

555 1824 580 1860 lo
726 1801 832 1866 Nemo
856 1802 919 1866 sibi
942 1823 1072 1887 semper
1095 1801 1215 1888 gaudia
1238 1808 1328 1866 certa
1350 1807 1451 1866 tenet.

636 1904 691 1968 Nil
715 1913 825 1970 manet
847 1912 1027 1986 aeternum,
1052 1905 1140 1970 celso
1164 1905 1225 1968 sub
1249 1903 1380 1968 cardine
1404 1903 1497 1984 caeli,

720 2009 839 2072 Omnia
862 2010 1052 2074 vertuntur⁸
1076 2008 1280 2095 temporibus
1303 2009 1412 2072 variis.

640 2111 714 2174 Una
736 2110 808 2176 dies
831 2111 925 2193 ridet,
950 2133 1044 2175 casus
1068 2133 1139 2175 cras
1162 2113 1265 2176 altera
1287 2111 1431 2195 planget,

718 2214 774 2278 Nil
797 2215 899 2279 fixum
921 2216 1020 2280 faciet
1044 2221 1169 2280 tessera
1191 2216 1280 2278 laeta
1301 2213 1372 2277 tibi.
1468 2261 1472 2268 1

556 2340 601 2405 u¹
639 2317 801 2403 Prospera
824 2318 998 2382 conturbat
1021 2339 1091 2383 sors
1120 2318 1268 2382 tristibus
1296 2318 1398 2403 impia
1424 2336 1563 2401 semper,

719 2419 867 2484 Alternis
890 2422 1017 2486 vicibus
1040 2429 1076 2486 ut
1098 2421 1183 2486 redit
1205 2421 1293 2485 unda
1315 2421 1424 2485 maris.
1489 2479 1494 2484 ,

636 2523 730 2588 Nunc
753 2525 851 2588 micat
873 2526 959 2589 alma
981 2524 1063 2600 dies,
1087 2525 1197 2589 veniet
1219 2546 1285 2589 nox
1308 2533 1380 2590 atra
1401 2525 1558 2600 tenebris,

721 2625 791 2691 Ver
813 2628 909 2691 floret
924 2629 1072 2713 gemmis,
1096 2627 1201 2692 hiems
1219 2628 1295 2690 ferit
1310 2626 1436 2712 hocque
1452 2627 1562 2690 decus.

638 2728 811 2794 sidercum
834 2731 939 2796 stellis
963 2731 1093 2795 culmen
1117 2730 1305 2816 depingitur
1327 2731 1432 2802 almis,

554 2857 580 2892 ao
728 2833 818 2908 Quas
842 2834 947 2899 nubes
971 2835 1102 2921 rapiunt
1125 2834 1313 2899 imbriferae
1337 2836 1455 2901 subito.

638 2937 681 3001 Et
704 2939 753 3001 sol
774 2938 846 3023 ipsc
871 2936 924 3004 die
947 2937 1056 3002 media
1079 2936 1269 3002 subducitur
1291 2937 1420 3010 ardens,

707 3039 789 3103 Cum
812 3047 904 3104 tonat
926 3039 1070 3105 undosus
1093 3046 1206 3105 auster
1228 3040 1269 3104 ab
1293 3062 1356 3104 axe
1380 3041 1459 3126 poli.

638 3142 776 3229 Saepius
800 3145 952 3208 excelsos
975 3143 1097 3208 feriunt
1119 3150 1152 3207 et
1176 3143 1305 3229 fulgura
1329 3150 1457 3208 montes
1466 3145 1490 3222 ⁴,
1535 3203 1536 3208 ,

721 3245 919 3331 Summaque
943 3247 1097 3311 silvarum
1120 3248 1251 3311 flamma
1272 3247 1371 3312 ferire
1396 3248 1492 3312 solet:

556 3372 581 3408 a
641 3348 695 3413 Sic
717 3351 821 3414 maior
843 3351 970 3434 magnis
994 3350 1101 3414 subito
1126 3351 1320 3437 saepissime
1344 3351 1443 3415 rebus

721 3453 863 3518 Eveniat
886 3475 964 3519 casu
986 3454 1070 3518 forto
1097 3455 1189 3520 ruina
1212 3456 1308 3518 malo.

638 3555 731 3620 llaec
748 3558 901 3642 exempla
916 3555 1006 3620 dedit
1021 3558 1185 3643 periturus
1205 3564 1238 3622 et
1253 3556 1395 3642 undiquc
1415 3556 1564 3634 mundus,

721 3658 854 3724 Divitiis
877 3660 1009 3740 florens,
1033 3659 1088 3744 qui
1110 3660 1196 3744 perit
1219 3660 1252 3723 in
1275 3659 1402 3744 pelago.

641 3761 733 3826 Voce
756 3762 989 3848 prophetarum
1011 3769 1121 3848 partes
1144 3783 1205 3848 per
1226 3768 1366 3846 quatuor
1390 3761 1478 3824 orbis

558 3887 584 3924 ao
729 3866 798 3929 Iam
821 3865 988 3951 praedicta
1011 3865 1103 3930 vides
1127 3866 1263 3929 subruta
1285 3887 1387 3950 regna
1409 3864 1516 3953 quo.

639 3968 768 4033 Nobilis
791 3969 869 4034 urbs
894 3991 994 4055 regno
1019 3977 1052 4034 et
1074 3971 1179 4055 prima
1202 3970 1351 4055 potentia
1374 3991 1487 4054 regum

724 4071 882 4154 Perdidit,
907 4093 935 4152 0,
960 4071 1100 4136 Babilon
1124 4071 1371 4162 Caldeavregna
1393 4079 1522 4158 potens.

640 4173 821 4259 Egregium
843 4175 931 4240 bello
955 4183 989 4240 et
1012 4176 1139 4260 magnis
1162 4182 1206 4252 te,
1229 4175 1341 4256 Persa,
1364 4175 1536 4263 triumphis

724 4276 850 4358 Obruit,
873 4277 948 4356 heu,
972 4278 1086 4341 iaculis
1110 4278 1232 4342 femina
1254 4278 1324 4341 sola
1347 4279 1426 4342 suis.

557 4402 582 4440 aa
641 4379 808 4445 Victorem
832 4380 942 4444 mundi
966 4381 1073 4445 medio
1098 4402 1179 4458 sors,
1203 4403 1291 4462 ecce,
1315 4382 1468 4447 secundis

723 4483 834 4550 Rebus
858 4484 1085 4550 Alexandrum
1108 4485 1220 4548 invida
1242 4484 1323 4549 florc
1347 4487 1432 4550 tulit.

332 4677 809 4686 -ῌ--η---ω-ψ--ψ
819 4677 1156 4683 ——--—-.--——..--...-.
1167 4678 1203 4682 -.-
1217 4679 1228 4683 -
1241 4677 1273 4683 .—
1297 4679 1308 4683 ..
1327 4679 1416 4684 -...-,.

294 4813 349 4880 [IX]
385 4817 438 4865 aine
456 4815 528 4866 titulo
547 4813 723 4878 H(urleiouua
739 4809 846 4878 311115]Ι
865 4809 942 4862 47⁴-
948 4809 999 4872 ὅθ’,
1012 4817 1034 4875 t)
1046 4831 1075 4878 p.
1095 4810 1162 4863 llll
1180 4831 1205 4864 u.
1225 4815 1380 4864 cxxxvii]
1454 4813 1467 4864 1
1486 4817 1547 4865 Post
1565 4815 1640 4864 homo
1653 4832 1729 4881 qum
1742 4815 1840 4882 primus
1849 4815 1882 4866 H

222 4909 293 4951 ortus
312 4901 344 4950 H
464 4899 482 4952 2
500 4909 581 4951 terrae
600 4901 676 4950 miser
693 4899 780 4949 adibat
799 4915 860 4964 opes
881 4899 903 4959 Q
1041 4897 1059 4948 4
1077 4899 1103 4948 in
1121 4899 1222 4964 aliagna
1240 4899 1273 4948 H
1407 4898 1421 4950 l
1441 4901 1519 4950 Fueili
1538 4900 1568 4949 H
1694 4899 1711 4951 9
1728 4903 1830 4954 foelices
1849 4903 1879 4952 H

224 4989 327 5038 habebit
347 4987 369 5048 Q
464 4986 495 5039 11
515 4997 602 5038 ornum
621 4987 652 5035 H
746 4983 906 5035 13U110H
998 4983 1030 5035 14
1048 5001 1147 5036 cessura
1165 4984 1199 5034 II
1282 4983 1315 5034 lo
1332 4986 1461 5050 tristisque
1479 4987 1526 5036 sim
1544 4987 1586 5053 pia
1605 4986 1640 5050 H,
1659 4988 1741 5038 tribua
1759 4988 1835 5054 impia
1856 4987 1878 5049 Q

226 5071 258 5122 18
275 5073 338 5123 deus
356 5073 389 5122 H
498 5070 533 5123 20
551 5073 672 5123 imbriferi
691 5071 728 5136 H,
748 5071 939 5130 imbreferact)
1053 5069 1085 5120 21
1106 5072 1160 5136 ipse
1178 5071 1209 5122 de
1227 5071 1259 5120 H
1376 5070 1411 5121 22
1428 5075 1513 5135 Quum
1532 5072 1565 5122 H
1630 5074 1722 5124 undosi
1739 5083 1826 5124 auster
1846 5075 1877 5124 de
1912 5090 1922 5111 ·

224 5160 318 5209 vertice
340 5159 361 5220 Q
499 5155 533 5208 23
551 5159 624 5209 etad
643 5159 744 5224 fulgura
762 5155 795 5206 H
928 5153 962 5206 25
980 5174 1087 5222 magnos
1105 5156 1138 5205 H
1221 5159 1302 5209 rubus
1320 5157 1350 5206 H
1485 5155 1519 5207 27
1539 5159 1591 5208 Nec
1609 5160 1725 5226 exempla
1747 5160 1780 5210 da
1802 5167 1831 5209 ut
1849 5157 1881 5208 H

223 5241 257 5293 ‘29
282 5246 362 5294 Voces
379 5243 411 5293 H
480 5247 524 5309 qui
547 5253 630 5310 partes
656 5244 693 5308 H,
722 5243 805 5309 paries
826 5241 862 5302 Q,
891 5243 983 5308 paritor
1007 5241 1086 5293 Frob.
1209 5241 1242 5293 31
1267 5245 1339 5308 urbis
1356 5243 1388 5292 H
1496 5241 1530 5293 34
1554 5245 1661 5296 Obruitc
1685 5245 1719 5294 H
1737 5244 1796 5310 (om.
1815 5245 1877 5310 hou)

224 5327 258 5376 35
275 5330 371 5380 modios
389 5345 431 5378 ors
448 5345 492 5379 cae
511 5329 544 5378 H
651 5327 686 5379 36
704 5329 849 5378 Alexander
870 5326 899 5391 Q,
917 5327 1049 5378 alexandri
1067 5327 1099 5377 H
1120 5333 1126 5370 t
1185 5329 1255 5380 ludia
1277 5330 1306 5393 Q,
1325 5327 1414 5379 invidit
1433 5327 1465 5376 H

330 5498 356 5566 1)
390 5497 466 5566 Verq.
486 5501 554 5550 Aen.
573 5497 602 5560 1,
631 5497 683 5550 104
708 5497 760 5550 Per
784 5496 875 5550 varios
898 5514 984 5550 casus.
1071 5497 1099 5564 ἓ)
1129 5497 1207 5550 Ouid.
1227 5498 1306 5552 Foat.
1329 5498 1382 5566 IV,
1400 5497 1452 5550 463
1471 5537 1497 5549 ..
1515 5497 1667 5551 miscentur
1686 5498 1779 5552 tristia
1797 5498 1878 5552 laetis

224 5599 251 5666 3)
278 5599 406 5669 Propere.
431 5600 575 5669 Ε1ι9.ΙΙ,
601 5601 629 5662 8,
653 5601 667 5653 l
692 5599 793 5653 Omnia
816 5603 975 5667 vertuntur;
1009 5600 1109 5654 Versus
1134 5600 1167 5654 dc
1190 5601 1259 5655 cella
1284 5601 1432 5655 Gomoario.
1468 5598 1597 5661 (Ir'robro.
1622 5601 1667 5668 ΙΙ,
1690 5603 1752 5670 456)
1778 5603 1879 5656 Omnia

225 5703 370 5754 mutantur
388 5699 532 5753 ordinibus
551 5701 643 5754 variis.
712 5701 740 5768 4)
761 5701 828 5755 Hor.
851 5705 939 5757 (torm.
958 5704 1002 5758 ΙΙ.
1021 5703 1062 5765 10,
1083 5704 1113 5755 11
1133 5702 1293 5771 feriuntque
1311 5717 1431 5754 summos
1452 5701 1456 5770 Ι
1478 5701 1589 5770 fulgura
1607 5707 1722 5758 montes.
