4666 6406
403 437 465 498 486
1028 423 1233 483 rfluuuutrr
1253 425 1428 482 cramus.

441 609 501 668 796
766 603 868 669 Berta
889 624 993 684 rosas,
1016 601 1224 666 Chrodtrudh
1247 601 1352 665 violas
1375 599 1440 680 dot,
1463 599 1533 664 lilia
1556 599 1676 680 Gisla¹,

848 705 1001 772 Nectaris
1024 706 1179 771 ambrosii
1202 705 1350 791 proemia
1372 724 1522 790 quaeque
1545 705 1644 778 ferat;

765 809 931 875 Rothaidh
953 830 1060 896 poma,
1083 807 1240 872 Hiltrudh
1261 807 1428 888 Cererem,
1451 804 1617 872 Tetdrada
1631 807 1795 884 Liaeum²‚

672 937 709 972 roo
851 913 933 987 Quis
956 913 1047 977 varia
1070 913 1209 998 species,
1233 910 1291 976 sed
1314 908 1413 974 decor
1434 931 1518 974 unus
1540 911 1637 976 inest.

764 1018 834 1082 Ista
855 1018 939 1082 nitet
962 1017 1110 1102 gemmis,
1136 1037 1215 1080 auro
1239 1015 1296 1080 illa
1319 1014 1471 1101 splendet
1493 1023 1527 1080 et
1549 1017 1666 1096 ostrc³,

847 1120 941 1185 Haec
965 1141 1095 1205 gemma
1118 1118 1214 1182 viridi
1237 1118 1411 1204 praenitet,
1434 1118 1492 1182 illa
1514 1118 1621 1183 rubra.

763 1222 882 1288 Fibula
904 1223 1071 1308 componit
1093 1223 1187 1302 hano,
1210 1222 1300 1284 illam
1324 1220 1443 1285 limbus
1466 1220 1630 1303 adornat⁴,

847 1327 1006 1391 Armilloe
1030 1326 1114 1390 hano
1138 1331 1263 1406 omont,
1287 1323 1437 1409 hancque
1459 1326 1580 1390 monile
1604 1325 1709 1393 decet.

672 1451 707 1488 rc,
769 1429 856 1494 Huic
880 1431 1069 1515 ferruginea
1092 1437 1152 1508 est,
1176 1435 1253 1518 apta
1276 1429 1351 1492 huic
1375 1449 1503 1513 quoque
1527 1429 1617 1495 lutea
1640 1433 1751 1512 vestis,

739 1619 741 1624 ι
845 1534 1039 1600 Lacteolum
1062 1533 1244 1621 strophium
1268 1533 1350 1598 haec
1373 1532 1474 1612 vehit,
1497 1533 1555 1598 illa
1577 1535 1719 1600 rubrum.

765 1634 925 1702 Dulcibus
948 1636 1031 1702 haec
1053 1638 1163 1702 verbis
1187 1637 1296 1701 faveat
1318 1637 1399 1721 regi,
1423 1637 1527 1702 altera
1547 1638 1625 1717 risu,

848 1739 919 1804 Ista
940 1747 1067 1826 patrem
1090 1761 1207 1825 gressu
1229 1739 1381 1818 mulceat,
1404 1739 1461 1803 illa
1483 1739 1566 1804 ioco.

764 1841 860 1915 Quod
883 1843 911 1907 si
932 1843 1017 1909 forte
1041 1865 1133 1908 soror
1154 1843 1253 1908 fuerit
1275 1842 1483 1907 sanctissima
1505 1843 1622 1928 regis⁵,

670 1972 707 2008 no
851 1948 973 2014 Oscula
995 1949 1052 2014 dot
1073 1949 1166 2013 fratri
1188 1948 1304 2026 dulcia,
1327 1948 1429 2013 frater
1452 1948 1492 2014 ei.

765 2050 859 2116 Talia
881 2053 928 2116 sio
951 2052 1080 2138 placido
1103 2045 1292 2117 moderetur
1314 2051 1434 2136 gaudia
1455 2053 1557 2130 vultu,

844 2155 890 2221 Ut
913 2157 1026 2242 sponsi
1048 2157 1173 2222 aeterni
1198 2155 1317 2240 gaudia
1340 2161 1449 2220 mente
1472 2163 1576 2241 gerat.

763 2258 807 2324 Et
827 2258 913 2324 bene
937 2261 1117 2346 scripturae
1141 2258 1241 2346 pandi
1264 2258 1328 2322 sibi
1351 2259 1494 2344 compita
1516 2264 1641 2344 poscat,

845 2360 920 2426 Rex
942 2362 1031 2426 illam
1053 2362 1183 2442 doceat,
1207 2382 1304 2446 quem
1327 2360 1409 2425 deus
1433 2362 1504 2447 ipse
1528 2361 1635 2431 docet.

671 2484 707 2522 nc
766 2463 954 2529 Adueniant
976 2485 1140 2550 proceres,
1164 2464 1378 2528 circumstent
1399 2462 1543 2549 undique
1566 2466 1653 2546 laeti,

845 2566 1019 2653 Complere
1043 2566 1173 2632 studeat
1196 2567 1308 2631 munia
1331 2567 1468 2651 quisque
1491 2588 1559 2631 sua.

763 2669 922 2755 Thyrsis⁶
944 2670 986 2735 ad
1009 2672 1202 2756 obsequium
1226 2691 1357 2757 semper
1380 2671 1422 2734 sit
1444 2676 1613 2757 promptus
1637 2671 1750 2751 herile,

849 2773 1008 2839 Strenuus
1033 2781 1066 2839 et
1089 2775 1187 2839 velox
1211 2775 1254 2838 sit
1275 2773 1370 2861 pede,
1394 2773 1502 2854 corde,
1526 2795 1634 2840 manu.

763 2875 926 2962 Pluraque
951 2878 1107 2963 suscipiat
1130 2877 1304 2942 hincinde
1328 2877 1498 2963 precantis
1520 2877 1630 2960 uerba,

670 3001 706 3038 no
851 2981 984 3067 istaque
1007 2982 1200 3063 dissimulet,
1223 2981 1335 3046 audiat
1356 2982 1413 3046 illa
1435 2982 1557 3058 libens;
1651 3003 1652 3008 ¹

762 3083 859 3150 Hunc
882 3085 1003 3151 intrare
1027 3085 1154 3166 iubens,
1179 3085 1266 3150 hunc
1290 3091 1466 3171 expectare
1490 3107 1664 3172 parumper

845 3187 997 3269 Censeat,
1019 3190 1105 3254 huno
1127 3191 1226 3270 intus,
1250 3189 1336 3253 huno
1358 3195 1466 3254 tomen
1491 3210 1565 3254 esse
1589 3189 1678 3254 foris.

763 3292 946 3380 Regalique
970 3295 1086 3359 throno
1111 3294 1222 3358 calvus
1246 3293 1298 3357 hic
1322 3293 1461 3378 impiger
1482 3291 1600 3374 adstet,

847 3396 1038 3483 Cunctaque
1061 3396 1251 3484 prudenter,
1275 3402 1394 3460 cuncta
1416 3403 1569 3461 verenter
1591 3403 1677 3482 agat.

668 3521 704 3559 uu
763 3499 861 3566 Adsit
883 3502 1014 3587 praesul
1039 3521 1139 3564 ovans
1163 3501 1270 3564 animo
1297 3499 1453 3584 vultuque
1477 3499 1631 3585 benigno,

841 3603 907 3668 Ora
928 3605 1028 3670 beato
1049 3605 1169 3686 terens,
1194 3611 1227 3670 et
1248 3604 1304 3689 pio
1328 3602 1427 3667 corda
1449 3623 1580 3687 gerens.

764 3705 868 3781 Quem
893 3709 1021 3773 sincera
1044 3707 1136 3788 fides,
1161 3729 1257 3792 quem
1280 3713 1390 3771 tantus
1415 3707 1564 3771 culminis
1589 3707 1678 3788 ordo,

844 3810 966 3877 Pectus
990 3819 1023 3876 et
1046 3812 1232 3890 innocuum,
1256 3831 1326 3890 rex,
1349 3809 1420 3888 tibi,
1445 3808 1586 3891 Christe,
1609 3810 1705 3876 dicat.

764 3913 837 3980 Stet
859 3915 1095 3982 benedicturus
1119 3913 1206 3999 regis
1231 3921 1408 4000 potumque
1432 3915 1617 4000 cibumque,

667 4040 704 4078 mc
845 4017 983 4084 Sumere
1006 4019 1082 4103 quin
1107 4018 1207 4083 etiam
1230 4037 1290 4082 rex
1312 4018 1402 4094 velit,
1425 4017 1481 4082 ille
1505 4018 1604 4082 volet.

762 4120 812 4185 Sit
833 4127 965 4207 praesto
990 4128 1023 4186 et
1046 4121 1183 4186 Flaccus
1195 4121 1216 4201 l,
1240 4127 1427 4185 nostrorum
1450 4121 1555 4206 gloria
1577 4127 1698 4203 vatum,

845 4224 909 4298 Qui
933 4225 1019 4311 potis
1044 4234 1096 4289 cst
1117 4225 1219 4310 lyrico
1243 4225 1345 4288 multa
1367 4224 1467 4288 boare
1490 4224 1585 4310 pede.

761 4327 889 4413 Quique
914 4329 1061 4414 sophista
1084 4336 1202 4414 potens
1226 4335 1285 4408 cst,
1310 4327 1431 4412 quiquo
1454 4335 1553 4414 poeta
1575 4329 1734 4410 melodus,

845 4433 974 4518 Quique
998 4441 1115 4520 potens
1141 4455 1251 4513 sensu,
1276 4434 1396 4518 quique
1419 4439 1536 4518 potens
1560 4455 1659 4519 opere
1684 4441 1745 4501 est.

665 4561 702 4598 cc
760 4537 803 4603 Et
826 4539 881 4625 pia
904 4539 944 4604 dc
969 4539 1090 4604 sanctis
1114 4539 1285 4624 scripturis
1310 4538 1463 4623 dogmata
1485 4545 1624 4624 promat,

842 4641 885 4706 Et
910 4644 1015 4708 solvat
1037 4648 1164 4707 numcri
1189 4643 1296 4707 vincla
1319 4643 1450 4707 favente
1473 4643 1556 4706 ioco.

751 4745 794 4811 Et
817 4746 913 4811 modo
938 4747 980 4811 sit
1002 4747 1119 4826 facilis,
1143 4746 1238 4811 modo
1263 4767 1402 4831 scrupea
1425 4747 1575 4831 quaestio
1598 4745 1721 4826 Flacci,

842 4849 936 4915 Nunc
959 4850 1293 4931 mundanamartem,
1317 4871 1403 4914 nunc
1427 4849 1581 4914 redibens
1606 4871 1776 4936 superam:

756 4950 891 5018 Solvere
914 4951 955 5018 de
979 4954 1092 5019 multis
1115 4975 1174 5019 rex
1198 4955 1270 5038 ipsc
1295 4953 1481 5018 volentibus
1504 4975 1588 5018 unus

664 5077 700 5113 no
845 5055 1003 5122 Sithone
1027 5057 1082 5142 qui
1106 5058 1211 5142 possit
1234 5059 1362 5122 solvere
1385 5057 1578 5122 Flaccidica.

496 5312 529 5366 97
547 5317 692 5367 Chrotrudh
712 5315 755 5366 Du
775 5316 870 5368 ocem
907 5325 933 5368 ct
951 5317 1004 5368 lille
1017 5317 1039 5368 S
1056 5316 1100 5385 (cf.
1123 5318 1191 5370 Neam
1208 5318 1299 5369 Jahrb.
1318 5321 1364 5383 sr’tr
1377 5317 1471 5370 Philol.
1486 5319 1562 5383 XCV,
1572 5317 1634 5380 486)
1704 5315 1738 5370 98
1750 5320 1875 5372 ambrosei
1894 5321 1938 5370 Du
1953 5321 2049 5373 Clausae

391 5399 425 5452 99
444 5402 545 5466 lyncum
560 5401 594 5466 S,
618 5403 711 5454 liceum
731 5402 775 5452 Du
795 5403 840 5455 Ch.

495 5538 520 5603 l)
538 5536 649 5591 Acthei.
667 5536 716 5591 lat.
735 5538 775 5592 ed.
795 5535 983 5602 rotcausus
1002 5540 1070 5594 Nisa
1089 5558 1177 5602 rosas,
1202 5541 1305 5595 Glauce
1323 5540 1411 5594 violas
1430 5540 1492 5606 dat,
1510 5541 1572 5595 lilia
1589 5542 1665 5595 Nais.
1736 5543 1764 5611 2)
1783 5541 1875 5597 Filiae
1893 5541 2051 5597 Festscdoe

390 5642 415 5691 ct
439 5639 606 5694 ccrrcublnce
624 5641 778 5704 certamem,
801 5641 837 5709 of.
856 5657 943 5710 supra
954 5659 985 5711 p.
996 5643 1053 5698 372.
1116 5645 1143 5712 3)
1166 5643 1244 5713 Verq.
1263 5646 1331 5698 Aera.
1351 5647 1401 5708 IV,
1414 5644 1464 5697 134
1482 5647 1611 5713 ostroque
1629 5645 1748 5714 insignis
1767 5649 1795 5699 et
1813 5663 1889 5699 auro,
1958 5647 1986 5715 4)
2007 5647 2051 5715 (ΙΙ.

390 5744 455 5794 Αωι.
476 5743 662 5800 ,1Γ,137,139,
717 5745 742 5808 t)
763 5743 850 5808 Gislo,
869 5745 904 5814 cf.
925 5762 1011 5814 surpra
1026 5764 1055 5817 p.
1073 5747 1125 5801 237
1143 5763 1170 5802 a.
1188 5748 1216 5810 23
1236 5749 1288 5802 360
1299 5764 1325 5801 a.
1341 5748 1363 5801 1.
1416 5749 1444 5816 c)
1465 5748 1507 5816 Cf.
1527 5765 1615 5819 supro.
1630 5767 1659 5818 p.
1672 5749 1723 5803 246
1740 5766 1765 5804 n.
1780 5749 1803 5804 5.
1858 5751 1886 5818 7)
1905 5751 2050 5806 Atestinus.
