4574 6442
387 341 446 401 152
1032 333 1180 389 ALCUINI
1199 333 1374 388 CARMINA.

384 508 542 573 Ateuinus
563 507 715 571 saccum
736 506 874 570 Paatrun
896 505 1092 582 Diaconum,
1120 525 1250 586 eumaem
1271 506 1472 587 aliquantum
1495 504 1640 584 terruimis
1665 505 1698 566 iu
1719 503 1797 566 auia
1818 505 1958 566 uersatus
1980 521 2049 565 csse

384 611 514 688 uidetur,
533 613 701 690 postquam
716 609 770 673 iiic
788 609 942 675 Casirucm
963 608 1093 684 secessit,
1115 609 1248 688 denique
1259 607 1426 670 Hadriani
1442 629 1547 690 papae
1568 608 1700 688 etopiruu
1714 627 1792 670 saco
1808 605 2048 686 inse-utpuidum

384 712 530 778 condid-it.
580 711 713 776 Alcuini
737 717 881 792 poemata
903 731 968 774 non
989 712 1087 775 sctum
1110 731 1130 773 a
1152 731 1230 792 repe,
1252 733 1358 774 oerum
1381 713 1472 775 etiam
1495 733 1516 774 a
1542 710 1711 789 Ibeodutso
1733 711 1958 774 Aurelianensi
1979 711 2049 790 epi

384 837 485 898 scopo,
505 821 596 896 pocta
618 817 745 897 aequali
766 817 834 879 eius
857 816 923 896 ipso
945 815 1140 896 elepantiore,
1162 817 1269 896 mapni
1291 816 1548 894 aestimabantur,
1571 816 1627 897 (pa
1647 815 1683 877 iu
1705 814 1843 878 coracino
1864 815 1928 896 rcpi
1948 814 2050 876 misso

385 921 424 1002 (1.
447 920 517 996 III,
545 925 558 983 1
584 941 613 983 o.
640 922 696 983 131
722 921 805 1000 sqq.)
827 919 902 983 baec
923 918 959 981 dc
980 938 1014 981 eo
1035 916 1128 981 dicit:
1248 927 1249 930 ’

695 1037 745 1103 Sit
766 1043 899 1124 praesto
923 1044 957 1102 ct
979 1037 1116 1101 Flaccus
1139 1043 1324 1102 nostrorum
1348 1039 1452 1122 gloria
1474 1044 1594 1118 vatum,

781 1140 845 1214 Qui
867 1141 954 1226 potis
978 1146 1029 1204 cst
1050 1140 1151 1224 lyrico
1175 1142 1278 1205 multa
1299 1141 1400 1205 boare
1423 1141 1519 1228 podo.

694 1244 821 1330 Quique
845 1244 993 1330 sophista
1015 1250 1132 1330 potens
1157 1251 1218 1324 ost,
1242 1244 1361 1329 quiquo
1385 1251 1483 1330 poeta
1506 1243 1662 1322 melodus

781 1346 910 1431 Quique
933 1353 1051 1433 potens
1075 1367 1185 1428 sensu,
1209 1349 1328 1432 quique
1351 1353 1468 1433 potens
1493 1369 1592 1433 opero
1617 1355 1678 1426 ost,

387 1470 480 1546 atque
501 1467 566 1529 atio
588 1466 652 1531 Ioco
673 1467 707 1550 (1.
733 1467 804 1546 ΙΙΙ,
828 1472 847 1532 3
869 1487 897 1532 u.
923 1467 1014 1553 111);

696 1587 784 1652 Dum
807 1591 918 1655 veniet
939 1589 1078 1654 Flaccus
1101 1590 1212 1676 pueris
1236 1590 1409 1654 comitatus
1433 1595 1466 1654 ct
1489 1589 1570 1668 odis,

785 1691 877 1756 Tunc
901 1715 1034 1779 sperare
1057 1694 1136 1758 licet
1159 1694 1223 1757 iam
1245 1694 1374 1780 potiora
1397 1693 1466 1757 tibi.

496 1827 604 1892 Simili
625 1828 748 1892 ratione
768 1829 877 1893 scribit
898 1830 935 1893 (tc
958 1851 991 1896 eo
1012 1830 1101 1894 Naso
1117 1834 1211 1910 pocta
1234 1829 1399 1916 (Zeitsebr.
1420 1830 1478 1909 fiir
1499 1830 1543 1894 D.
1567 1832 1635 1895 Ait.
1660 1829 1796 1906 XVIII,
1819 1829 1890 1912 62):

701 1950 744 2013 Ni
766 1949 906 2014 Flaccus
930 1952 1055 2014 calamo
1077 1950 1238 2015 modulari
1261 1950 1405 2014 earmina
1426 1960 1548 2022 nosset,

698 2052 772 2116 Non
795 2059 844 2117 tot
866 2055 1030 2139 presentis
1054 2055 1218 2118 tenuisset
1240 2054 1366 2139 premia
1387 2055 1464 2118 vite.

497 2187 551 2251 Ea
572 2189 705 2253 Atacini
723 2190 924 2269 poematibus
946 2212 1026 2272 quae
1046 2193 1178 2254 aetatem
1199 2195 1339 2255 nostram
1361 2191 1519 2269 uiderunt,
1548 2192 1655 2273 usupra
1681 2191 1825 2255 caementi
1846 2193 1920 2254 scrut
1940 2209 2053 2252 uersus

388 2289 425 2352 dc
445 2290 592 2370 patribus
612 2292 736 2373 rupibus
757 2297 787 2356 ct
807 2295 925 2356 sanctis
945 2293 1154 2357 Eboraccnsis
1174 2294 1334 2369 ecciesiae,
1356 2315 1432 2375 accos
1458 2300 1527 2375 post
1549 2298 1675 2358 mortcm-
1697 2293 1866 2370 Actbcrbti,
1888 2292 1941 2357 sai
1961 2297 2052 2354 ante-

392 2417 487 2477 quam
511 2396 545 2458 in
561 2395 737 2460 Francicus
757 2398 914 2478 pnoscctus
935 2401 988 2474 cst,
1011 2399 1099 2461 iutra
1121 2418 1223 2462 arruos
1244 2399 1343 2480 ipitur
1367 2402 1428 2462 tsi)
1451 2403 1479 2463 ct
1499 2403 1568 2476 782,
1591 2419 1659 2462 ciera
1675 2397 1830 2480 pepipissc
1847 2393 2053 2461 Wattcnbacb

389 2498 493 2581 (Mon.
516 2499 645 2562 Alaun.
662 2521 697 2579 p.
721 2500 776 2584 86)
797 2500 1001 2580 probabiliter
1022 2502 1158 2566 coniecit.
1205 2501 1297 2584 ¹(Iuris
1316 2503 1448 2583 pietatis
1474 2504 1598 2585 sipuum
1631 2503 1685 2566 boc
1710 2503 1848 2566 camerina
1874 2499 1960 2564 cdere
1989 2498 2054 2561 sibi

388 2604 607 2684 proposuisset,
629 2604 753 2667 rriuncri
774 2624 831 2668 suo
851 2605 953 2668 deesse
975 2605 1036 2669 sibi
1057 2605 1143 2667 uisus
1161 2604 1285 2689 fuisset,
1309 2607 1338 2670 si
1360 2627 1409 2670 rcs
1430 2607 1536 2670 casium
1555 2611 1673 2689 pratas,
1695 2609 1731 2668 ut
1750 2603 1895 2684 Witsridi
1916 2601 2054 2681 episcopii

390 2725 482 2770 ausus
503 2705 648 2770 advorsos
669 2711 698 2770 et
720 2708 877 2771 turbatum
898 2711 968 2787 post
983 2707 1171 2788 Atdfridum
1185 2708 1430 2775 Nortbumbriac
1451 2714 1567 2774 statiua
1588 2711 1750 2791 attipissct.
1793 2707 1959 2772 Miraenta
1980 2726 2055 2768 uero

391 2829 474 2872 ruore
495 2828 552 2872 suo
567 2810 738 2889 praecipicia
759 2814 892 2874 sccbctus
914 2815 968 2874 cst.
1018 2809 1149 2873 Primus
1179 2813 1330 2876 coracinis
1357 2813 1452 2876 liuius
1473 2817 1598 2893 partem
1619 2833 1700 2890 caui,
1731 2832 1810 2892 omia
1837 2829 1901 2874 non
1922 2808 2055 2872 Raedac

391 2912 534 2991 operibns
557 2912 717 2992 inuititur,
739 2913 837 2977 ortuo
858 2913 1020 2977 Mabittou
1043 2913 1124 2976 iuter
1146 2915 1228 2978 Aeta
1251 2915 1311 2980 SS.
1337 2915 1403 2980 ord.
1427 2917 1461 2981 S.
1482 2916 1602 2980 Bcncd.
1627 2916 1714 2982 Sacc.
1738 2914 1809 2992 III,
1823 2917 1853 2994 2,
1870 2915 2054 2980 sos-569,

392 3014 446 3078 sed
467 3018 618 3095 bcrmuam
640 3034 717 3095 opus
743 3017 895 3101 arconynci
916 3015 1078 3079 erriusdam
1099 3021 1219 3096 poetae.
1270 3018 1440 3097 Acceperat
1461 3021 1543 3083 ercim
1564 3040 1586 3082 a
1608 3018 1652 3086 D.
1678 3016 1896 3097 Christopboro
1918 3014 2055 3080 Doubin

393 3117 635 3196 transscriptum
662 3139 678 3182 c
704 3119 803 3183 codice
830 3119 1012 3186 nimiastcrii
1038 3119 1072 3184 S.
1101 3118 1130 3181 Τ
1127 3119 1279 3183 lecatoriei
1312 3121 1362 3202 (S.
1394 3121 1543 3204 Iti-ierrp)
1571 3141 1670 3201 prope
1700 3120 1828 3198 locrus,
1863 3118 1913 3182 cui
1939 3117 2056 3180 titulus

393 3221 565 3299 inscriptus
587 3224 671 3284 erat:
699 3221 848 3285 Historia
870 3223 1001 3306 anglica
1024 3223 1167 3286 carmine
1191 3222 1324 3286 heroico
1348 3243 1368 3286 a
1391 3223 1530 3308 quodam
1555 3225 1702 3309 sapiente
1723 3225 1818 3289 facta.
1864 3221 1925 3303 Qui
1941 3219 2057 3283 titulus

393 3343 492 3404 ireque
513 3343 582 3386 errru
604 3325 672 3403 ipso
693 3344 782 3404 opere
796 3325 946 3406 cmcpruit,
968 3328 997 3388 et
1011 3331 1120 3405 oporto
1134 3330 1289 3407 repnipnat
1305 3328 1408 3390 oersni
1427 3332 1516 3391 1529.
1561 3327 1733 3390 Ateiciaum
1744 3329 1885 3390 nostrum
1897 3327 2056 3388 auctorem

393 3446 466 3504 csse,
489 3429 567 3489 rcctc
585 3427 746 3506 perspccit
771 3426 905 3490 Tbomas
929 3428 1024 3504 Gale,
1047 3429 1103 3508 pai
1124 3451 1154 3492 a.
1181 3432 1257 3492 1661
1285 3429 1368 3491 iutcr
1389 3428 1552 3492 Historiae
1573 3429 1785 3493 Britannicae
1806 3433 1836 3492 ct
1856 3427 2058 3508 Aualicanac

395 3527 569 3608 Scriptores
580 3529 648 3592 XX
651 3550 688 3608 p.
698 3533 868 3594 aris-732
883 3550 1007 3593 carnum
1024 3530 1078 3594 boc
1092 3530 1190 3593 edidit
1204 3535 1370 3610 ‘acceptum
1388 3532 1531 3613 beneficio
1551 3533 1611 3594 ciri
1622 3531 1790 3595 doctissimi
1804 3532 1834 3595 Ι.
1847 3529 2059 3593 Mabittonii'.

394 3631 507 3694 Edidit
535 3636 639 3695 autem
668 3639 716 3696 ‘cac
746 3652 819 3699 mss.
849 3633 1003 3696 codicibus
1032 3632 1181 3695 Itcmcnsi
1207 3637 1235 3695 ct
1267 3634 1378 3698 Sancti
1408 3633 1588 3697 Ibcodorici
1612 3655 1711 3714 paupe
1743 3634 1874 3697 Rcuios'.
1931 3630 2061 3695 Prioris

394 3734 540 3799 editionis
567 3739 670 3799 tectus
697 3735 771 3799 locis
799 3755 864 3799 nou
893 3735 938 3799 ita
960 3735 1075 3814 pacuis
1102 3739 1255 3800 correctus
1281 3739 1338 3812 est,
1366 3735 1449 3816 qicod
1474 3756 1592 3816 semper
1624 3737 1814 3815 riotaaimus,
1847 3739 1876 3798 ct
1904 3756 1931 3798 v.
1956 3737 1991 3796 61
2020 3734 2060 3795 in

395 3839 536 3920 riurptuc
564 3838 681 3902 citatur
708 3838 802 3901 corice
828 3838 1001 3901 &reuersis
1054 3837 1128 3901 Duo
1161 3838 1257 3919 ipitur
1287 3838 1473 3901 sustiterunt
1501 3839 1631 3916 codices,
1660 3859 1792 3920 quorsom
1814 3861 1852 3903 cc
1874 3838 1963 3901 iltius
1985 3835 2059 3899 acci

394 3962 476 4005 ricorc
497 3941 578 4004 alter
598 3960 663 4003 narr
684 3941 824 4018 cottonis,
847 3941 902 4004 scd
922 3945 1046 4003 tantum
1067 3941 1117 4003 bic
1139 3941 1206 4004 ittic
1228 3941 1385 4020 inspectus
1406 3945 1460 4007 cst.

510 4051 642 4131 Uterque
664 4051 766 4129 codca,
788 4072 878 4134 ariera
898 4053 933 4114 in
958 4053 1138 4116 bibliotheca
1160 4052 1297 4116 ciuitatis
1319 4051 1482 4117 &neumis
1503 4052 1628 4131 [rastra
1649 4054 1802 4135 qnmsioi,
1824 4054 1872 4117 oct
1887 4052 1988 4133 periit
2010 4053 2061 4116 acb

396 4158 487 4234 latct;
516 4159 655 4235 superest
677 4154 770 4220 corice
796 4155 1066 4239 &reubripicusis
1089 4157 1210 4239 cottcpii
1233 4156 1267 4221 S.
1295 4156 1463 4220 Trinitatis
1488 4157 1523 4221 0.
1547 4161 1576 4223 2.
1602 4160 1652 4220 26.
1674 4155 1771 4221 chart.
1795 4178 1872 4221 seue.
1894 4155 2012 4220 XVII.
2036 4178 2060 4218 a

398 4259 498 4338 Iaffco
520 4259 693 4339 inspectus:
718 4260 821 4338 ipsum
849 4259 964 4323 scilieet
991 4261 1159 4340 ceeiripbar,
1188 4259 1233 4322 ad
1253 4258 1335 4339 quod
1359 4260 1453 4324 Gatci
1481 4259 1574 4324 alitio
1592 4260 1682 4344 sacta
1708 4263 1763 4324 est.
1811 4257 1948 4339 Repetiit
1976 4257 2061 4320 briccie

396 4363 560 4427 editionem
590 4363 768 4426 Froben-ius
793 4363 876 4426 inter
903 4363 1036 4426 Aicaiui
1065 4363 1167 4443 Opera
1191 4362 1246 4440 II,
1276 4365 1462 4442 212-168,
1489 4364 1573 4426 cratis
1605 4362 1770 4426 rcermuttis
1796 4381 1861 4424 nou
1892 4361 2061 4425 inutilibus

396 4467 541 4543 adiectis,
578 4465 632 4530 scd
659 4488 800 4530 errorum
834 4487 898 4529 reon
929 4485 1062 4545 prorsus
1089 4466 1246 4543 iciuraa-is,
1278 4466 1514 4529 Frobeniauam
1549 4466 1662 4529 iterum
1695 4465 1847 4544 expressit
1876 4464 1988 4546 Mipne
2022 4465 2060 4526 iu

398 4569 595 4651 Patroiopiac
625 4572 703 4633 tcum
729 4569 790 4647 cI,
814 4572 995 4633 811-816.
1051 4567 1256 4634 bt'attcnbacb
1289 4564 1439 4650 cuniam,
1473 4590 1562 4650 arara
1588 4573 1623 4632 ut
1649 4569 1686 4631 in
1711 4569 1788 4633 abiis
1814 4568 1905 4632 rebus
1934 4568 1970 4630 in
1999 4567 2061 4632 bac

398 4692 515 4753 qouque
532 4672 665 4736 editione
674 4673 826 4752 paranda
838 4673 944 4737 ducem
954 4671 1150 4754 potissimum
1164 4671 1332 4752 sequimur,
1355 4692 1409 4751 ope
1420 4672 1556 4735 codiucm
1571 4671 1737 4735 destitutus
1746 4671 1860 4750 paucis
1873 4669 2061 4752 quibusdam

397 4776 473 4839 locis
500 4775 671 4838 cmmodatis
700 4775 795 4841 Gabci
824 4775 954 4857 uestipia
983 4779 1104 4838 secutus
1136 4777 1190 4839 est.
1250 4774 1294 4837 In
1327 4774 1523 4844 bibliothecae
1549 4796 1570 4843 a
1597 4774 1698 4853 Iaffco
1724 4774 1865 4837 conditae
1895 4777 1972 4836 tonia
2000 4771 2059 4850 VI,

400 4881 545 4942 81-131
572 4882 690 4941 tectum
712 4878 757 4941 ita
779 4878 940 4958 expressit,
963 4883 998 4941 ut
1021 4879 1055 4940 iu
1077 4877 1218 4957 ricarpiue
1232 4897 1389 4940 citriorum
1407 4897 1536 4941 uccnrcro
1554 4877 1672 4941 articcto
1686 4879 1766 4942 iocos
1778 4898 1896 4959 q¹uoauc
1911 4875 2061 4940 bistoriac

399 4980 620 5045 ecclesiasticae
641 4979 817 5062 Apulorum
842 4980 1003 5058 indicaret,
1026 5000 1102 5061 quos
1124 4979 1282 5043 Aieuirucs
1304 4980 1444 5044 versibus
1463 4979 1673 5043 adrcmbraoit.

509 5091 653 5157 Germ-ini
674 5091 711 5156 de
732 5092 850 5156 sancus
871 5092 1121 5156 Eboracum-ibus
1146 5095 1226 5154 1657
1249 5091 1389 5156 uersibus
1417 5091 1607 5179 becamctris
1636 5092 1798 5172 coraposito
1825 5093 1861 5156 ob
1882 5093 2061 5174 arpraueuti

398 5193 634 5258 siiaititudiucm
661 5194 823 5258 Aclberbti
851 5197 1044 5278 epitaphium
1065 5218 1096 5263 a.
1120 5199 1181 5260 160
1208 5195 1364 5259 conditum
1399 5196 1617 5277 adiuupimus,
1652 5195 1734 5277 quod
1766 5196 1909 5278 quarnois
1941 5195 2062 5260 dicabirs

399 5295 566 5374 codicibus,
596 5297 775 5361 Parisicnsi
796 5301 939 5380 utroque,
963 5303 1047 5363 6317
1070 5299 1243 5382 (cumidem
1264 5298 1300 5363 S.
1322 5298 1460 5381 1161111911
1488 5297 1666 5380 Renibus-is)
1692 5299 1716 5379 f.
1742 5302 1783 5363 39
1805 5299 1922 5363 sucendi
1943 5297 2008 5362 IX.
2032 5303 2062 5362 et

404 5402 506 5463 16367
520 5401 545 5480 s.
563 5403 603 5463 43
618 5399 736 5462 saccali
750 5399 802 5478 Χ.,
824 5400 893 5463 sine
907 5403 1044 5464 auctoris
1059 5401 1183 5464 naariae
1200 5400 1347 5479 traditur,
1371 5403 1449 5482 acria
1462 5401 1607 5479 Atcuiuo,
1623 5401 1777 5482 discipido
1792 5403 1860 5466 cius
1872 5400 2062 5483 pratissimo,

400 5502 549 5566 oimiicem
565 5502 692 5565 eriniaco
708 5501 823 5566 dubito.
867 5503 917 5567 De
940 5504 1030 5568 tibris
1046 5503 1292 5581 Parisicnsibus,
1314 5525 1390 5585 arcos
1414 5505 1478 5584 ipsc
1499 5505 1605 5581 coetui,
1628 5504 1771 5585 conferas
1783 5503 2002 5584 Bibliottiiaue
2023 5504 2062 5568 dc

401 5604 501 5672 c’e'cou
523 5605 577 5669 des
599 5605 720 5670 abertas
743 5610 774 5668 5.
797 5607 857 5670 sir.
882 5605 927 5692 (a.
954 5606 1049 5692 1862)
1074 5609 1144 5670 tora.
1166 5607 1238 5686 III,
1262 5609 1335 5688 366,
1360 5610 1422 5670 566
1445 5611 1474 5670 et
1494 5606 1599 5674 Neues
1620 5605 1739 5675 Arctiia
1761 5606 1783 5672 I
1789 5605 1823 5684 V,
1849 5610 1919 5680 126,
