4756 6412
764 403 902 457 VERSUS
921 404 967 457 llll
986 403 1124 460 BIBLllS.
1158 405 1208 460 AD
1226 405 1369 460 GlSLAM.

530 598 542 634 ⁵
601 576 734 643 Caelica
757 599 859 663 regna
881 599 971 664 paro,
994 577 1158 642 mundana
1181 578 1383 665 sophismata
1405 580 1524 665 pando,

686 679 847 745 Omnibus
872 681 905 744 in
927 681 1026 747 rebus
1049 682 1159 768 polleo
1183 682 1252 745 sive
1276 683 1359 747 cluo.
1389 751 1394 764 ,

602 783 704 850 Utere
729 806 792 866 me,
815 786 929 867 lector,
951 785 1136 870 mentisque
1160 785 1193 848 in
1216 784 1295 850 sede
1318 786 1438 866 locato,

688 889 835 976 Cumque
858 891 979 955 librum
1002 893 1088 978 petis
1112 891 1208 971 hunc,
1232 893 1275 955 sit
1297 892 1357 957 tibi
1380 892 1448 957 lota
1470 913 1594 956 manus.

996 1333 1120 1401 xum.

922 1479 987 1551 no
1015 1477 1204 1551 oiston.
1232 1567 1234 1572 v

601 1629 704 1708 Gisla,
727 1627 858 1692 favente
882 1626 943 1691 deo
967 1626 1156 1692 venerabile
1180 1628 1311 1712 suscipe
1335 1626 1466 1706 donum,

684 1731 780 1805 Quod
802 1731 862 1796 tibi
884 1730 1089 1795 Theudulfus
1113 1730 1168 1795 dat
1190 1736 1284 1817 pater
1306 1751 1384 1796 ecce
1408 1733 1514 1797 tuus¹.

602 1836 686 1900 llam
709 1835 769 1900 tibi
791 1834 983 1920 psalterium
1006 1835 1162 1920 praecepi
1185 1835 1323 1898 scribier
1345 1834 1442 1914 istud,

682 1936 831 2022 Argenta
854 1943 953 2022 atque
979 1959 1059 2001 auro
1083 1936 1169 2023 quod
1192 1937 1319 2002 radiare
1344 1937 1446 2003 vides.

531 2065 543 2102 s
600 2041 673 2116 Quo
695 2041 784 2127 prior
806 2039 961 2105 Hebraeo
985 2039 1162 2105 coneordat
1185 2041 1308 2125 pagina
1330 2061 1420 2121 vero,

682 2144 793 2208 Editio
816 2153 852 2208 ut
875 2145 984 2230 prisea
1006 2151 1062 2210 est.
1079 2164 1157 2209 mox
1179 2143 1282 2208 habet
1304 2143 1380 2208 inde
1404 2165 1557 2228 sequens.

602 2248 691 2323 Quas
713 2247 799 2313 bene
823 2248 1046 2333 Hieronymus
1070 2248 1154 2312 lranc
1178 2249 1351 2328 transfert,
1376 2247 1510 2332 corrigit
1533 2248 1631 2322 illam,

684 2351 845 2418 Sensibus
868 2352 1011 2437 egregiis
1035 2357 1183 2435 utraque,
1208 2351 1315 2430 credo,
1339 2351 1464 2416 micat².

600 2454 748 2519 Adsidua
770 2453 856 2538 quod
881 2461 917 2518 tu
941 2461 975 2519 et
996 2452 1143 2518 studiosa
1166 2460 1275 2518 mente
1299 2453 1483 2538 frequenta,

519 2585 543 2623 ιο
691 2558 850 2624 Sensibus
873 2563 971 2642 atque
995 2558 1067 2622 cius
1091 2564 1224 2622 strenua
1248 2558 1351 2623 subde
1375 2565 1458 2623 tuos.

600 2665 769 2749 Organum
791 2663 854 2727 hoc
878 2663 911 2726 in
937 2662 1074 2747 gremio,
1096 2661 1318 2727 modulamina
1340 2669 1450 2727 mente
1473 2669 1595 2742 teneto,

685 2766 760 2832 Hoc
783 2766 921 2852 plectro,
944 2765 995 2828 his
1020 2765 1126 2829 sistris
1150 2766 1192 2829 sit
1214 2771 1270 2829 tua
1292 2766 1391 2852 plena
1413 2787 1539 2830 manus.

598 2871 673 2936 Hoe
697 2877 729 2936 te
753 2870 849 2936 dulce
872 2870 976 2935 melos
999 2877 1138 2950 recreet,
1161 2870 1244 2936 haee
1268 2878 1425 2956 tympana
1446 2871 1565 2956 plecte,

683 2974 778 3039 Haec
802 2981 897 3039 sonet
920 2973 1023 3059 harpa
1046 2974 1116 3052 tibi,
1139 2981 1326 3059 perstrepat
1349 2975 1413 3038 ista
1435 2974 1516 3059 lyra.

520 3103 544 3139 n
603 3077 676 3142 Hoc
700 3076 797 3141 modo
821 3076 992 3157 cantando,
1017 3076 1112 3141 modo
1136 3077 1365 3162 pertractando
1389 3099 1530 3156 recurre,

685 3181 758 3255 Quo
782 3201 878 3266 mage
902 3180 1031 3245 divinus
1055 3180 1131 3244 hine
1153 3182 1213 3245 tibi
1237 3189 1365 3246 crescat
1393 3203 1493 3247 amor.

599 3283 747 3348 Adsidue
771 3284 799 3348 si
822 3305 907 3364 ores,
930 3284 992 3348 tibi
1016 3284 1059 3347 sit
1083 3283 1110 3346 si
1133 3284 1231 3347 lectio
1255 3284 1381 3357 erebra,

682 3386 760 3472 Ipsa
783 3386 846 3451 deo
870 3387 1026 3471 loqueris,
1050 3393 1084 3451 et
1107 3385 1188 3450 deus
1212 3387 1276 3472 ipsi
1299 3387 1368 3452 tibi.

601 3490 651 3555 Sit
673 3491 734 3554 tibi
756 3491 848 3574 larga
870 3489 1013 3570 manus³,
1037 3511 1145 3555 mores
1169 3492 1302 3576 compti,
1326 3493 1411 3557 aetio
1435 3492 1588 3578 prudens,

517 3616 543 3655 ro
690 3592 786 3659 Unde
810 3594 950 3666 creatori
973 3594 1035 3658 rite
1059 3595 1192 3680 placere
1215 3615 1327 3678 queas.

604 3698 655 3762 Sit
677 3698 772 3762 lanae
796 3696 949 3774 studium,
973 3697 1016 3761 sit
1039 3719 1116 3762 cura
1138 3697 1320 3763 domestica
1344 3721 1484 3786 semper,

686 3803 782 3869 Mens
805 3811 948 3889 tuaque
972 3804 1111 3868 famulos
1134 3805 1287 3882 mulceat,
1310 3811 1407 3889 atque
1430 3804 1545 3869 virum.

599 3907 739 3972 Actibus
761 3908 795 3971 iu
819 3909 945 3973 cunctis
968 3915 1079 3973 teneat
1102 3908 1256 3973 diseretio
1280 3929 1428 3992 regnum,

683 4012 756 4077 Hac
780 4033 896 4077 ornere
919 4012 1036 4094 libens,
1059 4012 1121 4077 hac
1145 4012 1226 4077 duce
1250 4012 1317 4076 vita
1339 4019 1461 4077 manet.

517 4139 543 4177 a
604 4114 730 4201 Sperne
754 4115 890 4196 malum,
915 4123 1042 4180 sectare
1064 4114 1197 4194 bonum,
1222 4136 1300 4200 gere
1325 4123 1442 4180 cuncte
1464 4115 1631 4197 decenter,

685 4218 813 4284 Efferat
835 4225 871 4283 ut
893 4240 1027 4305 prorsus
1050 4224 1083 4283 te
1106 4239 1269 4305 generosa
1291 4219 1389 4283 salus.

601 4322 700 4387 Casta
723 4323 798 4408 vige
822 4323 943 4387 coniux
966 4323 1100 4406 longum
1125 4313 1197 4386 cum
1221 4322 1360 4406 coniuge
1385 4328 1486 4404 casto,

683 4425 727 4490 Et
749 4447 809 4491 vos
833 4426 970 4492 effectus
993 4426 1149 4491 laetificet
1172 4425 1305 4491 sobolis.

602 4529 710 4595 Sueve
733 4566 776 4579 --
798 4550 872 4614 que,
896 4529 999 4604 Gisia,
1024 4535 1080 4594 tuo
1103 4529 1245 4595 feliciter
1267 4535 1360 4594 utere
1385 4565 1426 4576 -
1449 4530 1545 4611 rico⁴,

517 4658 543 4697 ro
689 4635 837 4720 Cumque
860 4635 916 4700 illo
939 4635 1022 4700 felix
1044 4633 1144 4699 dante
1168 4655 1304 4700 senesce
1327 4634 1400 4699 deo.

1357 4810 1402 4815 .-.
1411 4811 1486 4816 .,--.
1496 4812 1603 4818 —--—-
1613 4811 1784 4818 -—-——·-—-—-

336 4926 443 4995 [XLIII]
462 4948 493 4982 ca·
510 4931 569 4983 ertu.
588 4930 722 4983 Sir-mendi
735 4949 765 4997 p.
785 4928 835 4982 193
853 4933 870 4981 l.
891 4933 928 4982 111
946 4949 966 4982 c.
985 4933 1021 4982 tv
1125 4929 1159 4982 25
1178 4932 1243 4982 mala
1262 4931 1291 4994 S,
1309 4931 1404 4982 malum
1422 4949 1489 4982 corr.
1508 4931 1581 4982 Watt.

338 5083 364 5150 1)
379 5085 464 5153 pater
480 5083 609 5138 mimirum
628 5083 722 5152 factrus
739 5085 802 5137 aute
820 5089 976 5153 susceptum
994 5083 1187 5154 episcopatum.
1206 5085 1235 5137 S.
1311 5083 1338 5150 2)
1357 5083 1423 5137 Duo
1440 5083 1514 5138 circa
1528 5083 1694 5154 psalterium
1709 5081 1892 5154 praestiterat

233 5183 437 5256 Hieronymus:
465 5186 589 5257 priscam
612 5186 694 5242 iusta
718 5187 904 5258 Septuapinta
927 5187 1076 5241 urraiomm
1103 5186 1273 5250 emendarat,
1301 5189 1327 5240 ct
1350 5201 1448 5240 uoaam
1470 5188 1585 5242 altermu
1611 5187 1694 5242 iuxta
1723 5185 1891 5242 Hebraicam

229 5289 407 5358 procuderet.
453 5288 602 5359 Utriusque
619 5291 711 5361 operis
729 5289 775 5345 aui
798 5289 917 5344 meminit
939 5287 990 5343 sub
1004 5289 1088 5357 finem
1107 5289 1173 5342 libri
1190 5289 1211 5340 I
1226 5288 1359 5344 adversus
1377 5289 1516 5359 Rufinum.
1547 5290 1697 5360 Utrumque
1720 5289 1841 5344 Ttrodul
1858 5303 1891 5341 ua

232 5393 263 5446 iu
276 5393 327 5450 lroc
340 5409 391 5447 suo
404 5393 496 5447 codice
508 5395 683 5449 coniunctum
696 5393 842 5463 ripaificat.
853 5393 882 5447 S.
946 5394 973 5458 3)
995 5391 1037 5460 Cf.
1049 5393 1238 5464 eapropter>
1250 5410 1273 5448 a.
1287 5394 1328 5447 87.
1388 5393 1416 5462 4)
1435 5394 1481 5448 Sic
1499 5393 1638 5463 tenemium
1650 5411 1684 5449 ec
1695 5393 1892 5462 manuscripto,

231 5511 287 5550 nou
305 5496 401 5550 Erico.
437 5497 533 5551 Gislac
552 5497 622 5551 euim
639 5497 768 5552 umritum
786 5496 877 5566 iuquit
895 5495 985 5564 fuisse
1001 5495 1193 5562 Suararieum,
1212 5497 1292 5552 cuius
1309 5512 1405 5550 rromeu
1422 5497 1503 5550 metri
1519 5511 1606 5552 causa
1624 5495 1723 5550 diuidit
1742 5537 1766 5551 ..
1785 5495 1892 5550 Fumat

232 5605 322 5654 autem
344 5599 421 5668 apud
446 5601 611 5655 Aurelianos
635 5617 692 5655 uon
710 5606 773 5655 cute
786 5601 924 5669 plurimos
946 5615 1036 5654 aanor
1054 5600 1227 5655 Suauaricua
1251 5601 1322 5654 ulter
1339 5600 1494 5669 episeopus,
1512 5615 1627 5669 atrocum
1648 5603 1679 5654 ut
1701 5601 1821 5664 uomiue,
1851 5600 1892 5654 ita

233 5707 258 5756 rt
275 5719 374 5772 prum-e
391 5703 565 5756 corriunrtum
583 5705 655 5759 bunc
673 5705 763 5774 [ruisse
781 5705 938 5759 verisimilis
956 5710 994 5758 ert
1013 5703 1177 5760 coniectum.
1192 5706 1219 5761 S.
