4554 6434
1063 398 1213 454 ALCUINI
1231 398 1407 454 casulum.

1211 658 1269 723 VI.

631 783 870 858 ALCUINUS
897 781 1076 858 ΑΒΒΑΒι
1106 783 1403 856 CONPOSSUIT
1430 781 1525 854 HOS
1552 780 1738 853 VERSUS
1766 781 1848 869 QUI

858 907 906 980 IN
933 906 1031 980 HAG
1061 904 1242 978 PAGINA
1271 901 1622 977 CONTINENTUR.

783 1039 882 1120 Crux,
906 1040 1008 1106 decus
1032 1038 1213 1118 osmundi,
1236 1039 1331 1104 lessu
1354 1037 1395 1103 de
1419 1039 1578 1123 sanguine
1602 1045 1726 1102 sancto.

782 1141 857 1208 Rex
879 1141 961 1207 deus
985 1164 1028 1208 ex
1051 1165 1146 1208 cruce
1170 1141 1303 1206 donavit
1325 1143 1468 1206 caeleste
1492 1140 1645 1205 tribunal.

782 1243 897 1309 Victor
918 1245 1063 1310 tollendo
1087 1246 1173 1310 mala
1194 1251 1320 1330 regnat,
1343 1244 1421 1308 vicit
1444 1253 1477 1310 ct
1499 1244 1628 1309 hostem

782 1348 925 1430 xristus,
948 1355 1059 1414 nostra
1082 1349 1170 1413 cruci
1193 1348 1336 1433 grandis,
1360 1369 1411 1428 en,
1434 1348 1541 1412 hostia
1563 1349 1639 1414 fixa.

715 1495 718 1506 ·
782 1451 901 1516 Pastor
924 1472 1002 1516 oves
1027 1452 1168 1516 moriens
1192 1450 1310 1516 dextro
1333 1459 1468 1516 sanante
1491 1451 1640 1516 redemit.

781 1554 910 1640 Inclyta
933 1560 1046 1619 sancta
1069 1555 1168 1634 salus,
1191 1555 1271 1639 ligni
1293 1555 1490 1620 venerabilis
1514 1577 1570 1620 ore

782 1655 996 1720 Absolvendo
1019 1655 1120 1721 trahit
1142 1654 1307 1742 praedam,
1332 1658 1462 1722 carnale
1485 1658 1638 1742 ligamen.

784 1757 925 1823 Vinctus
949 1759 1036 1824 enim
1058 1781 1119 1822 nos
1143 1781 1201 1823 rex
1225 1780 1369 1824 summus
1393 1759 1542 1825 solvebat
1564 1766 1598 1825 et
1619 1761 1701 1848 ipse,

782 1860 826 1924 Et
848 1859 1004 1925 tradendo
1028 1861 1116 1925 cruci
1138 1860 1238 1924 vitem
1261 1859 1302 1924 de
1325 1867 1429 1926 morte
1452 1862 1662 1948 thriumphst.

782 1963 889 2046 Regia
912 1969 1024 2026 sancta
1046 1969 1139 2047 patet
1161 1962 1272 2027 mundi
1296 1963 1341 2027 sic
1363 1963 1459 2028 hoste
1482 1973 1663 2053 perempto.

784 2065 934 2151 Amplius
957 2065 1039 2130 haec
1062 2071 1130 2128 toto
1154 2064 1316 2130 laudanda
1337 2067 1449 2150 vigore
1472 2068 1641 2153 patebunt.

784 2168 886 2254 Signa
908 2167 1053 2254 gerenda
1075 2168 1170 2231 bonis
1192 2189 1268 2232 nam
1291 2175 1424 2233 cernent
1447 2171 1556 2235 omnia
1579 2193 1687 2252 sensu,

782 2271 891 2336 Altius
913 2277 949 2334 ut
970 2269 1114 2350 videant,
1138 2277 1217 2355 quot
1241 2272 1338 2336 solvit
1360 2273 1469 2358 passio
1493 2281 1606 2339 sancta

782 2373 942 2438 Luctibus
964 2374 1107 2438 aeternis
1130 2395 1294 2459 unumque
1318 2397 1339 2439 c
1360 2381 1506 2462 tempore
1530 2377 1661 2460 victum,

783 2476 830 2540 Ut
852 2497 985 2563 pressos
1007 2477 1114 2562 plagis
1138 2485 1268 2542 sanaret
1290 2477 1331 2542 ab
1354 2479 1477 2554 hostis;
1500 2487 1533 2546 et
1556 2481 1630 2546 istic

785 2578 836 2644 Sit
858 2601 943 2646 nunc
965 2587 1077 2644 nostra
1100 2581 1198 2658 salus,
1222 2581 1374 2646 excelsus
1398 2604 1494 2647 verus
1515 2583 1647 2670 Ioseph,

783 2682 906 2746 Passus
929 2682 963 2746 in
985 2703 1061 2746 arce
1085 2684 1189 2748 crucis
1213 2684 1270 2762 sic,
1293 2706 1334 2748 ne
1358 2684 1530 2750 seduceret
1553 2709 1643 2753 error

782 2785 940 2850 Afficiens
964 2786 1112 2850 homines
1136 2786 1337 2872 trudensque
1361 2810 1403 2852 ex
1426 2789 1499 2854 luce
1523 2790 1609 2872 fldci,

783 2888 908 2954 Rector
929 2889 962 2952 in
987 2889 1075 2969 orbe,
1099 2890 1163 2956 tuis
1188 2891 1314 2955 sanavit
1338 2893 1449 2957 saecla
1471 2893 1599 2978 sigillis.

784 2991 842 3072 Te,
865 3013 939 3057 mea
962 2991 1037 3072 vita,
1062 2994 1159 3072 salus,
1183 2993 1243 3057 tibi
1266 3000 1392 3058 tantum
1416 2997 1543 3060 cantica
1565 2996 1684 3062 condet

783 3095 827 3159 llt
849 3115 1011 3180 generosa
1033 3104 1130 3161 canet
1151 3118 1216 3161 vox
1239 3119 1370 3184 semper
1392 3099 1546 3178 carmina,
1571 3108 1685 3185 aperto

783 3198 818 3264 Si
841 3199 940 3263 liceat
963 3199 1098 3285 plectro,
1122 3200 1198 3285 quia
1220 3201 1327 3265 clarus
1351 3202 1493 3266 carmine
1516 3201 1624 3267 David

782 3300 966 3368 Insistendo
990 3302 1106 3387 probat
1128 3303 1272 3388 pretioso
1296 3311 1408 3368 sancta
1430 3311 1575 3369 coturno.

785 3405 889 3470 Nobis
912 3397 1089 3470 testificare
1113 3404 1234 3470 decens
1257 3428 1331 3472 esse
1354 3407 1429 3473 inde
1452 3415 1611 3494 paratum,

786 3507 891 3581 Quem
914 3507 1053 3593 primum
1077 3509 1216 3594 incoepi,
1240 3515 1275 3572 tu
1300 3509 1419 3574 Christi
1443 3532 1534 3576 sume
1558 3513 1701 3599 superni,

783 3609 873 3674 Vera
896 3611 995 3690 salus,
1019 3612 1187 3690 calamum,
1212 3617 1247 3674 tu
1270 3611 1327 3676 lux
1350 3612 1404 3698 pia
1426 3619 1602 3698 sanctaque
1626 3614 1702 3679 dein

782 3711 881 3776 Alma
902 3711 1008 3776 crucis
1030 3712 1154 3776 vexilla
1177 3719 1296 3776 canunt
1318 3714 1455 3798 gentilia
1478 3716 1597 3787 saecla,

783 3814 868 3879 Tota
889 3820 1032 3879 tremens
1056 3815 1165 3894 tellus,
1189 3815 1324 3880 effertur
1347 3823 1380 3881 et
1401 3818 1497 3882 unice
1520 3839 1640 3883 nomen

783 3916 954 3981 Testiticat
976 3916 1096 3980 crucis:
1120 3937 1171 3996 cn,
1195 3937 1291 3981 orans
1315 3918 1448 3984 subtilis
1470 3919 1583 4004 pandit

782 4019 933 4084 Viscera:
957 4039 1042 4084 nuno
1064 4039 1179 4100 vanus,
1203 4019 1384 4102 confossus,
1408 4020 1538 4106 iniquus
1560 4029 1672 4088 avete!

783 4121 998 4207 Omnipotens
1021 4121 1138 4206 fulget:
1162 4123 1204 4186 sit
1227 4122 1326 4188 cordo
1348 4123 1447 4188 beata
1469 4125 1551 4190 fides
1574 4147 1634 4190 nec

783 4225 910 4291 Rursus
933 4224 1057 4310 ylidrus
1080 4234 1158 4310 agat
1180 4227 1284 4290 veteri
1306 4234 1343 4291 ut
1366 4235 1500 4313 pectora
1523 4236 1620 4294 retro.

783 4327 934 4413 Optimus
958 4327 998 4391 ad
1022 4349 1159 4413 regnum
1181 4350 1241 4393 nos
1264 4328 1348 4394 lidus
1372 4337 1404 4395 st
1427 4331 1484 4395 ille
1506 4331 1670 4397 redemtor

782 4431 937 4497 Reddidit
959 4439 993 4496 et
1016 4431 1154 4516 rigidum
1178 4433 1271 4518 signo
1294 4434 1462 4520 superavit
1485 4435 1518 4498 in
1540 4436 1603 4500 isto

700 4559 726 4597 ss
782 4536 985 4622 Belligerum
1008 4542 1159 4600 evertens
1183 4536 1224 4601 de
1246 4537 1339 4622 regui
1362 4544 1449 4602 sorte
1474 4537 1626 4604 Satanan.

783 4639 911 4724 Inclyta
933 4659 1023 4717 crux,
1046 4638 1185 4704 mundus
1208 4639 1308 4704 debet
1330 4640 1390 4704 tibi
1414 4642 1541 4706 solvere
1564 4647 1654 4732 vota:

781 4741 920 4828 Suscipe
945 4741 992 4806 sic
1014 4743 1113 4806 talem
1136 4743 1359 4824 rubicundam,
1383 4744 1481 4824 celsa,
1505 4766 1668 4812 coronam.

487 5001 541 5070 [Vl]
576 5021 606 5055 ac
623 5003 677 5054 cod.
697 5002 776 5054 Rem.
795 4999 846 5052 212
858 5003 884 5069 s.
903 4999 967 5066 123,
990 5004 1094 5054 ultimos
1112 5005 1231 5070 cariusque
1253 5022 1340 5056 srerncc
1362 5007 1449 5056 literas
1472 5005 1597 5070 supplerit
1614 5004 1708 5070 Hagen
1802 5002 1819 5054 9
1837 5005 1876 5054 Ex
1894 5005 2029 5058 tradendo
2048 5006 2086 5072 B,

418 5091 449 5141 m
466 5108 533 5140 corr.
552 5089 646 5156 Hagen
750 5085 784 5138 12
801 5087 948 5152 cernantB,
966 5096 1071 5140 cament
1088 5089 1182 5154 Hapca
1286 5088 1321 5140 28
1338 5093 1410 5142 unito
1419 5090 1452 5156 B,
1470 5091 1546 5141 unice
1563 5090 1633 5156 Hop.
1735 5087 1768 5139 37
1781 5089 1807 5138 a·
1824 5097 1883 5138 cum
1894 5107 1989 5141 versus
2002 5091 2087 5143 baim

417 5177 539 5226 carminis
559 5173 707 5226 acrostichi:
935 5177 1005 5226 Crux
1023 5178 1065 5243 pia
1082 5193 1142 5228 vera
1160 5177 1229 5228 salus
1247 5185 1331 5243 partes
1349 5178 1375 5226 in
1393 5184 1513 5242 quattuor
1530 5176 1605 5226 orbis.

929 5265 1011 5329 Surge
1028 5263 1136 5313 lavanda
1154 5271 1213 5313 tuae
1231 5271 1292 5313 sunt
1309 5263 1412 5313 saecula
1431 5264 1499 5312 sonte
1517 5262 1584 5312 fidei.

928 5351 1004 5400 Alma
1021 5357 1106 5400 teneto
1125 5359 1195 5399 tuom
1213 5349 1314 5398 Christo
1332 5349 1476 5398 dominante
1493 5364 1619 5398 coronam.

929 5437 1004 5486 Salve
1022 5445 1110 5486 sancta
1127 5435 1223 5486 rubens
1240 5435 1339 5500 fregisti
1356 5434 1461 5484 vincula
1478 5434 1574 5484 mundi.

930 5523 1008 5589 Signa
1026 5524 1109 5573 valete
1126 5522 1200 5572 noris
1216 5527 1326 5570 reserate
1343 5520 1471 5570 salutibus
1488 5520 1550 5570 orbi.

522 5675 546 5740 1)
566 5689 601 5727 cs
617 5675 668 5726 too
686 5673 766 5726 titulo
783 5673 817 5726 dc
834 5679 961 5742 ternpore,
980 5690 1034 5742 quo
1052 5673 1101 5725 hoc
1120 5686 1227 5724 carnoten
1240 5673 1416 5740 conspoas‘tum
1429 5687 1487 5724 esce
1495 5670 1628 5739 potuerit,
1647 5671 1695 5724 otc
1708 5667 1816 5738 aliquid
1826 5667 1956 5736 colligere
1970 5672 2080 5729 licebit.
