4694 6428
632 459 770 514 VERSUS
789 461 835 514 DE
853 461 1004 516 SANCTIS
1022 463 1282 518 EUBORICENSIS
1302 464 1500 520 ECCLESIAE.

602 631 666 705 Qui
689 639 798 698 tamen
822 633 1002 720 intrepidus
1025 635 1159 701 hostilia
1181 645 1289 702 castra
1311 640 1426 719 relisit,

496 757 545 794 isso
603 737 687 800 Tela
710 737 935 821 malignorum,
959 760 1090 824 semper
1113 741 1219 805 crucis
1242 763 1332 806 orme
1353 743 1472 807 beatus

602 840 750 925 Belliger
771 862 953 926 opponens,
976 843 1105 926 galeam
1129 850 1322 929 scutumque
1344 845 1432 909 fidei.

602 943 662 1006 Vir
684 944 757 1029 pius
780 944 836 1008 ille
859 944 991 1028 quidem
1014 946 1154 1031 quodem
1178 947 1253 1012 dum
1270 954 1417 1035 tempore
1436 951 1525 1013 solus

601 1045 755 1111 Incubuit
777 1046 940 1133 precibus,
964 1048 1126 1113 meditans
1150 1051 1307 1115 caelestia
1329 1057 1465 1133 tantum,

601 1149 803 1215 Horribilem
820 1151 927 1215 subito
944 1153 1116 1237 strepitum
1132 1153 1229 1217 simul
1248 1161 1345 1239 atque
1362 1155 1526 1240 fragorem

507 1297 512 1311 a
604 1253 750 1332 Audiuit,
774 1255 876 1318 veluti
899 1254 990 1340 vulgi
1014 1257 1216 1341 erumpentis
1240 1257 1273 1321 in
1296 1257 1421 1324 hostes.

602 1357 694 1420 Tunc
717 1357 825 1421 anima
848 1379 890 1422 cx
914 1359 1041 1442 superis
1065 1359 1234 1424 cuiusdam
1256 1360 1395 1426 nubibus
1419 1363 1490 1427 eius

602 1459 688 1522 Ante
712 1459 813 1544 pedes
836 1460 965 1540 cecidit,
988 1462 1088 1526 nimio
1111 1463 1303 1527 tremefacto
1325 1464 1458 1540 timore;

602 1562 707 1636 Quam
730 1583 807 1625 mox
829 1562 924 1627 turba
946 1563 1057 1627 minax
1079 1565 1204 1648 ingenti
1227 1565 1359 1630 horrore
1383 1573 1499 1630 secuta
1520 1575 1571 1630 est

602 1665 686 1728 Cum
708 1665 806 1728 variis
829 1667 983 1730 miseram
1006 1669 1122 1751 poenis
1145 1673 1299 1753 torquere
1324 1670 1500 1734 volentum.

506 1813 512 1826 .,
601 1769 646 1832 At
668 1775 763 1853 pstor
784 1769 840 1834 ille
863 1770 936 1855 pius
960 1770 1097 1855 placidis
1120 1771 1328 1856 amplexibus
1350 1773 1441 1836 illam

602 1872 751 1957 Arripuit
772 1874 907 1956 gremio,
932 1875 1106 1960 statimque
1130 1875 1264 1960 inquirit
1286 1875 1327 1940 ab
1350 1875 1417 1955 ille,

602 1975 693 2048 Quae
717 1981 817 2056 esset,
841 1997 899 2040 cur
921 1977 1059 2061 lugeret,
1082 1977 1208 2042 faceret
1230 1979 1282 2042 vel
1305 1999 1389 2063 quae
1417 1980 1525 2042 mala?
1556 1977 1618 2041 Oui
1640 1984 1716 2040 tunc

601 2078 797 2166 Respondit:
821 2079 1027 2159 ι1111111111,
1052 2079 1111 2144 sed
1133 2087 1244 2144 mente
1268 2082 1411 2165 maligna

601 2182 759 2246 Feminea
781 2183 952 2268 amplexus
975 2182 1126 2248 menibus
1150 2204 1222 2248 sum
1237 2190 1371 2270 pectora
1389 2191 1524 2256 tantum.

505 2309 543 2342 .1
602 2286 646 2349 Et
668 2286 797 2371 culpam
821 2285 937 2349 erubui
959 2286 1073 2349 vivens
1096 2287 1129 2350 in
1153 2307 1249 2352 carne
1273 2287 1378 2351 lateri.

601 2389 695 2454 Nunc
719 2388 840 2453 idcireo
864 2389 925 2453 feri
948 2387 1037 2453 duris
1061 2390 1247 2454 incursibus
1270 2391 1383 2456 hostes

599 2493 665 2557 Por
687 2492 821 2576 triginta
843 2490 914 2556 dies
937 2513 1043 2557 meme
1067 2499 1220 2577 torquere
1244 2502 1432 2579 sequuntur.

600 2595 671 2659 Nec
694 2595 903 2680 captemini,
927 2594 985 2660 sed
1008 2617 1068 2660 nec
1092 2617 1208 2661 secura
1230 2599 1392 2663 remansi'.

599 2699 690 2763 Tunc
712 2699 857 2763 terrebat
879 2720 954 2764 eum
978 2701 1121 2765 clemens
1145 2721 1189 2765 ex
1210 2701 1360 2766 hostibus
1383 2724 1484 2767 unus:

505 2845 509 2858 .
600 2801 685 2865 ‘Non
707 2800 805 2867 hodie
828 2802 978 2886 effugies,
1001 2823 1062 2866 nec
1085 2803 1113 2866 si
1135 2804 1280 2868 tenearis
1303 2805 1336 2867 in
1359 2805 1445 2870 ulnis

600 2904 700 2982 Petri,
725 2903 783 2969 sed
805 2905 939 2968 merite·
962 2906 1108 2992 patieris,
1133 2907 1285 2992 pessime,
1309 2910 1453 2993 poenas’.

601 3007 741 3072 Sanctus
764 3013 797 3070 et
819 3007 964 3072 irascens
987 3008 1078 3073 Petri
1102 3009 1249 3074 convicia
1270 3009 1437 3095 propter,'

599 3111 694 3175 Haec
718 3111 779 3174 ait:
811 3109 909 3174 ‘Ecce
938 3111 1045 3176 minor
1073 3113 1199 3177 meritis
1223 3133 1295 3177 sum
1318 3113 1444 3178 centies
1467 3115 1524 3178 illo

599 3214 752 3299 Principe
775 3215 971 3299 apostolico;
995 3215 1054 3279 sed
1077 3214 1118 3280 de
1141 3217 1264 3302 pietate
1287 3218 1430 3282 tonantis

603 3317 779 3383 Confidens
803 3318 875 3384 dico
898 3320 968 3398 tibi,
995 3326 1072 3383 trux
1095 3326 1128 3384 et
1151 3339 1248 3384 saeve
1271 3324 1422 3404 tyranne:

600 3423 674 3487 Non
697 3422 795 3488 hodie
818 3423 964 3510 portabis
989 3443 1061 3488 eam
1085 3423 1146 3487 sub
1170 3428 1291 3514 tartara
1313 3425 1445 3489 tecum'.

600 3526 692 3591 Tune
715 3527 787 3612 pius
811 3527 1013 3591 interventor
1034 3525 1133 3590 humo
1156 3525 1383 3611 prosternitur,
1406 3533 1503 3611 atque

602 3629 686 3694 Cum
709 3630 852 3695 lacrimis
875 3629 1005 3694 domino
1028 3650 1086 3715 pro
1110 3630 1207 3715 culpa
1230 3630 1394 3714 supplicat
1415 3629 1482 3697 illa.

600 3732 671 3797 Nec
694 3733 785 3818 prius
809 3732 864 3796 ille
888 3753 1003 3818 preces
1027 3730 1157 3796 desistit
1178 3729 1316 3796 tundere
1340 3752 1460 3813 sacras,
1535 3773 1536 3776 =

603 3837 709 3911 Quem
731 3836 872 3923 propriis
895 3836 1036 3900 animam
1059 3834 1138 3899 ferri
1160 3832 1298 3898 vidisset
1321 3834 1436 3898 ocellis

600 3940 710 4004 Altius
733 3940 899 4024 angelicas
923 3939 1006 4003 eseli
1030 3958 1130 4023 super
1151 3943 1241 4000 astra
1262 3957 1322 4023 per
1343 3937 1449 4001 ulnss.

648 4042 714 4106 Per
736 4063 865 4128 quoque
889 4043 953 4106 iem
975 4042 1081 4106 veteri
1104 4041 1298 4126 signumque
1322 4041 1495 4126 aequabile
1519 4041 1613 4126 signo

602 4145 677 4210 Hoc
700 4146 741 4211 de
763 4153 857 4233 petre
880 4147 934 4232 pio
957 4147 1062 4231 gessit
1085 4146 1260 4210 clementis
1283 4143 1414 4210 Christi.

602 4249 686 4313 Nem
707 4251 798 4314 velut
820 4270 1002 4335 aequoreas
1024 4249 1143 4313 Petrus
1167 4249 1351 4313 calcaverat
1371 4247 1476 4312 undas

606 4350 660 4416 Sic
683 4351 758 4416 huic
782 4353 905 4424 evenit;
934 4351 1087 4436 gradiens
1116 4371 1191 4414 nam
1214 4356 1363 4436 tempore
1386 4349 1525 4437 quodam

603 4455 709 4540 Rupis
732 4455 766 4518 111
788 4456 942 4520 excelsae
965 4460 1140 4540 praerupto
1163 4453 1322 4538 margine,
1346 4475 1425 4518 casu

604 4557 751 4642 Contigit
772 4564 808 4622 ut
831 4556 979 4623 cederet:
1004 4557 1063 4622 sed
1085 4557 1237 4621 fluctibus
1260 4557 1316 4621 ille
1340 4558 1473 4623 morinis

605 4661 775 4741 suffultus,
799 4660 945 4746 graditur
968 4661 1063 4726 siccis
1087 4681 1185 4746 super
1207 4680 1350 4746 aequore
1371 4662 1503 4746 plantis,

603 4765 648 4830 Et
670 4786 731 4838 ceu
754 4785 829 4829 rura
853 4765 915 4829 soli
938 4771 1112 4850 premeret,
1137 4764 1183 4828 sic
1206 4764 1352 4828 ambulat
1374 4763 1471 4829 undis

499 4891 548 4930 roro
603 4869 684 4948 Ism,
707 4868 771 4932 nisi
795 4867 882 4953 quod
905 4868 1011 4933 levius
1035 4872 1225 4952 susceperat
1245 4866 1333 4931 unda
1356 4873 1513 4948 ruentem,

605 4974 710 5047 Quam
734 4972 763 5036 si
786 4970 866 5036 dura
888 4971 992 5036 virum
1015 4970 1221 5055 accepissent
1243 4989 1322 5032 arva
1344 4967 1526 5034 cadentem.

603 5075 690 5140 Dum
714 5075 788 5155 ruit,
812 5073 899 5138 unde
920 5074 1001 5153 fluit,
1025 5094 1120 5137 casus
1142 5093 1184 5137 ne
1206 5071 1354 5137 laederet
1376 5071 1482 5136 illum:

602 5179 779 5246 Gressibus
802 5182 1044 5256 ammonent,
1068 5177 1160 5240 illum
1182 5197 1224 5240 ne
1247 5183 1412 5261 mergeret
1433 5197 1567 5263 aequor.

602 5285 760 5349 Ambulat
781 5301 860 5368 ergo
883 5281 967 5347 freto
991 5279 1106 5360 solido,
1130 5300 1191 5345 ceu
1214 5280 1343 5346 tramite
1366 5286 1483 5362 terroe,

499 5408 546 5448 on
604 5387 719 5452 Donec
740 5387 782 5451 ad
802 5385 1000 5470 undivagam
1022 5390 1218 5470 pervenerat
1240 5385 1310 5470 ipse
1334 5384 1488 5466 carinam,

603 5489 706 5562 Quam
728 5511 805 5555 mox
826 5488 998 5555 adscendit
1020 5509 1135 5554 securo
1158 5487 1240 5552 calle
1264 5486 1433 5573 pedester:

346 5645 499 5654 ——.‚-.—-·-·.

345 5744 413 5806 1345
430 5747 531 5800 iuvenis
548 5749 575 5800 111
595 5745 666 5798 Mac.
769 5744 836 5801 1347
857 5749 918 5800 Post
936 5747 1008 5799 Mola
1114 5743 1182 5800 1310
1199 5747 1283 5800 lenius
1301 5743 1371 5796 Mat.
