4988 6434
847 456 985 511 VERSUS
1005 456 1113 510 PETRI
1131 455 1177 509 ET
1197 455 1438 509 ANGELBERTI.

681 631 867 717 Intrepidus
892 652 1032 717 pergens
1056 630 1207 695 rrranibus
1231 630 1387 716 discerpit
1409 630 1552 695 inermis.

680 735 761 798 Cum
785 735 898 820 paucis
922 733 1059 797 Gedeon
1083 755 1217 797 currens
1239 733 1280 797 ad
1302 734 1391 798 bella
1413 734 1617 820 triumphans

678 837 799 900 Extitit
825 846 858 902 et
881 837 986 901 somni
1010 838 1137 923 pigram
1160 835 1201 901 de
1225 836 1370 923 pondere
1394 845 1526 922 gentem

681 941 802 1006 Inlesis
826 941 924 1005 sociis
946 939 1055 1025 gladio
1079 941 1243 1025 percussit
1265 947 1371 1005 acuto.

610 1066 621 1102 s
679 1042 787 1108 David
810 1043 947 1108 Punieei
970 1049 1117 1130 promtus
1141 1045 1317 1108 certamine
1342 1044 1421 1110 belli

677 1147 830 1212 Extinxit
852 1146 1006 1234 pauidum
1029 1168 1187 1233 percusse
1209 1147 1317 1212 fronte
1341 1147 1470 1216 Golian.

678 1251 797 1315 Omnia
818 1273 879 1316 nec
904 1272 1038 1337 possum
1060 1250 1172 1314 tardus
1196 1251 1354 1316 miracula
1377 1251 1498 1316 Christi

679 1355 810 1428 Dicere,
835 1377 918 1440 quae
942 1353 1062 1418 mundo
1086 1377 1144 1440 per
1168 1361 1297 1419 sanctos
1320 1357 1399 1420 feeit
1422 1357 1560 1420 amieos:

678 1458 827 1522 Sollicito
850 1478 992 1542 regnans
1016 1457 1140 1543 poteris
1163 1457 1367 1542 perpendere
1390 1479 1489 1523 sensu

595 1585 619 1619 m
679 1561 772 1636 Quae
796 1562 855 1625 tibi
877 1560 1041 1625 laudanda
1063 1561 1143 1626 feeit
1165 1560 1286 1625 virtute
1310 1568 1445 1626 creator.

678 1666 794 1732 Italiae
818 1688 898 1750 ques
921 1673 1009 1730 terra
1031 1672 1133 1744 tenet,
1157 1687 1238 1750 quas
1263 1664 1373 1730 Gallis
1395 1667 1510 1752 gignit,

675 1769 843 1834 Montibus
867 1768 1054 1832 umbriferis
1076 1768 1179 1832 nutrit
1202 1790 1283 1853 ques
1308 1767 1426 1834 Traeis
1448 1770 1537 1848 felix,

676 1873 771 1938 India
794 1873 946 1938 floriferis
969 1873 1075 1958 pascit
1098 1893 1178 1956 quas
1202 1872 1326 1957 inclyta
1349 1874 1484 1960 campis,

678 1978 867 2042 Undisonus
890 1978 1042 2064 perfusus
1066 1977 1158 2061 aquis
1182 1999 1262 2062 quus
1286 1978 1425 2063 parturit
1448 1978 1547 2058 orbis,
1590 1987 1598 2008 ¹

595 2105 619 2140 ss
677 2081 781 2146 Vobis
804 2081 890 2145 dona
911 2082 1021 2145 ferunt
1045 2080 1193 2144 subiecto
1217 2088 1351 2166 pectore
1375 2087 1503 2165 gentes.

676 2186 924 2250 Vesterbonor
946 2191 1079 2248 maneat
1101 2185 1221 2247 multos
1245 2184 1410 2249 tribuente
1435 2207 1494 2272 per
1516 2207 1619 2250 annos

675 2286 817 2367 Christo,
841 2287 896 2372 qui
917 2287 1074 2351 miserum
1097 2307 1195 2372 passe
1220 2286 1280 2351 sub
1303 2293 1451 2374 tempore
1475 2290 1581 2353 earnis

675 2389 880 2456 Pendentem
902 2391 936 2453 in
958 2390 1047 2475 ligno
1072 2381 1236 2453 latronem*
1256 2388 1350 2454 duxit
1372 2389 1413 2454 sd
1435 2397 1534 2472 astra,

677 2495 741 2568 Qui
763 2494 877 2580 populi
900 2493 998 2558 duros
1021 2491 1192 2558 deseendit
1214 2493 1340 2579 pellere
1364 2495 1505 2576 morbos,

594 2619 619 2657 so
677 2598 812 2684 Frigida
835 2599 889 2684 qui
912 2597 1051 2685 pedibus
1075 2598 1213 2662 calcavit
1235 2606 1370 2684 pectora
1392 2600 1493 2685 ponti,

678 2702 748 2767 Vos
771 2724 909 2790 regnare
932 2704 1007 2789 polo
1031 2702 1130 2767 faciat
1153 2702 1224 2766 sine
1247 2703 1311 2767 fine
1335 2724 1487 2789 superno.

1083 3147 1190 3212 XLII.

654 3287 834 3364 tesrmina
856 3289 948 3352 mitto
972 3289 1082 3368 Petro,
1106 3287 1192 3352 dulei
1216 3286 1376 3372 doctoque
1400 3288 1568 3372 magistro,

761 3391 983 3477 Angelbertus
1007 3414 1068 3477 ego
1092 3393 1236 3456 carmine
1257 3393 1350 3456 mitto
1374 3392 1484 3456 Petro.

676 3496 776 3560 Petre
800 3496 957 3579 magister
977 3495 1071 3574 have,
1095 3494 1245 3559 Christus
1269 3503 1301 3559 te
1326 3496 1431 3558 salvet
1454 3494 1594 3577 ubique;

762 3596 903 3661 Saecula
924 3619 983 3683 per
1004 3597 1112 3682 longa,
1133 3597 1232 3662 Petre
1255 3597 1412 3682 magister
1433 3595 1528 3661 have.

609 3722 619 3757 s
678 3699 800 3765 Rector
824 3701 865 3764 ab
888 3721 950 3764 axe
974 3700 1035 3764 tibi
1058 3700 1179 3765 tribuet
1203 3700 1321 3764 solatia
1344 3720 1487 3784 semper,
1508 3740 1515 3752 ·

708 3813 710 3818 '
760 3804 893 3890 Augeat
916 3810 949 3869 et
971 3804 1072 3868 vitam
1095 3810 1204 3868 rector
1226 3803 1266 3868 ab
1292 3824 1354 3868 axe
1378 3802 1448 3866 tibi.

677 3907 724 3972 Te
747 3913 841 3992 regat
864 3909 1081 3993 omnipotens,
1105 3914 1257 3972 cunctum
1280 3908 1336 3992 qui
1359 3908 1505 3972 eontinet
1528 3908 1658 3982 orbem;

760 4011 920 4097 Tegmine
944 4020 1105 4098 perpetuo
1129 4019 1161 4076 te
1185 4019 1278 4096 regat
1302 4011 1517 4097 omnipotens.

676 4115 828 4196 Fundito,
852 4138 964 4201 queso,
988 4136 1103 4201 preces
1128 4114 1248 4192 Catulo
1272 4137 1331 4201 pro
1355 4135 1433 4199 rege
1455 4114 1627 4200 benignas,

597 4241 621 4276 ιο
764 4219 894 4304 Proque
919 4221 987 4283 suis
1011 4219 1137 4283 eunctis
1160 4218 1287 4282 fundito
1312 4239 1415 4303 queso
1439 4239 1566 4304 preces.

679 4322 731 4386 Sis
755 4344 879 4387 memor
902 4328 999 4407 atque
1023 4323 1068 4408 pii
1090 4323 1192 4408 patris
1215 4343 1333 4407 precor
1355 4321 1603 4406 Angelramni¹‚

759 4426 896 4491 Necnon
917 4427 1061 4512 Rigulfi²
1082 4428 1127 4491 sis
1150 4447 1276 4490 mernor
1298 4433 1395 4512 atque
1419 4426 1473 4512 pii.

678 4530 728 4594 Tu
751 4550 879 4615 quoque
903 4530 1001 4595 Petre
1025 4531 1109 4611 vale,
1131 4531 1201 4594 nati
1223 4550 1350 4594 memor
1373 4536 1444 4594 esto
1468 4529 1596 4612 tuique;

762 4634 900 4720 Semper
922 4635 955 4698 in
978 4641 1159 4710 aeternum,
1183 4641 1218 4698 tu
1240 4653 1369 4719 quoque
1391 4633 1490 4697 Petre
1515 4631 1598 4696 vale.

597 4761 620 4796 1⁵
680 4737 774 4811 Quod
798 4738 858 4802 tibi
880 4741 1004 4825 prImus
1026 4739 1146 4804 hom0³
1167 4741 1332 4824 flagitatus
1355 4759 1520 4802 murmure
1543 4738 1636 4801 nati⁴

761 4841 903 4924 Dixerit,
927 4843 1067 4908 adtende
1091 4843 1178 4928 quod
1200 4842 1260 4906 tibi
1282 4843 1405 4928 primus
1428 4841 1535 4906 homo.

988 4980 1111 5067 Super
1134 4987 1292 5045 cartam.

678 5101 743 5165 Fer
764 5122 839 5166 mea
862 5107 951 5166 certa
972 5122 1046 5166 meo
1068 5102 1154 5188 petri
1176 5102 1364 5186 praecincta
1386 5102 1536 5164 salutem.

417 5395 453 5448 60
469 5397 607 5448 cacsuitP
672 5415 783 5462 aequora
801 5399 889 5464 ponti?
907 5397 950 5464 (cs.
975 5397 1046 5464 Very.
1068 5399 1158 5464 Georg.
1178 5398 1201 5458 I,
1218 5395 1270 5450 469
1287 5399 1365 5448 tellus
1383 5414 1484 5464 quoque
1503 5405 1528 5448 ct
1545 5413 1657 5462 aequora
1675 5394 1755 5462 ponti)

383 5481 474 5550 [XLII]
510 5483 564 5532 cine
582 5483 653 5533 titulo
671 5482 696 5532 B
710 5500 738 5548 p.
757 5481 815 5535 220.
920 5483 955 5536 14
971 5493 1043 5552 patre
1060 5484 1086 5534 B
1191 5483 1224 5535 16
1242 5485 1344 5536 adtente
1362 5483 1387 5533 B

417 5655 443 5720 l)
463 5653 664 5740 archieprscepi
676 5653 821 5708 Mettensis
835 5654 979 5708 tce-791.
1049 5657 1076 5720 2)
1094 5659 1143 5708 aut
1156 5653 1278 5722 episcopi
1292 5653 1461 5707 Calontenses
1473 5653 1554 5707 effi
1567 5683 1599 5692 -
1612 5652 1692 5706 esst
1709 5658 1759 5708 aut
1777 5652 1863 5722 (quod
1874 5654 1967 5710 anirum

309 5759 413 5834 placet)
433 5756 635 5828 archiepiscopi
653 5756 811 5825 Mogontini
830 5757 974 5812 tot-813.
1043 5757 1072 5826 3)
1101 5755 1217 5810 Carolus
1234 5755 1305 5810 rex?
1373 5757 1401 5826 4)
1428 5756 1586 5828 Anqdbendi
1603 5755 1703 5826 ipsius.

1706 5851 1760 5906 10*
