4554 6434
1078 407 1228 464 ALCUINI
1245 407 1420 462 CARMINA.

846 583 937 650 Ultio
960 581 1173 668 consequitur
1195 585 1367 668 peccatum
1389 581 1476 646 iusta
1497 579 1684 656 nefandum,

846 687 890 752 ut
912 687 997 774 perit
1019 685 1136 752 infelix
1159 685 1284 750 crudeli
1305 687 1399 771 peste
1423 691 1621 771 peremptus.

765 811 789 848 ιο
846 789 962 854 Mortis
986 789 1018 852 in
1042 787 1178 851 articulo
1202 785 1315 872 pandit
1337 793 1448 851 tamen
1471 787 1571 872 impia
1592 787 1688 858 furta,

845 891 890 956 Et
912 912 985 977 quo,
1009 911 1093 976 quae
1116 891 1250 972 tulerat,
1273 891 1448 955 latuissent
1471 891 1579 955 omnia
1601 898 1770 956 monstrat.

847 993 919 1068 Quo
942 1000 1102 1081 pereunte
1125 994 1223 1058 timor
1245 994 1348 1059 crevit
1370 1015 1443 1060 cum
1466 993 1617 1058 laudibus
1640 995 1757 1081 ingens

845 1099 1016 1166 Fratribus
1040 1105 1073 1162 et
1095 1099 1229 1184 populo,
1252 1104 1425 1162 cernentes
1447 1098 1557 1162 omnia
1580 1097 1721 1178 Christo,

846 1199 1002 1288 Quaeque
1027 1201 1078 1267 sui
1102 1202 1187 1266 serui
1211 1201 1350 1274 fuerant,
1375 1208 1525 1266 servante
1549 1202 1644 1266 tucri.

710 1429 821 1475 xxxru.
845 1407 973 1473 Nobilis
997 1408 1059 1472 iste
1082 1407 1145 1473 fuit
1166 1429 1284 1492 magna
1307 1406 1347 1472 de
1370 1413 1470 1492 gente
1492 1408 1656 1489 sacerdos,

932 1509 998 1576 Sed
1020 1510 1148 1594 magnis
1172 1511 1274 1573 multo
1298 1507 1437 1574 nobilior
1458 1510 1585 1575 meritis
1595 1511 1616 1574 ¹.

846 1613 893 1678 Ut
915 1613 1037 1678 dudum
1060 1612 1175 1692 cecini,
1198 1611 1339 1678 fecunda
1361 1611 1532 1676 Britannia
1554 1619 1669 1682 mater.

931 1716 1042 1780 Patria
1066 1715 1250 1780 Scottorum
1275 1717 1361 1779 clara
1383 1715 1541 1800 magistra
1562 1717 1625 1780 fuit
1637 1718 1660 1779 ².

778 1845 789 1880 s
845 1819 987 1885 Francia
1009 1818 1067 1883 sed
1090 1819 1172 1884 felix
1197 1820 1315 1904 rapuit,
1340 1825 1524 1892 veneratur,
1546 1819 1700 1900 babebat,

930 1922 1024 1986 Illius
1046 1927 1145 2007 atque
1169 1921 1266 1986 hodie
1289 1920 1434 1986 membra
1457 1921 1586 2008 sepulta
1608 1929 1709 1987 tenet.

846 2024 1091 2109 HuncWilgils
1108 2024 1221 2108 genuit
1244 2024 1375 2110 proprio
1399 2031 1493 2109 pater
1514 2024 1656 2110 inclytus
1672 2045 1771 2088 aevo:

931 2127 992 2192 vir
1014 2132 1157 2206 sauctus,
1182 2127 1325 2212 sapiens,
1347 2147 1385 2190 ac
1408 2125 1530 2211 pictate
1554 2125 1686 2211 probus,

848 2231 899 2296 De
923 2251 987 2316 quo
1010 2230 1160 2294 versifico
1184 2230 1282 2294 liceat
1304 2249 1356 2294 me
1379 2228 1492 2293 ludere
1507 2229 1651 2314 plectro,

767 2357 791 2396 ro
934 2333 1064 2414 Lector,
1088 2339 1124 2396 ut
1147 2354 1306 2418 agnoscas
1330 2332 1435 2417 qualis
1459 2332 1586 2417 etipse
1609 2331 1688 2406 fuit;

846 2436 891 2502 Et
913 2435 953 2500 de
978 2457 1075 2521 quam
1099 2443 1211 2499 sancta
1234 2435 1365 2519 generis
1389 2433 1498 2497 radice
1522 2440 1694 2519 parentum

931 2537 999 2604 Iste
1022 2538 1075 2602 dei
1099 2538 1240 2602 famulus
1264 2537 1455 2623 progenitus
1478 2537 1581 2602 fieret.

850 2642 910 2706 Vir
931 2641 993 2708 init
1013 2642 1047 2706 in
1070 2642 1191 2727 populo
1214 2640 1319 2705 dictus
1343 2641 1535 2726 cognomine
1558 2639 1704 2724 wilgils,

878 2755 884 2766 '
930 2744 969 2810 In
992 2744 1280 2808 Transhumbmna
1303 2744 1405 2807 nobili
1428 2749 1527 2828 gente
1551 2742 1686 2828 degens.

767 2871 790 2908 rs
848 2848 996 2914 Moribus
1020 2847 1185 2932 egregius,
1210 2847 1330 2933 populo
1354 2845 1564 2932 peramabilis
1588 2845 1686 2924 omni,

932 2951 1011 3016 Vita
1033 2951 1094 3016 fuit
1115 2950 1165 3014 cui
1190 2971 1263 3014 cum
1285 2951 1424 3034 coniuge
1447 2955 1537 3012 casta
1560 2949 1657 3026 setis3

848 3054 940 3127 Quae
963 3054 1028 3117 iam
1051 3060 1161 3118 mente
1184 3055 1240 3140 pia
1261 3055 1367 3118 fuerat
1389 3053 1538 3118 subiecta
1560 3053 1687 3134 marito,

931 3157 976 3220 Ut
999 3156 1162 3242 quondam
1185 3157 1316 3243 proprio
1341 3156 1439 3221 Sarra
1461 3157 1530 3220 viro
1553 3156 1670 3221 iuerat.

710 3280 818 3326 xxxrv.
841 3259 935 3324 Haec
957 3261 1124 3325 revelante
1148 3259 1210 3324 deo
1234 3260 1390 3325 cernebat
1411 3267 1521 3346 mente
1544 3259 1654 3324 futura

931 3363 970 3427 In
994 3364 1105 3428 stratis
1128 3363 1299 3444 recubans,
1325 3363 1451 3428 somnia
1473 3384 1553 3428 uera
1574 3363 1699 3430 videns.

846 3466 995 3551 Namque
1018 3487 1135 3530 novam
1160 3489 1234 3532 sese
1257 3469 1367 3532 lunam
1391 3466 1513 3530 vidisse
1536 3466 1683 3552 putabat,

931 3568 1094 3633 Cornibus
1119 3571 1249 3648 erectis,
1272 3577 1308 3634 ut
1332 3570 1416 3633 solet
1438 3589 1511 3633 esse
1535 3590 1628 3635 nova.

777 3695 788 3730 s
851 3672 1011 3738 Crescere
1040 3673 1263 3758 paulatimque
1292 3673 1428 3759 implere
1458 3679 1491 3736 et
1513 3693 1635 3738 cornua
1657 3673 1774 3760 caepit.

931 3775 1045 3840 Donec
1069 3775 1100 3840 ei
1123 3777 1221 3862 pleno
1245 3777 1356 3841 lumen
1378 3776 1412 3838 in
1436 3774 1515 3839 orbe
1538 3775 1647 3846 micat.

849 3880 942 3944 Illius
966 3879 1048 3944 haec
1073 3877 1181 3943 subito
1205 3878 1369 3944 sorbentis
1392 3879 1424 3942 in
1449 3899 1504 3943 ore
1528 3879 1655 3958 ruebat,

915 3983 1054 4047 Viscera
1077 3982 1268 4068 perradians
1292 3985 1364 4048 luce
1388 3983 1530 4046 micante
1554 3982 1626 4047 sibi.

847 4086 1016 4170 Evigilans
1041 4107 1154 4150 somno
1177 4085 1295 4150 mulier
1317 4086 1400 4150 haec
1423 4091 1533 4150 mente
1557 4093 1722 4164 retractat,

767 4211 791 4246 ro
933 4186 1019 4272 Quid
1043 4188 1106 4252 sibi
1129 4188 1215 4273 quod
1239 4189 1344 4252 cernit
1368 4187 1554 4272 significare
1578 4195 1693 4273 queat:

847 4291 957 4376 Atque
982 4290 1145 4354 sacerdoti
1168 4290 1297 4356 cuidam
1322 4291 1404 4356 haec
1428 4292 1536 4354 omnia
1559 4291 1682 4377 pandit,

929 4391 1030 4457 Cuius
1052 4392 1087 4456 in
1110 4393 1271 4458 aecclesia
1294 4395 1361 4460 vitc
1383 4393 1521 4479 probata
1543 4394 1613 4458 fuit.

845 4495 940 4560 Haec
962 4495 1019 4560 ubi
1043 4495 1202 4582 pensabat
1225 4497 1412 4584 praedictus
1435 4496 1532 4562 corde
1557 4497 1721 4578 sacerdos,

932 4597 1081 4663 Coniecit
1104 4605 1137 4662 et
1160 4600 1258 4664 rebus
1281 4601 1353 4664 visa
1375 4621 1517 4686 superna
1539 4600 1643 4680 novis,

829 4758 908 4764 ,.—...,
914 4758 935 4764 -
946 4757 1057 4764 e—-n-n-
1065 4759 1071 4764 .
1077 4759 1171 4764 ...ψ-
1180 4759 1321 4766 ——m—
1561 4761 1689 4768 ——--.

532 4855 550 4907 8
573 4858 645 4909 iuxta
665 4859 688 4909 G
800 4856 835 4910 10
857 4865 920 4909 tunc
942 4860 1020 4926 impia
1043 4859 1068 4908 U
1142 4861 1213 4911 lirrtu
1234 4861 1257 4909 G
1369 4859 1402 4911 12
1429 4868 1521 4912 tremor
1549 4861 1572 4911 G
1687 4857 1721 4911 14
1742 4861 1783 4911 sui
1805 4860 1879 4927 peruri
1901 4861 2000 4914 fierent
2021 4862 2059 4912 W
2070 4863 2103 4928 U,

429 4943 470 4992 sui
491 4943 559 4994 serui
582 4945 714 4995 florentii
828 4942 839 5005 11
868 4943 969 5011 [xxxin]
990 4943 1064 5009 1-2‚
1085 4943 1129 5008 13,
1154 4943 1188 4994 15
1214 4953 1313 4995 natarat
1336 4945 1411 4996 etiam
1432 4947 1460 4994 ιἰι
1473 4945 1498 4994 Ζ
1506 4947 1532 5011 s.
1550 4943 1608 4997 ⁶233.
1627 4943 1645 4996 ‘2
1662 4947 1794 5012 magnati
1923 4943 1941 4997 3
1960 4949 2051 5000 cicani
2073 4951 2110 4998 W

429 5029 577 5091 fecundati
628 5029 804 5095 Brictaniallfi
822 5030 981 5084 lrrittaniaG
1067 5029 1084 5080 6
1101 5031 1172 5081 illius
1190 5031 1216 5080 in
1234 5047 1290 5082 sese
1314 5030 1339 5079 U
1422 5029 1452 5081 11
1473 5049 1522 5096 qua
1544 5030 1607 5081 GU
1690 5029 1723 5082 12
1740 5033 1817 5084 luerit
1834 5031 1859 5080 U
1909 5030 1942 5083 13
1956 5035 2062 5102 dignus
2079 5037 2104 5087 G

429 5115 532 5182 Wilgils
550 5132 598 5165 oar.
617 5115 642 5164 Ζ
750 5112 783 5166 14
801 5116 881 5167 nobili
897 5115 932 5180 W,
951 5117 1024 5167 nobis
1042 5117 1073 5167 de
1089 5117 1119 5180 G,
1146 5125 1222 5183 gente
1241 5133 1346 5166 manens
1364 5117 1449 5168 ualida
1467 5116 1492 5166 U
1612 5115 1833 5184 reparamina
1953 5116 1989 5168 11
2010 5123 2104 5176 fuerat

429 5202 479 5252 iam
497 5208 583 5254 mente
600 5202 642 5268 pia
660 5200 686 5251 U
786 5199 820 5252 18
837 5217 908 5253 sacra
923 5203 954 5268 G,
972 5220 1028 5254 sara
1045 5202 1071 5252 U
1181 5201 1193 5267 11
1214 5200 1316 5269 [xxxiv]
1336 5202 1349 5253 1
1370 5204 1516 5255 reuaelante
1532 5203 1567 5268 W,
1586 5211 1712 5254 reserante
1735 5203 1761 5251 U
1860 5220 1885 5254 v.
1898 5200 1991 5256 2-48
2008 5224 2063 5258 om.
2080 5209 2110 5259 l?

428 5283 445 5336 2
463 5287 535 5338 statis
555 5287 579 5336 0
669 5283 686 5337 3
703 5304 800 5339 nouum
822 5289 845 5338 U
940 5286 957 5339 5
974 5289 1095 5356 paulatim
1111 5289 1143 5338 W
1235 5287 1268 5340 10
1286 5290 1334 5340 sibi
1352 5307 1400 5340 om.
1419 5290 1451 5338 W
1500 5297 1577 5356 queat
1598 5290 1621 5340 U
1724 5287 1755 5340 ll
1776 5290 1810 5341 At
1830 5289 1853 5339 G
1905 5293 2056 5347 sacerdocii
2073 5296 2110 5346 W

429 5369 463 5422 14
480 5370 608 5424 Praesens
626 5381 723 5440 tempas
739 5382 782 5425 eat.
801 5373 873 5424 Wctt.

531 5531 558 5599 1)
579 5531 621 5600 Cf.
634 5547 721 5608 supro
730 5549 760 5601 p.
776 5533 827 5587 113
842 5533 987 5590 Hadriani
999 5534 1064 5604 epit.
1077 5550 1101 5589 o.
1114 5535 1197 5588 5-e:
1228 5532 1338 5588 Nobilis
1356 5552 1389 5588 ex
1408 5553 1513 5606 magna
1529 5534 1642 5606 genitus
1658 5534 1714 5588 ium
1729 5535 1813 5604 gente
1826 5537 1990 5604 parentum.

1301 5619 1355 5678 Sed
1373 5621 1457 5676 sacris
1475 5623 1559 5692 longe
1577 5620 1697 5684 nobilior
1714 5618 1828 5684 meritis

427 5687 455 5744 al
477 5687 520 5756 Os.
540 5703 629 5757 supro
642 5705 672 5758 p.
691 5686 780 5743 2091
795 5705 818 5744 u.
836 5690 912 5746 5-6.
