4666 6406
499 417 726 472 EPITAPHIUM
745 417 1017 471 HELMENGALDI.
1055 417 1261 471 PRAEFATIO
1281 416 1554 471 BIBLIOTHECAE
1790 419 1853 480 533

496 613 509 650 s
570 591 707 656 Euodus
730 590 918 678 Aegyptum
941 591 1070 676 spoliet,
1093 596 1185 654 secat
1207 611 1352 677 aequora
1374 592 1482 674 rubra,

651 694 772 761 Pandit
792 696 856 759 iter
878 693 1013 774 heremi,
1035 693 1171 780 lympha
1192 693 1239 759 ibi
1260 696 1381 780 lexque
1403 694 1509 760 datur.

566 798 647 864 Inde
671 797 879 863 sacerdotum
901 804 1035 881 gentem
1058 796 1227 860 Leviticus
1250 805 1353 878 cruat,

650 901 695 966 Et
717 900 828 986 typica
851 901 988 986 exponit
1010 898 1097 963 dona
1118 900 1222 963 sceris
1244 901 1374 986 typicis.

565 1004 662 1070 Bella
683 1003 835 1088 virosque
860 1003 961 1067 liber¹
984 1002 1121 1067 Numeri
1144 1002 1302 1067 describit
1324 1011 1358 1069 et
1379 1009 1484 1086 actus,

486 1134 511 1170 ro
656 1109 738 1184 Quis
761 1108 895 1193 Moyses
917 1109 1016 1193 fregit
1038 1107 1136 1188 idola,
1160 1115 1283 1194 stupra,
1306 1109 1417 1175 duces.

566 1213 647 1277 Post
671 1213 792 1298 repetit
814 1212 933 1296 legem,
956 1213 1077 1298 populo
1101 1211 1278 1292 benedicit,
1301 1220 1335 1278 et
1356 1213 1443 1277 almo

649 1316 727 1380 Iure
749 1314 839 1394 dat2,
860 1336 899 1379 ae
923 1313 1011 1378 dieto
1034 1316 1177 1380 carmine
1200 1316 1306 1380 victor
1328 1315 1407 1381 obit.

566 1418 693 1484 Dividit
714 1419 791 1483 hinc
814 1417 945 1505 proprio
968 1424 1090 1482 terram
1112 1417 1282 1503 Nauegius
1304 1419 1402 1485 heros

647 1522 758 1602 Libro,
781 1520 901 1586 deletis
924 1522 1062 1587 urbibus
1085 1529 1183 1608 atque
1207 1524 1299 1588 locis.

486 1649 510 1686 rs
566 1625 700 1690 Pridem
722 1625 885 1690 iudicibus
908 1627 981 1714 quis
1004 1633 1037 1689 et
1060 1624 1140 1690 ordo
1163 1628 1307 1690 cucurrit
1329 1633 1363 1691 et
1383 1633 1487 1706 actus,

649 1727 870 1794 Continuante
894 1731 971 1794 stilo
994 1730 1138 1794 concinit
1160 1729 1237 1794 iude
1262 1751 1416 1815 sequens.

570 1833 715 1918 Moxque
739 1833 856 1898 sedent
878 1853 962 1917 quae
984 1833 1076 1897 Ruth
1098 1833 1255 1898 Moabitis
1276 1834 1400 1899 femina
1421 1834 1535 1918 gessit,

560 1931 564 1936 ’
648 1936 745 2001 Clara
767 1937 831 2023 piis
854 1937 991 2018 meritis,
1016 1937 1106 2000 clara
1127 1945 1248 2023 nepote
1272 1938 1339 2023 pio.

570 2040 832 2125 Psalmicanique
855 2047 948 2104 actus
972 2047 1006 2104 et
1027 2040 1130 2124 iniqui
1153 2048 1248 2124 gesta
1271 2039 1390 2120 Saulis,

486 2165 513 2204 ro
657 2143 767 2208 Primo
791 2163 997 2228 sequensque
1021 2142 1115 2222 liber,
1138 2143 1225 2223 hinc,
1249 2142 1447 2222 Samuhelis,
1468 2141 1582 2207 habes.

567 2248 699 2312 Tertius
722 2254 755 2312 et
778 2255 911 2332 quartus
934 2247 1111 2311 Malachim
1127 2246 1206 2331 quis
1229 2267 1349 2312 nomen
1371 2247 1506 2328 inhesit,

650 2350 776 2436 Regum
798 2351 1026 2415 Hebraeorum
1049 2371 1091 2415 ex
1114 2350 1228 2415 ordine
1251 2356 1347 2435 gesta
1368 2357 1497 2416 canunt.

568 2454 656 2519 Hinc
679 2453 773 2519 sedet
795 2453 912 2518 Esaias
936 2452 1103 2518 Christum
1127 2453 1167 2518 de
1190 2454 1317 2538 virgine
1340 2455 1431 2518 nasci
1459 2455 1462 2462 '

654 2555 719 2630 Qui
742 2557 840 2637 canit,
864 2563 899 2621 et
920 2563 1037 2641 gentes
1061 2555 1102 2620 ad
1125 2557 1181 2642 pia
1202 2557 1273 2620 iura
1298 2565 1404 2621 voest.

486 2682 512 2719 ss
568 2658 668 2724 Hunc
692 2681 794 2747 prope
816 2659 1018 2738 Hieremias,
1042 2659 1096 2744 qui
1119 2659 1245 2744 virgam
1267 2660 1431 2744 ollamque
1454 2665 1575 2738 tuetur,

654 2762 779 2828 Ordine
801 2762 1008 2849 quadruplici
1031 2762 1140 2826 flebile
1163 2763 1250 2828 texit
1272 2783 1364 2848 opus.

568 2866 724 2930 Partibus
747 2866 929 2932 Ezechihel
952 2867 1087 2931 summis
1110 2865 1269 2930 obscurus
1292 2873 1325 2930 et
1347 2865 1422 2930 imis

647 2969 753 3046 Hinc,
777 2977 829 3035 est
852 2970 951 3055 stirps
974 2971 1030 3054 qui
1053 2968 1195 3033 hominis
1217 2990 1309 3034 more
1331 2975 1467 3032 vocatur
1489 2969 1548 3034 eri.

569 3070 651 3135 Post
673 3070 843 3136 duodenus
866 3072 954 3135 inest
976 3079 1088 3136 vatum
1111 3071 1185 3157 pius
1208 3070 1289 3135 ordo
1310 3071 1483 3152 minorum,

488 3195 514 3233 oo
657 3174 772 3259 Longe
795 3173 884 3238 aliud
907 3174 1041 3260 signans
1064 3196 1160 3260 quam
1184 3196 1243 3239 sua
1266 3174 1367 3239 verba
1390 3182 1518 3240 sonent.

570 3276 655 3340 Nam
678 3277 849 3342 moecham
872 3285 905 3342 et
926 3278 1054 3362 prolem
1076 3284 1111 3342 et
1132 3277 1254 3363 Ioseph
1278 3278 1394 3343 creber
1415 3278 1542 3342 intonat
1565 3276 1643 3360 Ose,

653 3377 844 3460 Samarium,
866 3378 1014 3459 Effraim,
1038 3380 1223 3446 (iezdrahcl
1247 3387 1281 3446 ct
1302 3381 1444 3448 vidusm.

571 3483 658 3548 Hinc
679 3482 774 3550 Iohel
797 3505 949 3548 eversum
972 3485 1062 3570 prius
1084 3485 1164 3548 atris
1188 3483 1336 3549 cladibus
1359 3485 1484 3564 orbem,

655 3587 813 3652 Flaminis
836 3587 1014 3652 adventum
1037 3589 1180 3653 concinit
1203 3588 1278 3653 inde
1301 3589 1357 3674 pii.

491 3710 516 3748 ss
576 3688 741 3763 Quattuor
763 3713 847 3776 eque
870 3692 976 3756 tribus
999 3691 1128 3776 probris
1152 3713 1255 3776 regua
1277 3692 1425 3777 increpat
1446 3691 1560 3772 Amos,

657 3793 701 3860 Se
724 3800 758 3860 et
780 3793 903 3859 vidisse
926 3794 1005 3858 boat
1027 3794 1157 3858 mistica
1179 3795 1274 3880 plura
1297 3793 1387 3857 satis.

573 3895 720 3962 Percutit
743 3897 870 3962 Abdias
893 3897 999 3962 Edom
1022 3899 1099 3962 almi
1123 3897 1258 3984 cuspide
1282 3896 1400 3976 verbi³,

653 3998 791 4064 Emulus
814 4007 848 4066 et
870 4001 980 4065 fratris
1002 4001 1092 4065 illius
1115 4022 1172 4066 ore
1194 4001 1271 4064 ruit.

573 4100 753 4188 Naufragio
775 4103 878 4169 Ionae
903 4104 1050 4188 signetur
1071 4104 1183 4190 passio
1206 4102 1340 4182 Christi,

492 4225 519 4264 ⁴⁰
662 4205 792 4270 Ninivis
816 4214 850 4272 et
872 4207 972 4272 vitam
995 4207 1127 4272 nomine
1149 4206 1289 4271 muudus
1312 4205 1422 4270 habet.

574 4305 660 4372 Filia
681 4307 818 4373 latronis
840 4315 988 4374 vastatur
1008 4309 1130 4374 famine
1153 4309 1294 4388 Michae,

658 4410 754 4485 Quod
776 4411 868 4477 ducis
892 4412 1019 4478 israhel
1043 4413 1156 4477 leserit
1178 4414 1235 4477 illc
1258 4413 1393 4498 genas⁴.

577 4509 669 4577 Voce
691 4512 800 4578 Naum
822 4516 932 4601 pulsat
954 4517 1118 4580 constanti
1141 4516 1310 4602 sanguinis
1333 4516 1459 4590 urbem,

657 4615 901 4703 Paeioanosque
926 4618 1145 4684 bonimontis
1167 4621 1201 4684 in
1225 4642 1300 4685 aroc
1322 4618 1459 4706 pedes⁵.

494 4737 520 4774 ι’·
579 4721 738 4786 Abbacuc
763 4719 891 4786 interno
915 4722 947 4785 in
971 4744 1069 4788 cruce
1093 4723 1260 4788 Christum
1282 4729 1411 4809 spectat
1433 4721 1554 4787 ocello:

657 4823 819 4888 Cornibus
842 4824 893 4888 his
917 4825 966 4889 vis
990 4828 1077 4906 est⁰,
1099 4828 1172 4891 eius
1196 4833 1312 4913 operta
1332 4832 1435 4891 tonat.

628 4997 820 5006 -...-....—-—

318 5127 335 5182 ir
353 5135 475 5196 egyptum
489 5123 520 5176 Μ
622 5119 639 5170 6
656 5118 752 5184 limpha
765 5117 797 5168 M
899 5119 916 5170 8
934 5121 1020 5186 typice
1032 5120 1057 5171 B
1161 5118 1195 5170 10
1212 5131 1300 5187 scrupe
1313 5119 1352 5181 Μ,
1369 5127 1469 5186 sceptra
1480 5118 1510 5169 F
1605 5116 1638 5169 13
1656 5120 1698 5170 ine
1715 5118 1741 5168 F
1757 5135 1830 5170 seros
1842 5117 1870 5166 D

218 5217 250 5272 iti
269 5215 399 5272 concinnit
411 5211 443 5264 M
540 5204 571 5258 ll
590 5205 640 5258 rub
652 5205 685 5255 M
780 5203 917 5256 201'rinra
932 5206 958 5254 I)
1020 5209 1063 5258 hic
1075 5207 1108 5257 J!
1202 5205 1238 5258 23
1255 5208 1305 5257 1110
1319 5205 1348 5255 F
1441 5203 1477 5255 25
1494 5204 1562 5255 ffi„c
1576 5203 1603 5252 D
1641 5205 1643 5208 ·
1699 5201 1734 5254 23
1751 5205 1827 5270 mips
1839 5202 1872 5252 M

215 5303 304 5358 herili
323 5301 348 5352 Ι)
380 5305 437 5366 pont
453 5313 476 5346 n.
494 5293 528 5347 ‘28
546 5291 658 5358 msuilur
674 5291 702 5340 in
716 5289 743 5340 D
758 5308 781 5342 u.
800 5289 904 5342 iil-(38
990 5291 1026 5343 30
1042 5293 1147 5344 uliutF
1238 5291 1271 5343 31
1291 5309 1404 5343 meeum
1416 5291 1446 5341 F
1458 5292 1544 5342 creber
1556 5290 1586 5341 F
1667 5289 1702 5340 32
1719 5292 1830 5340 Sanni-ia
1844 5290 1869 5338 Α

214 5389 326 5460 opirroirn
345 5383 464 5452 gemetici
484 5381 517 5446 Ι),
535 5377 670 5446 genlmlrel
689 5376 727 5440 Μ,
745 5377 870 5428 iesdrahel
889 5378 918 5428 F
1013 5377 1048 5430 33
1069 5381 1190 5431 memus
1207 5380 1239 5429 J!
1341 5377 1376 5429 34
1394 5379 1515 5429 flammi,
1532 5376 1562 5427 F
1654 5373 1691 5426 40
1707 5377 1828 5426 Nimis
1845 5374 1875 5424 P

213 5475 244 5530 ll
262 5473 368 5526 linrrlnuc
383 5468 405 5520 lt
490 5463 677 5518 ‹lileonstantis
690 5462 717 5512 l)
814 5461 849 5514 44
862 5465 1063 5532 Pacliconcssque
1075 5465 1104 5515 F
1203 5463 1239 5514 45
1251 5466 1404 5530 3153„ch
1421 5466 1542 5516 ΑΒΜ
1550 5462 1580 5513 F
1678 5461 1713 5512 45
1730 5475 1803 5512 mm,
1814 5463 1837 5511 Α
1850 5461 1872 5512 3

318 5597 974 5676 1JVer.Aen‚r‚1nnnavirumquemno.
1050 5603 1078 5668 t)
1098 5599 1199 5668 Georq.
1219 5599 1397 5664 murrum
1417 5599 1486 5652 ium.
1560 5600 1589 5664 3)
1614 5600 1675 5650 l'ese
1694 5597 1772 5651 Fert.
1794 5595 1871 5650 128.

216 5709 334 5770 Martini
354 5707 432 5776 trel
456 5705 540 5758 velidi
561 5703 708 5757 lnrnnlixus
727 5702 842 5771 eruspide
861 5704 945 5756 l'ssl'lrl.
1023 5707 1050 5758 l»
1070 5704 1235 5758 michol.
1310 5703 1531 5770 r'rjrrl'clr.l.15.
1600 5702 1628 5766 li]
1649 5699 1804 5754 Horres.
