4666 6406
1071 419 1277 474 'rnnoncunl
1300 420 1475 474 CARMINA.

818 592 868 656 Sit
891 594 951 657 tibi
974 613 1068 658 mens
1091 592 1233 672 humilis,
1258 615 1315 657 cor
1337 593 1491 679 prudens,
1515 597 1601 660 actio
1624 596 1755 672 munda,

897 696 948 760 Sit
970 696 1090 761 florens
1115 695 1269 774 studium,
1293 697 1336 760 sit
1358 697 1491 783 pietatis
1514 720 1613 785 opus;

816 797 941 863 Crebra
965 800 1007 863 sit
1030 799 1063 862 in
1088 805 1200 862 sancta
1222 799 1353 864 tibimet
1375 800 1545 867 meditatio
1568 802 1653 887 lege,

905 902 1032 967 Instato
1056 902 1187 966 monitis
1211 909 1307 967 nocte
1331 903 1449 990 dieque
1473 905 1551 970 suia.

814 1005 909 1070 Hanc
932 1027 1010 1091 gere
1035 1005 1144 1087 corde,
1168 1027 1276 1087 manu,
1299 1011 1430 1095 proprio
1455 1031 1521 1074 non
1543 1008 1629 1074 desit
1651 1009 1692 1074 ab
1716 1031 1782 1090 oro,

895 1109 1010 1195 Tuque
1034 1111 1170 1175 aliorum
1195 1117 1298 1190 actus,
1320 1112 1464 1197 corrigat
1486 1113 1543 1177 illa
1565 1119 1650 1178 tuos.

814 1212 907 1277 Haec
931 1212 964 1276 in
987 1219 1079 1299 parta
1102 1212 1189 1277 thori
1213 1213 1336 1293 sedeat,
1359 1215 1443 1279 hano
1466 1216 1588 1281 lumina
1614 1223 1758 1292 cernant,

894 1315 989 1380 Hanc
1007 1317 1101 1397 colla,
1117 1316 1202 1380 hunc
1218 1338 1335 1402 genua,
1350 1317 1434 1382 hano
1449 1319 1584 1383 brachia
1600 1341 1698 1384 curva
1713 1305 1844 1384 dehant.

733 1440 752 1479 e.
819 1418 872 1482 Ad
895 1427 994 1506 caput
1016 1419 1098 1486 haec
1122 1419 1246 1500 sedeat,
1271 1423 1368 1486 sclito
1391 1421 1468 1486 dum
1491 1430 1639 1510 tempore
1663 1423 1786 1501 stertis,
1867 1489 1870 1492 .

896 1523 1049 1610 Dumque
1072 1526 1156 1610 fugit
1180 1547 1331 1606 somnus,
1354 1533 1387 1591 te
1409 1534 1502 1612 petat
1523 1527 1582 1592 illa
1605 1528 1703 1593 celer.

815 1626 886 1691 Nec
911 1627 1016 1692 solum
1038 1634 1074 1692 ut
1097 1628 1223 1709 doctus,
1248 1628 1306 1694 sed
1330 1635 1363 1694 et
1386 1639 1423 1694 ut
1446 1631 1490 1694 sis
1514 1631 1619 1696 iustus
1643 1637 1761 1711 arneto,

895 1730 1032 1796 Eminet
1055 1753 1155 1796 unum
1179 1733 1252 1812 alic,
1276 1754 1348 1796 cum
1373 1735 1416 1798 sit
1438 1741 1612 1820 utrumque
1634 1734 1766 1799 bonum.

817 1832 901 1897 Nam
925 1833 986 1898 tibi
1010 1835 1237 1920 cunctipotens
1261 1842 1353 1918 actus
1377 1857 1441 1901 non
1465 1837 1566 1902 verba
1588 1839 1741 1924 requiret,

906 1936 960 2001 Illi
984 1940 1017 2002 in
1041 1945 1178 2024 utroque
1201 1946 1312 2004 tamen
1336 1940 1406 2025 ipsc
1428 1941 1561 2026 placere
1584 1941 1685 2005 vales.

816 2042 918 2108 Disce
942 2043 1067 2128 legens,
1090 2042 1250 2108 adsuesce
1274 2043 1439 2128 frequens,
1463 2043 1614 2108 faciendo
1638 2044 1765 2126 doceto,

901 2145 1016 2231 Sitque
1040 2147 1100 2211 tibi
1123 2147 1176 2211 hio
1199 2154 1320 2212 trames
1344 2147 1428 2232 legis
1451 2148 1484 2211 in
1508 2155 1578 2212 arte
1600 2148 1685 2234 piae,

815 2249 986 2323 Quatenus
1010 2248 1138 2314 erudiat
1161 2255 1303 2314 mentem
1328 2249 1388 2314 tibi
1411 2251 1510 2315 lectio
1535 2251 1659 2328 crebra,

896 2352 1029 2437 Datque
1047 2352 1118 2417 tuis
1140 2353 1311 2438 pulchram
1334 2354 1486 2418 sensibus
1510 2354 1567 2418 illa
1588 2355 1685 2420 viam.

720 2477 738 2514 r.
816 2455 867 2520 Ne
891 2456 954 2521 cito
976 2455 1115 2537 labatur,
1131 2445 1224 2521 'vires
1249 2456 1312 2521 sibi
1335 2457 1468 2542 colligat
1488 2479 1550 2521 usu
1564 2457 1586 2539 ¹,

898 2558 1014 2622 Lectio
1039 2560 1156 2624 crebra
1178 2565 1280 2640 tenet,
1304 2581 1396 2626 mens
1420 2561 1506 2646 quod
1529 2566 1624 2625 acuta
1647 2560 1745 2624 canit.

817 2660 942 2726 Semita
965 2663 1011 2725 sic
1034 2683 1130 2726 caeso
1154 2661 1310 2727 dumosae
1335 2665 1451 2728 robore
1477 2664 1588 2744 silvae,

894 2765 982 2828 Dum
1006 2766 1124 2830 teritur
1146 2767 1272 2842 crebro,
1297 2769 1332 2830 fit
1355 2769 1408 2832 via
1430 2768 1506 2848 lata,
1528 2766 1624 2854 pede.

817 2869 938 2934 Sancta
960 2870 1067 2934 ferant
1090 2871 1211 2935 sanetis
1234 2871 1343 2936 verbis
1367 2872 1519 2958 exempla
1540 2873 1697 2956 vigorem,

904 2973 997 3047 Quae
1021 2974 1111 3037 canis
1135 2980 1169 3039 et
1191 2974 1301 3054 facito,
1329 2997 1413 3060 quae
1429 2976 1509 3040 iacis
1533 2978 1604 3062 ipse
1628 2998 1718 3040 canc.

818 3076 891 3140 Non
914 3069 1025 3142 ve'rbis
1048 3083 1151 3157 actus,
1174 3098 1239 3142 non
1263 3079 1328 3142 illis
1352 3079 1453 3144 verba
1475 3087 1668 3165 repugnent,
1774 3102 1778 3110 “

897 3179 1016 3244 Nobile
1039 3178 1116 3265 par²
1140 3186 1248 3245 tecum
1272 3188 1381 3246 currat
1402 3189 1575 3269 utrumque
1600 3184 1706 3250 simul.

818 3282 913 3358 Quod
936 3284 1021 3348 bene
1044 3289 1153 3348 mente
1179 3284 1269 3370 capis
1292 3285 1407 3349 humili
1431 3306 1581 3350 sermone
1604 3287 1745 3372 profare,

898 3385 950 3451 Ne
973 3386 1059 3450 fastu
1082 3387 1214 3450 amittes
1238 3387 1324 3472 quod
1347 3387 1513 3452 studiosus
1536 3388 1649 3460 habes.

723 3509 734 3548 e
819 3489 918 3554 Plura
939 3489 1063 3554 referre
1087 3510 1179 3553 mora
1202 3491 1279 3572 ost³‚
1303 3491 1336 3554 in
1360 3491 1472 3576 paucis
1496 3491 1614 3576 collige
1637 3492 1748 3572 multa,

898 3592 1029 3672 Lector,
1053 3593 1106 3656 oui
1128 3592 1252 3657 fulvum
1277 3594 1395 3658 mentis
1419 3614 1554 3658 acumen
1578 3595 1673 3658 inest.

820 3697 952 3762 Semina
976 3697 1023 3761 sic
1046 3718 1174 3762 messor
1195 3699 1327 3783 proviso
1350 3699 1490 3784 plurima
1513 3720 1614 3786 parvo

902 3799 1013 3864 Graue
1034 3799 1138 3880 vehit,
1162 3805 1238 3864 voto
1262 3801 1420 3865 fertiliore
1444 3801 1567 3866 cluens.

816 3905 967 3990 Dumque
991 3927 1072 3991 opus
1095 3904 1128 3967 id
1152 3905 1269 3985 cernis,
1293 3905 1414 3989 relegis
1438 3904 1514 3968 dum
1538 3905 1682 3970 carmina
1704 3915 1824 3980 nostra,

722 4032 762 4070 ero
907 4009 1080 4074 Theodulfi
1105 4010 1249 4074 clemens
1274 4009 1319 4073 sis
1343 4030 1478 4090 memor,
1503 4032 1570 4090 oro,
1594 4012 1685 4076 vele!

1011 4272 1030 4314 11
1075 4249 1339 4316 THEODULFI
1363 4250 1546 4316 VERSUS.

800 4373 945 4438 Codicis⁴
969 4373 1067 4438 huius
1092 4395 1174 4459 opus
1199 4375 1319 4438 struxit
1341 4373 1544 4438 Theodulfus
1568 4395 1678 4438 amoro

894 4476 998 4558 Illius,
1021 4477 1074 4542 hic
1097 4478 1189 4542 ouius
1213 4478 1270 4542 lux
1293 4477 1467 4542 benedicta
1490 4485 1590 4542 tonat.

736 4655 903 4662 .-...-—...·-.-·-·
1180 4655 1213 4660 ..-
1427 4653 1568 4660 -..-..—.-..-..
1574 4654 1648 4660 -.,.Δ..
1658 4655 1676 4659 .-
1684 4656 1685 4659 ,
1693 4655 1799 4659 ----.η.-.
1808 4653 1835 4659 .-
1854 4653 1986 4658 --——·--—-

554 4773 606 4826 225
632 4775 737 4826 sedeunt
748 4773 779 4822 Μ
893 4769 945 4822 229
967 4771 1124 4838 requiratis
1234 4770 1284 4822 ‘231
1303 4775 1453 4824 adsuescere
1465 4775 1499 4823 Μ
1608 4771 1660 4824 232
1677 4774 1732 4840 pior
1745 4773 1778 4823 Μ
1889 4768 1941 4822 237
1959 4771 2064 4821 dumore
2077 4769 2109 4818 Μ

452 4859 504 4911 ‘238
522 4878 553 4928 po
567 4861 600 4910 Μ
682 4857 734 4911 244
752 4860 891 4910 studiosius
904 4858 934 4908 M
1020 4855 1072 4908 246
1090 4867 1129 4909 est
1141 4858 1175 4908 Μ
1263 4856 1315 4910 ‘248
1333 4860 1458 4910 sarcilioro
1472 4859 1500 4909 F
1581 4857 1826 4911 nocumentum
1894 4858 2028 4909 alemannis
2040 4855 2068 4906 F
2077 4855 2108 4905 Μ

458 4946 491 4996 Μ
506 4946 581 4997 “lidii
599 4947 662 4998 '²⁰⁸⁶
868 4962 991 5026 Quisquis
1009 4978 1044 5025 ea,
1063 4979 1078 5012 o
1096 4979 1211 5026 carneus,
1230 4963 1367 5023 Elefauti⁶,
1385 4979 1474 5028 queso,
1493 4970 1631 5028 memento,

937 5048 1018 5098 Cuius
1038 5047 1086 5098 hoe
1104 5049 1217 5098 studium
1236 5049 1345 5099 condere
1362 5049 1437 5099 iussit
1454 5066 1527 5115 opus,

937 5134 988 5196 Qui
1006 5133 1089 5184 studio
1109 5139 1197 5184 sancto
1215 5135 1328 5185 condidit
1345 5135 1414 5185 istud
1432 5151 1502 5200 opus.

451 5217 463 5283 ll
476 5217 514 5287 [u]
528 5219 540 5269 l
561 5222 644 5272 struxi
658 5221 681 5270 A
695 5220 724 5270 F
789 5221 940 5273 theudulfus
952 5219 981 5269 F

554 5405 580 5462 ll
601 5403 650 5457 Oo.
669 5406 729 5458 Art.
747 5404 807 5458 Arri.
820 5407 861 5470 II,
869 5402 921 5456 339
939 5401 1010 5455 vires
1029 5401 1082 5454 sibi
1101 5401 1217 5472 colligat
1235 5421 1294 5458 usu.
1364 5407 1392 5473 2)
1411 5405 1481 5458 Hor.
1503 5405 1562 5457 Sat.
1581 5404 1624 5466 ΙΙ,
1643 5405 1668 5466 3,
1685 5404 1738 5456 243
1761 5421 1811 5472 par
1830 5403 1932 5456 nobile.
2005 5402 2033 5470 3)
2057 5402 2104 5454 Oc.

451 5507 519 5561 Met.
542 5508 627 5570 XIII,
657 5506 709 5561 205
736 5507 833 5576 Longa
858 5506 959 5560 referre
986 5523 1063 5560 mora
1091 5508 1141 5560 est.
1233 5507 1260 5575 4)
1283 5507 1447 5577 Superiores
1468 5523 1565 5561 omaus
1586 5507 1616 5560 in
1641 5506 1745 5574 fronte,
1768 5507 1798 5559 Iri
1819 5506 1857 5560 ccl
1879 5505 1979 5559 calcem
2002 5503 2107 5558 codicia

448 5609 549 5678 positi,
569 5607 670 5677 quibus
694 5625 786 5664 eorum
807 5610 954 5663 utilitatem
980 5609 1159 5675 conscendat,
1183 5627 1254 5678 quae
1281 5611 1374 5664 bibliis
1402 5610 1488 5663 adiici
1511 5611 1639 5666 iusserat.
1651 5613 1681 5665 S.
1772 5610 1799 5678 5)
1825 5609 1868 5677 Cf.
1891 5609 1947 5662 Pee
1977 5607 2106 5661 Theseae.

450 5711 573 5765 anecdot.
591 5711 643 5774 Ic,
661 5713 712 5766 199
734 5713 865 5768 clericum
894 5730 974 5766 suum
998 5711 1110 5766 nomine
1128 5713 1290 5767 Elefantem.
