4694 6428
1132 415 1281 469 ,tillim
1300 416 1476 472 i‘ARMth„

820 609 833 644 a
890 585 1017 652 Cedere
1040 589 1148 674 caepit
1172 612 1274 674 equos
1298 591 1347 653 vir
1369 589 1429 657 dis*
1453 599 1487 654 et
1509 591 1642 676 abigere
1665 593 1765 678 pratis
1777 595 1799 656 ¹.

888 689 993 761 (luem
1017 693 1090 777 pius
1113 694 1288 776 alloquitur
1310 693 1428 756 blando
1460 716 1610 758 sermone
1642 697 1810 758 sacerdos:

888 793 1034 867 ‘Desine
1058 815 1197 878 quaeso.
1230 796 1295 858 tuis
1318 817 1377 858 nos
1400 818 1486 859 nunc
1510 797 1677 882 depellere
1699 801 1812 884 pratis.

888 895 955 959 Sed
979 898 1084 981 magis
1107 897 1148 960 ad
1172 909 1299 961 nostras
1322 901 1437 983 epulas
1461 902 1596 963 (cunita
1620 903 1739 964 renito.

886 998 930 1062 Et
952 999 1030 1062 bibe
1054 1000 1242 1070 nobiscnm,
1267 1003 1367 1064 simus
1390 1024 1518 1087 quoque
1542 1026 1673 1089 semper
1693 1006 1810 1068 amici'.

819 1131 831 1158 ν
888 1101 1073 1187 Respondit
1095 1102 1187 1167 dives
1211 1105 1331 1167 furiosa
1354 1115 1464 1168 mente
1489 1108 1664 1191 superbus:

887 1204 983 1268 'Nolo
1005 1211 1079 1270 tuas
1102 1207 1226 1292 epulas.
1249 1215 1357 1270 tecum
1380 1219 1494 1292 potare
1518 1213 1656 1274 recuso‘.

886 1308 967 1372 Mox
989 1310 1098 1394 rapuit
1121 1311 1252 1394 praesul
1275 1311 1410 1374 verbum
1433 1310 1475 1375 de
1497 1333 1577 1376 roee
1600 1315 1777 1396 loquentis:

887 1411 934 1475 ‘Si
950 1421 1066 1498 potare
1084 1435 1185 1497 negas
1201 1435 1340 1484 meeumq
1363 1414 1460 1477 modo
1476 1437 1540 1478 uon
1557 1417 1644 1480 bibe.
1667 1419 1810 1501 quaeso'.

886 1515 949 1578 His
972 1514 1069 1579 dictis
1092 1514 1214 1580 domiai
1238 1518 1378 1581 famulus
1401 1527 1592 1602 perrexerat
1612 1521 1708 1594 ultro,

819 1641 830 1666 ¹·
889 1617 998 1702 Atque
1021 1617 1153 1683 domum
1176 1619 1268 1684 dives
1290 1621 1453 1705 propriam
1478 1621 1649 1705 repedavit
1663 1623 1809 1706 iniquus:

887 1718 993 1791 Quem
1017 1721 1088 1784 sitis
1111 1721 1288 1785 inflammat
1310 1723 1409 1786 nimio
1432 1723 1561 1786 fervore
1583 1732 1731 1809 repente.

888 1821 952 1895 Qui
974 1825 1113 1888 miscere
1137 1825 1248 1888 furens
1271 1825 1411 1888 famulos
1436 1825 1499 1888 sibi
1522 1827 1597 1889 rina
1619 1826 1766 1910 rogabat.

887 1925 1064 2013 Accipiens
1087 1929 1223 1992 calicem
1247 1928 1306 1993 sed
1328 1930 1375 1992 nil
1398 1929 1531 1992 sorbere
1554 1929 1694 1994 valebat

888 2029 1038 2094 Ardebat
1061 2031 1174 2094 sitiens
1199 2030 1396 2096 stomachus.
1421 2031 1479 2094 sed
1501 2032 1619 2116 pocula
1641 2031 1745 2094 Baebi

811 2155 815 2168 ¹
894 2131 1045 2218 Respuit,
1069 2141 1102 2196 et
1124 2140 1213 2196 totus
1236 2133 1375 2196 flammis
1398 2132 1536 2196 ardebat
1557 2132 1696 2196 anhelis.

887 2233 958 2299 Nec
980 2236 1083 2300 valuit
1104 2237 1275 2321 quisquam
1298 2235 1444 2300 medicus
1468 2237 1614 2300 relevare
1638 2236 1793 2300 laborem

887 2337 1003 2403 Donec
1026 2339 1097 2424 ipsc
1121 2341 1221 2403 miser
1244 2339 1373 2424 culpam
1396 2339 1550 2422 cognovit
1571 2340 1725 2423 iniquamr

887 2442 998 2526 Atque
1020 2441 1074 2506 dei
1097 2442 1210 2506 famuli
1232 2463 1276 2506 ex
1297 2443 1385 2506 dicto
1409 2449 1570 2506 tormenta
1591 2442 1704 2511 luisse.

888 2543 1035 2630 Optabat
1055 2544 1197 2610 reditum
1219 2553 1418 2631 quapropter
1440 2546 1603 2630 praesulis
1625 2547 1713 2609 almi.

806 2671 830 2706 a
888 2646 1037 2712 Venerat
1058 2648 1130 2734 ipse
1154 2670 1268 2726 senex,
1290 2649 1374 2711 alter
1396 2646 1472 2711 dum
1495 2655 1631 2712 venerat
1653 2670 1767 2712 annus.

888 2749 950 2814 Cui
972 2751 1072 2814 miser
1093 2752 1243 2830 occurrit,
1265 2771 1404 2836 poenam
1427 2751 1597 2814 coufessus
1619 2773 1772 2815 amaram

888 2851 950 2918 Cui
972 2854 1046 2939 pius
1069 2853 1205 2919 indulsit
1226 2854 1380 2938 quicquid
1403 2855 1610 2918 commiserat
1633 2855 1666 2918 in
1689 2876 1736 2920 se.

887 2955 998 3041 Atque
1021 2977 1120 3022 mauu
1141 2958 1273 3042 propria
1295 2963 1408 3041 potum
1430 2963 1622 3042 porrexerat
1644 2958 1725 3042 ipse.

887 3055 951 3129 Qui
975 3078 1052 3123 mox
1076 3067 1218 3138 sanatus,
1242 3059 1373 3122 fastidia
1395 3061 1494 3143 longa
1515 3060 1714 3144 relinquens„

805 3183 831 3220 a>
889 3160 1067 3247 Accipicus
1091 3163 1227 3228 calicem
1249 3163 1346 3247 pleno
1371 3184 1406 3226 se
1430 3171 1465 3227 ct
1487 3164 1609 3248 proluit
1630 3185 1697 3228 ore.

822 3285 887 3329 xxr.
951 3264 1013 3328 Est
1034 3266 1178 3350 antiqua,
1201 3273 1318 3350 potens
1341 3267 1442 3330 muris
1465 3273 1499 3330 ct
1522 3266 1667 3330 turribus
1690 3268 1799 3352 ampla

887 3367 975 3433 Urbs
998 3368 1182 3448 Treueris&
1207 3389 1267 3432 nec
1290 3389 1355 3433 non
1373 3369 1473 3432 sacris
1492 3368 1692 3433 circumdata
1708 3370 1811 3436 cellis.

885 3472 927 3536 In
947 3473 1066 3557 quibus
1089 3473 1212 3537 unatim
1236 3473 1429 3557 populorum
1451 3472 1549 3536 trrrba
1570 3473 1698 3557 piorum

886 3576 1055 3640 Laudibus
1078 3577 1249 3661 invigilant
1271 3575 1394 3640 domini
1417 3583 1579 3661 nocteque
1602 3575 1731 3662 dieque.

886 3677 957 3742 Has
980 3678 1194 3744 interfuerat
1218 3699 1382 3742 sacrarum
1406 3679 1490 3742 cella
1512 3681 1693 3758 sororum⁸‚

888 3779 977 3854 Quas
1001 3782 1111 3848 subito
1134 3783 1271 3847 nimium
1294 3782 1460 3866 quassavit
1483 3783 1585 3867 pestis
1609 3782 1739 3862 acerba,

886 3883 939 3949 Ex
954 3885 1022 3950 rita
1043 3886 1104 3949 hac
1125 3885 1234 3971 rapuit
1252 3906 1310 3970 per
1330 3905 1426 3968 quam
1446 3905 1533 3948 mors
1553 3885 1669 3948 ultima
1682 3885 1811 3949 multae:

887 3987 1077 4053 Semineces
1099 3987 1260 4072 quaedam
1283 3987 1381 4072 longo
1405 3988 1533 4052 iacuere
1556 3987 1680 4066 dolore,

885 4090 1005 4156 Terror
1026 4092 1141 4156 mortis
1165 4098 1235 4156 crat
1256 4091 1375 4155 nimius
1399 4090 1457 4154 sed
1480 4097 1514 4154 et
1537 4090 1687 4154 omnibus
1711 4089 1807 4155 idem.

891 4193 975 4280 Spes
999 4194 1061 4259 suit
1084 4195 1116 4258 in
1139 4195 1261 4259 famulo
1285 4193 1417 4273 Christi,
1441 4198 1575 4256 vocatus
1598 4201 1632 4258 et
1655 4194 1710 4257 ille

886 4295 969 4360 (lura
991 4295 1134 4360 lacrimis
1158 4296 1254 4360 citius
1278 4296 1376 4361 fessis
1401 4315 1591 4359 succurrere
1614 4295 1725 4362 rebus.

875 4398 935 4464 ¹At
956 4398 1030 4484 pius
1053 4399 1109 4464 ille
1133 4405 1227 4484 pater
1249 4398 1416 4484 conplevit
1438 4405 1514 4462 vota
1537 4419 1685 4463 sororum

886 4501 1085 4582 Adveniens,
1109 4502 1183 4566 illas
1207 4502 1271 4567 iam
1293 4523 1355 4566 nec
1379 4523 1455 4588 spes
1478 4502 1565 4566 alma
1587 4500 1716 4574 fefellit,

886 4605 952 4670 Sed
974 4605 1128 4692 precibus
1152 4607 1257 4671 sancti
1279 4626 1357 4670 mox
1388 4606 1492 4691 pestis
1521 4604 1641 4670 acerba
1663 4607 1811 4685 recessit,

804 4731 826 4768 a·
888 4708 931 4774 Et
954 4707 1084 4774 domiuo
1108 4709 1238 4776 laudem
1262 4707 1403 4774 reddunt
1425 4728 1483 4794 pro
1507 4708 1630 4794 sospite
1653 4709 1729 4774 vita,

1470 4867 2017 4876 ..--...---.-,----..-..-,..,..-....--.---

570 4973 684 5036 boquea
696 4969 827 5035 abigitque
838 4968 982 5019 uirentibus
996 4969 1080 5019 herbis
1098 4967 1124 5016 ΙΙ
1172 4970 1261 5019 uiridis
1278 4967 1312 5032 W,
1331 4969 1410 5018 uirdis
1422 4967 1452 5029 (l,
1473 4985 1509 5016 arr
1522 4969 1561 5017 vir
1573 4968 1611 5016 dis
1624 4968 1640 5016 i.
1653 4967 1773 5016 adires?
1797 4968 1869 5019 Watt.
1940 4967 1975 5019 10
1987 4973 2095 5028 furiose
2112 4980 2141 5029 G

467 5057 498 5110 11
518 5076 621 5110 recusso
633 5059 656 5106 G
733 5052 764 5105 17
778 5055 883 5104 nascere
896 5055 919 5102 (l
971 5054 1065 5106 tumulo
1081 5053 1106 5102 U
1172 5051 1244 5104 abac
1256 5069 1355 5119 semper
1367 5061 1436 5104 totus
1452 5053 1484 5100 W
1549 5051 1583 5102 22
1601 5053 1654 5118 ipse
1666 5069 1742 5102 suum
1755 5055 1854 5105 facinus
1865 5057 1987 5120 cognouit
1999 5071 2097 5124 aperte
2114 5065 2147 5113 [Γ

465 5143 568 5196 23-24
587 5144 675 5196 serlulo
694 5142 842 5207 compulsus
860 5141 952 5191 nimiae
964 5141 1019 5190 sitis
1031 5142 1159 5191 anxietate
1175 5141 1179 5204 Ι
1196 5141 1323 5206 pontilicis
1335 5141 1416 5190 sancti
1429 5141 1537 5190 reditum
1549 5155 1670 5206 persaepe
1681 5139 1782 5205 rogauit
1796 5137 1822 5186 U
1919 5137 1954 5189 23
1971 5142 2047 5194 dictu
2067 5147 2141 5200 WG

467 5229 557 5280 luisset
577 5231 600 5278 d
705 5224 740 5276 24
757 5226 906 5276 ObtubatG
1006 5225 1040 5276 28
1057 5228 1153 5293 ipse(1'‚
1172 5229 1220 5277 sibi
1238 5227 1273 5290 W,
1292 5228 1404 5292 porrexit
1421 5228 1503 5277 eidem
1520 5226 1546 5275 U
1637 5224 1672 5276 29
1688 5225 1809 5290 relinquit
1826 5225 1852 5275 Γ
1941 5224 1976 5276 30
1994 5239 2020 5279 et
2039 5249 2095 5284 om.
2113 5237 2145 5286 l?

468 5316 571 5380 protulit
586 5315 617 5362 W
703 5314 715 5377 11
736 5309 798 5377 [xxi]
817 5312 981 5364 truribmu
1069 5311 1199 5364 2necnon
1211 5321 1237 5364 et
1252 5312 1285 5360 W
1366 5311 1384 5363 4
1402 5313 1497 5363 diuinis
1511 5311 1537 5360 {J
1619 5310 1774 5364 baceruaG
1860 5311 2029 5379 'iperquum
2039 5335 2095 5370 mn.
2113 5322 2145 5370 L*

467 5402 560 5450 mutan
584 5399 645 5448 th
774 5397 791 5448 9
817 5405 843 5449 et
865 5415 913 5448 om.
937 5397 962 5446 {J
1090 5398 1120 5449 ll
1144 5399 1267 5450 confessis
1285 5415 1406 5449 succurre
1427 5399 1449 5446 Ο
1582 5395 1615 5448 12
1632 5399 1705 5448 ocius
1723 5397 1766 5447 ille
1789 5397 1815 5447 U
1932 5397 1965 5448 13
1983 5403 2086 5455 refellit
2113 5408 2143 5458 Γ

470 5483 502 5536 14
521 5485 654 5552 praecibus
671 5482 701 5532 W
715 5483 756 5533 bic
774 5491 796 5533 et
814 5484 888 5548 infra
957 5499 1049 5534 acerum
1070 5485 1100 5552 d,
1118 5487 1196 5552 pestis
1215 5503 1274 5536 mox
1291 5485 1344 5534 dira
1363 5483 1388 5530 {f

571 5619 596 5682 l)
614 5616 635 5669 1
648 5631 670 5672 c.
683 5617 718 5668 20
735 5632 820 5684 equos
838 5617 933 5670 cedere
952 5617 1045 5686 caepit
1063 5623 1091 5673 et
1103 5619 1213 5688 pascuis
1231 5618 1352 5688 abigere.
1423 5619 1450 5685 2)
1469 5617 1573 5672 Locum
1597 5617 1710 5684 Verqilir'
1727 5621 1795 5672 Am.
1814 5619 1841 5686 Ι,
1859 5618 1907 5672 531
1923 5618 1968 5670 bic
1985 5629 2136 5689 respexit,

467 5719 494 5788 3)
521 5717 717 5774 monoatrrtom
737 5719 900 5784 Heremo,
918 5726 949 5774 ot
966 5720 1082 5784 videtur,
1099 5737 1172 5775 nunc
1192 5723 1280 5776 Oeren
1297 5725 1428 5784 roratum,
1448 5722 1484 5789 cf.
1503 5720 1560 5775 Ic.
1573 5721 1615 5774 21.
