4988 6434
495 1495 1133 1662 BONIFATH
1197 1493 1770 1664 CARMINA.

407 1899 646 2017 Wprfrmbum
680 1954 734 1998 scu
767 1931 982 2018 Bonifictium,
1014 1933 1203 2013 siredefcssum
1231 1933 1322 1997 illum
1353 1933 1583 1998 Gerrrrtonorum
1614 1934 1800 2014 apostolum,
1832 1933 1868 1996 in
1894 1935 1962 1995 arto

308 2059 415 2102 corsus
437 2039 554 2102 latirtos
573 2037 734 2120 puerperrdi
757 2038 791 2100 in
814 2037 926 2101 scholis
948 2037 1145 2130 usitatuxpro
1167 2037 1312 2116 temporis
1334 2038 1385 2100 sni
1407 2037 1510 2101 indole
1532 2037 1657 2115 affatim
1678 2041 1835 2102 uersatum
1854 2037 1963 2117 fuisse,

309 2142 342 2205 iil
363 2146 392 2205 et
419 2142 597 2207 Willibaldi
619 2141 812 2206 testimonio¹
836 2141 1038 2221 comperimus
1066 2144 1095 2204 et
1116 2139 1263 2220 epistolae
1293 2140 1361 2203 eius
1386 2140 1507 2221 aliquot
1535 2140 1609 2204 locis
1631 2139 1767 2204 donum.
1814 2141 1964 2223 Quarteois

306 2249 408 2308 antem
422 2245 599 2328 Sipebertus
616 2244 869 2310 Gerrcblaceusis³
891 2245 956 2306 ianr
979 2243 1094 2308 librum
1115 2244 1155 2307 ab
1177 2263 1211 2307 eo
1232 2243 1268 2306 dc
1283 2244 1452 2307 uirtutibus
1468 2248 1497 2308 et
1508 2244 1594 2307 uitiis
1606 2243 1739 2308 ‘metrico
1754 2245 1834 2309 stilo'
1846 2245 1963 2308 alitum

306 2349 492 2430 cocJuooerit,
514 2347 569 2412 lroc
592 2348 785 2427 altorumque
807 2367 932 2410 carrrren
960 2348 1027 2410 eins
1049 2346 1092 2410 ml
1112 2350 1234 2410 nostros
1253 2347 1320 2427 fere
1341 2346 1408 2410 dios
1429 2345 1465 2409 in
1487 2346 1675 2412 bibliothecis
1696 2346 1886 2412 delituerunt
1908 2367 1963 2414 nec

307 2472 376 2516 curu
398 2451 521 2531 publici
542 2450 665 2514 tandem
689 2450 772 2514 iuris
794 2450 885 2534 facta
906 2451 1052 2531 fuissent,
1087 2472 1108 2514 a
1129 2451 1209 2515 uiris
1236 2451 1332 2516 doctis
1359 2473 1396 2515 ca
1426 2471 1490 2531 qnia
1516 2450 1614 2532 clipna
1637 2455 1729 2514 mant
1749 2452 1963 2516 aestimatione

307 2554 416 2618 babila
449 2557 531 2618 sunt.
588 2553 701 2618 Verum
734 2557 836 2618 tranen
867 2554 911 2617 acl
937 2559 1067 2617 urentem
1093 2574 1250 2636 moresque
1277 2553 1441 2635 Bonifatii
1467 2553 1646 2618 accuratius
1671 2553 1879 2635 explorandos
1905 2556 1963 2621 leae

304 2678 430 2738 poeseos
452 2657 519 2721 cius
541 2657 702 2738 reliquiae,
731 2659 789 2722 etsi
810 2658 969 2722 insolutae
991 2661 1019 2721 ot
1044 2659 1254 2725 Camenarum
1283 2679 1337 2740 ope
1362 2658 1488 2739 ponitus
1509 2657 1683 2736 (laetititiae,
1705 2658 1792 2724 band
1813 2659 1963 2723 minorem

301 2782 405 2842 promte
431 2759 571 2839 afferunt
595 2762 775 2838 utilitatem,
803 2782 898 2842 quam
924 2761 990 2825 vitet
1012 2762 1079 2826 eins
1100 2783 1121 2825 a
1148 2761 1331 2827 Willibalelo
1353 2762 1508 2841 desumpta
1530 2761 1578 2825 ool
1599 2762 1739 2842 amplum
1761 2763 1962 2844 epistolarum

308 2884 428 2944 corpas.
479 2863 679 2928 Aldlrelmum
701 2865 973 2929 Scireburnensem
996 2866 1183 2945 episcopum,
1211 2869 1240 2930 et
1266 2867 1369 2945 ipsum
1390 2865 1531 2948 Anplmn
1554 2865 1689 2944 natione,
1712 2866 1801 2931 cuins
1816 2869 1964 2948 pennata

306 2968 415 3050 mapni
446 2989 515 3032 eum
541 2967 684 3032 babuisse
711 2969 856 3046 scimus‘,
885 2967 1053 3049 Bonifatio
1085 2969 1245 3050 eororuplar
1271 2969 1370 3050 fuisse
1398 2970 1434 3032 iu
1462 2968 1690 3052 acmpmatibns
1724 2969 1963 3050 acrosticis-isque

307 3070 506 3152 conficiendis
526 3091 548 3135 o
568 3071 712 3136 Boebio⁵
734 3077 811 3138 recte
835 3075 899 3138 iarn
921 3074 1113 3138 observatum
1134 3078 1188 3141 cst.

419 3177 615 3257 Quamquam
641 3197 782 3256 carmen,
808 3178 891 3260 quod
917 3179 954 3243 cle
983 3178 1151 3242 virtutibus
1178 3179 1323 3260 vitiisque
1344 3179 1426 3261 opit,
1456 3179 1577 3242 ircano
1607 3181 1730 3241 tantum
1751 3177 1850 3243 solue
1871 3197 1964 3258 eoquo

301 3280 426 3363 ‚saomtli
452 3279 515 3344 XI.
538 3279 705 3361 Bonifatio
734 3285 840 3346 nostro
871 3283 1058 3346 nonsinatim
1080 3283 1244 3360 tribuitur,
1273 3281 1311 3346 de
1337 3285 1461 3346 anctore
1483 3282 1551 3346 eius
1572 3281 1712 3346 dubimri
1733 3282 1861 3344 minime
1884 3280 1962 3345 licet.

307 3381 416 3464 Neque
437 3382 590 3445 inimerito
611 3384 821 3465 aenipmatnm
844 3385 990 3449 bambalo
1012 3385 1115 3449 scriba
1137 3385 1192 3450 boc
1208 3405 1320 3464 poento
1341 3385 1487 3466 insipit,
1516 3405 1585 3449 cum
1606 3384 1802 3465 sinpnlornm
1825 3386 1964 3465 capitum

308 3489 494 3568 ornamenta
512 3485 628 3565 primis
650 3487 845 3568 sinpnlornm
872 3507 1017 3550 uersuum
1044 3489 1146 3552 litoris
1167 3487 1408 3551 adrrrnbrcntnr:
1437 3488 1472 3550 to
1498 3487 1580 3568 quod
1601 3509 1621 3552 a
1643 3487 1786 3552 Lstciano
1807 3487 1964 3552 Mnolloro

306 3589 408 3670 primo
429 3592 621 3669 perspectum
641 3587 736 3669 fuist
781 3588 846 3652 Noc
868 3589 905 3653 clo
919 3609 1031 3666 sorore,
1054 3589 1105 3652 cui
1119 3593 1229 3653 (erector
1244 3609 1368 3652 carnion
1383 3609 1474 3653 sarna
1489 3589 1673 3667 anteirent,
1695 3608 1750 3653 noc
1766 3591 1803 3654 cle
1818 3591 1964 3670 temporis

308 3696 465 3770 rnouunto,
489 3713 550 3773 quo
572 3691 654 3756 illud
675 3691 855 3769 condiderit,
879 3693 954 3756 certi
977 3692 1054 3772 pud
1074 3693 1238 3771 affirruarc
1259 3691 1372 3755 ausim.
1420 3692 1499 3756 Cum
1520 3693 1602 3755 cuim
1625 3691 1662 3756 clo
1684 3693 1788 3757 sorore
1801 3693 1965 3773 Bonifatii

306 3815 458 3879 pantano
478 3795 562 3859 uilril
583 3795 672 3860 nobis
694 3795 844 3859 traditum
867 3797 916 3872 sit,
940 3795 1154 3859 consobrinam
1177 3796 1318 3877 aliquam
1339 3796 1387 3860 vol
1406 3797 1540 3860 anacam
1554 3815 1622 3859 cum
1636 3794 1778 3860 Boclrio⁸
1793 3815 1964 3876 supputere

734 3955 1086 3963 .-.----——-...---—-0
1355 3957 1405 3962 —-
1416 3957 1451 3962 ...-
1460 3957 1467 3962 -
1478 3957 1578 3962 -—--⁴--
1591 3957 1607 3960 ῃ-
1773 3956 1859 3962 —-

412 4059 439 4124 1)
464 4057 527 4112 Vita
546 4059 575 4111 S.
595 4058 738 4126 Bonifatii
754 4072 776 4110 e.
795 4057 823 4110 2:
848 4059 907 4109 tarn
925 4056 1106 4125 grammatice
1129 4056 1197 4110 artis
1221 4057 1382 4124 eloquentia
1409 4059 1437 4110 et
1459 4060 1609 4111 metrorum
1636 4057 1791 4112 medullata
1816 4055 1964 4111 facundiae

310 4160 509 4224 modulatione,
527 4179 611 4230 quain
631 4204 636 4215 .
655 4202 661 4215 .
679 4204 685 4215 .
704 4203 709 4215 .
728 4161 850 4215 inbutus.
921 4161 948 4228 2)
968 4161 1072 4215 Scribit
1090 4160 1123 4213 cle
1142 4176 1172 4214 eo
1191 4175 1342 4231 cleonymus
1361 4160 1470 4230 quidam
1491 4163 1546 4230 (ep.
1566 4163 1612 4226 95,
1637 4161 1760 4216 Monurn.
1780 4160 1904 4231 Monuni.
1923 4160 1964 4216 ed.

312 4264 387 4330 Iaffe'
405 4279 432 4330 p.
450 4262 528 4330 243).·
552 4265 630 4318 Hanc
649 4266 744 4334 itaque
763 4282 851 4333 nuper
870 4265 984 4318 metrice
1002 4264 1071 4317 artis
1089 4263 1219 4332 peritiam
1238 4264 1343 4318 domini
1362 4265 1449 4319 nostn'
1470 4306 1475 4318 .
1495 4307 1501 4318 .
1521 4266 1638 4333 presulis
1658 4264 1808 4320 venerandi
1828 4265 1965 4321 Boniiucii

312 4365 363 4442 sub
386 4365 547 4434 magisterio
570 4367 726 4422 didiceram.
764 4367 925 4438 Lcobpytlia
949 4374 973 4422 ct
997 4369 1067 4422 alter
1088 4383 1240 4439 anonymus
1265 4384 1361 4423 versus
1384 4370 1411 4422 ei
1432 4369 1541 4422 mittunt
1566 4369 1613 4436 tib.
1633 4387 1673 4438 ep.
1692 4370 1734 4433 23,
1753 4371 1786 4424 99
1801 4385 1831 4436 p.
1841 4370 1883 4434 84,
1894 4370 1964 4436 249),
2008 4371 2012 4380 “

312 4467 520 4538 ipseinterdum
532 4469 655 4539 epistolis
667 4488 762 4527 vasus
774 4472 853 4526 addit
866 4472 1084 4541 (cpp.9,10‚42).
1143 4473 1171 4540 3)
1185 4473 1229 4526 De
1243 4474 1427 4541 scriptoribus
1439 4473 1629 4528 ecclesiasticis
1641 4488 1663 4526 c.
1676 4474 1733 4526 121.
1792 4473 1820 4542 4)
1830 4475 1966 4530 Aldbclmi
2033 4471 2037 4478 '

312 4572 446 4641 epistolae
457 4571 604 4626 nonnullae
617 4579 642 4627 et
654 4576 775 4629 carniina
793 4575 823 4628 in
836 4573 1031 4643 Bonifatianis
1043 4581 1167 4642 receptae
1186 4581 1258 4629 sunt.
1288 4573 1479 4629 Aedilnaldus
1495 4591 1547 4628 rere
1565 4576 1595 4630 in
1612 4577 1700 4631 literis
1713 4577 1854 4632 Aldlulmo
1871 4580 1966 4635 missis

317 4674 506 4746 tl'ynfritbum
533 4675 654 4729 clientem
681 4692 844 4732 comumnem
870 4683 949 4732 uocat
981 4679 1036 4746 (cp.
1055 4679 1072 4730 b
1093 4693 1123 4744 p.
1142 4677 1201 4744 37).
1280 4678 1308 4744 5)
1332 4676 1501 4746 I'rciburper
1523 4677 1798 4735 Discessere-urente
1816 4683 1883 4752 III,
1904 4683 1964 4737 232.

312 4783 339 4846 6)
358 4781 540 4837 Ilbeiniscbes
559 4781 686 4836 Muscam
708 4783 758 4850 frte
777 4783 944 4852 Pbilolopie,
962 4784 1042 4837 Neue
1060 4783 1147 4853 Folpe
1167 4782 1271 4850 XXII,
1291 4783 1352 4835 151:
1379 4782 1618 4850 interpolationes,
1642 4784 1793 4854 dequibus
1812 4785 1965 4842 Muellerus

312 4888 467 4952 somniarit,
485 4887 650 4942 reiiciuidae
668 4894 738 4942 sunt.
811 4889 837 4954 7)
851 4889 965 4958 Buppae
983 4887 1150 4956 abbatissae,
1169 4903 1251 4956 quom
1269 4893 1294 4940 et
1311 4887 1400 4954 ipsam
1418 4901 1537 4941 sarman
1556 4889 1728 4942 carissimam
1746 4895 1833 4954 vocnt,
1852 4891 1967 4960 scripsit

311 4994 478 5063 Bonifatius
496 4992 563 5047 baec
581 4995 618 5061 (p.
637 4992 688 5045 237
708 4992 748 5046 cd.
767 4993 869 5060 Iafflt:
896 4993 936 5046 De
954 4991 1157 5060 conscriptione
1176 4994 1269 5044 autem
1284 4991 1494 5054 sententiarum,
1513 4991 1546 5044 de
1559 5007 1615 5059 qua
1628 4991 1743 5062 rogasti,
1763 4994 1885 5061 peccatis
1897 4995 1965 5050 meis

311 5101 456 5170 indulgere
479 5099 576 5160 habes.
600 5097 667 5167 quia
690 5102 804 5168 propter
825 5099 962 5152 instantes
980 5097 1087 5150 labores
1106 5099 1135 5149 et
1153 5096 1255 5150 itinera
1274 5095 1407 5150 continua
1429 5095 1519 5149 adhuc
1537 5095 1658 5165 perfecte
1677 5097 1872 5166 conscriptum,
1891 5098 1965 5167 quod

310 5205 431 5274 rogasti.
456 5221 511 5258 non
531 5203 656 5256 habeam.
694 5201 747 5256 Sed
766 5219 828 5256 cum
847 5201 997 5271 inplevero‚
1017 5201 1052 5254 ad
1071 5200 1258 5270 praesentiam
1278 5199 1435 5254 dilectionis
1454 5203 1519 5253 tuae
1538 5199 1728 5254 transmittere
1747 5201 1857 5256 curabo.
1905 5203 1966 5272 Quo

312 5307 369 5360 toea
395 5307 428 5362 cte
453 5306 654 5374 aenipmatibus
675 5306 777 5359 nostris
802 5306 851 5378 api
873 5305 995 5360 Cornelii
1017 5305 1106 5358 thtti
1126 5309 1165 5359 est
1186 5305 1344 5358 coniectura
1361 5302 1517 5370 probabilis
1539 5303 1683 5370 (Boebmer
1704 5303 1769 5372 ch.
1789 5320 1884 5384 arepp.
1902 5305 1965 5359 Ma-

311 5418 388 5482 punt.
406 5412 431 5474 Ι,
449 5411 503 5480 23).
588 5413 615 5474 8)
635 5410 668 5464 L.
687 5410 703 5463 l.
723 5409 882 5479 Leobpptba
900 5409 1048 5477 Bonifatio
1069 5409 1142 5462 inter
1164 5409 1223 5462 alia
1246 5406 1342 5464 scribit
1364 5408 1420 5476 (cp.
1439 5407 1473 5461 23
1488 5423 1517 5476 p.
1536 5406 1598 5474 84):
1629 5407 1701 5477 Ergo
1723 5405 1806 5461 unica
1828 5407 1887 5462 filia
1904 5427 1965 5463 eum

312 5512 446 5567 ambobus
470 5513 632 5583 parentibus
654 5513 735 5576 maim
762 5516 791 5566 et
812 5513 928 5578 utinam,
952 5513 1017 5568 licet
1035 5514 1087 5567 sim
1110 5513 1237 5584 indigna,
1255 5515 1289 5567 ut
1306 5527 1412 5564 merear
1430 5515 1458 5565 te
1476 5511 1506 5564 in
1525 5509 1618 5565 fratris
1637 5511 1727 5567 locum
1745 5511 1880 5581 accipere,
1899 5513 1966 5581 quia

312 5619 341 5671 in
360 5617 438 5670 nullo
456 5617 599 5672 hominum
617 5618 727 5688 generis
745 5619 800 5672 mci
812 5621 893 5672 tanta
911 5619 1012 5674 fiducia
1030 5619 1089 5688 spei
1108 5619 1201 5689 posita
1220 5622 1262 5672 est
1279 5615 1357 5678 mihi,
1376 5619 1483 5685 quanta
1500 5616 1533 5670 in
1549 5620 1584 5670 te.
1626 5617 1713 5670 chr.
1727 5616 1812 5670 Halm
1829 5615 1859 5668 in
1877 5615 1966 5670 literis

312 5722 350 5774 ml
368 5739 408 5774 osc
426 5720 499 5775 dotis
514 5721 656 5788 probabili
672 5722 830 5774 coniectura
849 5738 917 5776 usus
940 5723 1081 5790 epistolam
1100 5723 1150 5776 139
1167 5739 1185 5776 a
1204 5718 1352 5788 Bonifatio
1371 5719 1432 5787 ipso
1451 5717 1536 5772 eidem
1554 5717 1731 5788 Leobpptbac
1748 5719 1966 5784 (amantissimae

382 5831 485 5878 t'osrni:
499 5841 581 5878 cirisi
595 5842 653 5878 sevi
666 5831 792 5878 t'ssomsi
806 5831 824 5878 l.
1746 5825 1756 5876 1
