4574 6442
619 427 756 482 VERSUS
774 427 822 482 DE
839 426 990 482 sanculs
1008 425 1269 481 EUBORICENSIS
1287 424 1488 480 accursum.

543 624 589 660 no
641 602 685 666 Et
708 624 781 667 cum
803 603 895 687 virgo
918 602 1026 667 ferens
1050 601 1205 666 veniebat
1227 607 1262 666 et
1284 601 1368 666 atria
1389 602 1467 666 tecti

640 706 792 786 Intrarct,
816 706 923 771 subito
945 707 1049 770 tacuit
1071 706 1214 770 furiosus
1237 714 1271 770 et
1294 727 1407 770 omnes

638 808 831 896 Composuit
852 816 971 889 motus,
996 830 1109 874 somno
1133 809 1226 894 quasi
1244 809 1391 874 membra
1406 806 1561 884 dedisset,

640 911 786 998 Quisque
811 913 859 976 rei
881 912 1050 976 adstantes
1072 912 1264 998 spectabant
1287 913 1396 977 enims
1420 918 1519 976 essct.

638 1014 720 1079 Post
743 1016 842 1080 horae
866 1016 1007 1101 spatium
1030 1021 1169 1079 vexatus
1192 1021 1226 1078 et
1249 1015 1319 1101 ipse
1342 1013 1492 1092 resedit,¹

641 1117 817 1204 Suspirans
839 1119 998 1204 graviter:
1022 1117 1139 1182 ‘Sanus
1163 1139 1237 1182 sum·
1251 1118 1425 1196 sensibus,
1449 1115 1562 1202 inquit,

639 1223 822 1302 ‘Redditus
846 1230 880 1288 et
901 1243 1023 1299 vacuas
1043 1223 1127 1307 fugit
1142 1244 1246 1308 vagus
1260 1223 1366 1286 hostis
1389 1223 1423 1286 iu
1445 1223 1561 1286 auras'.

637 1325 799 1390 Mirantur
822 1326 930 1390 cuncti
955 1325 1094 1413 stupidis
1116 1327 1194 1390 hinc
1216 1325 1292 1390 inde
1314 1327 1464 1411 loquelis,

637 1426 839 1493 Incolumem
863 1428 971 1493 subito
996 1436 1168 1494 comentes
1192 1449 1328 1515 corpore
1351 1435 1430 1508 toto,

639 1531 779 1596 Ossibus
804 1538 837 1596 ct
860 1533 969 1598 nervis
993 1554 1054 1597 nee
1077 1554 1142 1597 non
1166 1539 1200 1596 ct
1219 1538 1329 1597 mente
1352 1533 1534 1617 vigentem:

556 1663 560 1673 =
639 1633 812 1719 Inquirunt
834 1635 963 1700 subitae
987 1656 1118 1700 causam
1142 1635 1289 1700 mirando
1313 1635 1438 1716 salutis,

639 1735 701 1810 Qui
724 1736 893 1823 respondit
916 1759 1031 1802 ovans:
1055 1738 1111 1802 ‘Ut
1134 1739 1222 1804 venit
1244 1739 1336 1824 virgo
1359 1738 1513 1803 locellum

638 1843 777 1906 Portans
800 1842 995 1928 etpedibus
1018 1843 1128 1928 tetigit
1151 1843 1233 1908 haec
1256 1845 1348 1918 atria,
1373 1843 1483 1906 statim

637 1945 832 2010 Discessere
855 1945 977 2031 procul,
1001 1947 1056 2030 qui
1079 1967 1131 2012 me
1154 1953 1307 2030 torquere
1330 1946 1480 2010 solebant

638 2048 838 2128 Daemones,
860 2055 897 2112 ut
919 2048 1049 2134 fugiunt
1070 2050 1223 2114 veniente
1246 2051 1318 2114 luce
1341 2049 1519 2113 tenebrac'.

558 2183 561 2190 v
641 2151 703 2216 Cui
725 2151 885 2238 portanda
907 2152 984 2216 data
1005 2159 1057 2216 cst
1079 2173 1191 2217 secum
1213 2173 1289 2239 pars
1311 2152 1456 2238 pulveris
1476 2152 1562 2222 almi,

638 2255 688 2319 Ac
711 2262 787 2341 post
808 2255 884 2320 talis
908 2256 939 2321 ei
961 2255 1068 2320 fuerat
1090 2256 1222 2321 vexatio
1245 2276 1431 2340 numquam.

682 2359 730 2424 Te
753 2379 881 2444 quoquc
904 2365 1026 2438 sancta,
1048 2365 1175 2444 potens,
1199 2359 1374 2424 virtutibus
1397 2359 1520 2444 inclyta
1542 2362 1662 2438 multis,
1703 2361 1804 2426 um,
1823 2375 1843 2412 2·
1912 2345 1915 2358 ’

640 2462 729 2527 Crux
750 2463 937 2528 veneranda
961 2485 1085 2544 canam,
1108 2485 1271 2548 nequeam
1294 2464 1322 2528 si
1344 2485 1496 2551 promere
1531 2465 1647 2551 dignos

638 2566 753 2632 Laude
776 2573 833 2630 tua
854 2588 980 2631 versus.
1023 2566 1201 2652 Reparasti
1222 2565 1352 2652 perdita
1374 2567 1511 2654 pridem,

558 2693 563 2704 ⁴*
640 2670 735 2735 Nune
760 2672 878 2734 iterum
901 2677 1016 2756 perte
1039 2671 1127 2736 cedit
1149 2671 1288 2735 victoria
1309 2672 1380 2756 regi

639 2773 803 2851 Oswaldo,
819 2780 856 2837 ut
869 2774 1032 2858 quondam
1047 2795 1171 2861 paucae
1188 2775 1337 2839 cecinere
1354 2795 1529 2840 camoenae
1543 2777 1562 2838 ¹.

637 2876 726 2941 Exin
749 2875 895 2944 mirificis
919 2876 1011 2940 fulsit
1034 2884 1090 2941 tua
1113 2877 1218 2962 gloria
1240 2877 1359 2962 signis;

639 2978 692 3044 nd
715 2985 747 3044 te
771 2985 840 3044 tota
862 2978 926 3044 fide
950 2979 1076 3046 famosa
1097 2980 1269 3045 Britannia
1291 2981 1402 3062 currit,

640 3081 807 3156 Quaerere
830 3103 889 3168 pro
913 3081 1012 3146 variis
1035 3082 1167 3148 sibimet
1188 3082 1405 3148 medicamina
1431 3083 1564 3158 morbis,

557 3210 581 3245 *s
640 3185 685 3250 Et
708 3207 765 3272 spe
789 3185 831 3249 ad
853 3193 885 3250 te
909 3186 1007 3250 etiam
1031 3187 1220 3252 venientem
1242 3187 1358 3252 fallere
1381 3188 1506 3262 nescis;

640 3287 788 3375 Namque
812 3289 927 3353 salutis
951 3309 1031 3374 opes
1054 3288 1230 3354 redeuntes
1262 3311 1361 3377 saepe
1384 3296 1562 3377 reportant.

638 3390 713 3455 Non
736 3411 798 3475 ego
821 3391 963 3455 ruricula
985 3412 1119 3477 possum
1141 3412 1333 3477 percurrere
1356 3394 1483 3478 plectro

641 3493 769 3574 Omnia,
792 3495 960 3559 multoties
983 3514 1065 3578 quae
1089 3516 1148 3580 per
1170 3501 1202 3559 tc
1227 3495 1321 3579 signa
1342 3500 1510 3579 geruntur,

640 3597 685 3662 Et
706 3619 827 3685 pecora
849 3605 946 3682 atque
971 3597 1131 3678 homines,
1154 3597 1253 3662 etiam
1276 3598 1477 3682 iuvenesque
1501 3618 1673 3685 senesque.

641 3701 792 3786 Denique
816 3701 985 3787 praecisae
1009 3700 1049 3766 dc
1073 3707 1106 3766 te
1129 3700 1292 3766 ducuntur
1313 3701 1435 3786 ubique

641 3803 837 3883 Particulae,
860 3825 920 3890 per
942 3824 1021 3888 quas
1045 3804 1127 3868 fiunt
1149 3805 1204 3890 pia
1226 3804 1312 3869 dona
1335 3805 1461 3869 salutis.

642 3907 771 3972 Sufficit
793 3929 812 3973 e
835 3907 960 3972 cunctis
982 3908 1044 3972 hoc
1068 3908 1173 3972 solum
1197 3907 1306 3974 dicere
1331 3909 1472 3994 signum.

683 4011 801 4077 Frater
823 4017 894 4075 erat
916 4011 1047 4096 quidam
1069 4033 1149 4076 casu
1173 4013 1357 4077 confractus
1380 4011 1511 4092 acerbo,

641 4112 839 4198 Infractique
863 4113 977 4178 dolens
999 4114 1131 4201 penitus
1154 4115 1256 4199 gemit
1279 4135 1354 4179 ossa
1376 4115 1501 4194 lacerti,

574 4241 584 4276 a
644 4216 791 4301 Cumque
807 4217 900 4281 dolor
911 4213 1031 4282 nimius
1045 4224 1253 4283 succreverat
1268 4224 1302 4282 et
1316 4224 1424 4282 tumor
1436 4216 1565 4296 ardens,

642 4321 791 4387 Pectoris
813 4322 995 4406 ingeminat
1017 4322 1190 4386 lacrimans
1214 4321 1356 4407 suspiria
1378 4321 1473 4392 fessi;

642 4425 693 4489 De
717 4445 813 4489 cruce
837 4425 890 4489 cui
906 4424 1037 4510 quidam
1053 4432 1183 4490 veteres
1199 4425 1264 4488 iam
1280 4445 1419 4510 vespere
1436 4444 1565 4488 muscos

641 4529 770 4610 Attulit,
793 4529 827 4592 in
848 4529 1009 4614 gremium
1032 4529 1163 4594 sibimet
1185 4549 1267 4613 quos
1289 4527 1407 4614 proicit
1429 4547 1544 4612 aeger:

643 4631 790 4717 Cumque
814 4632 877 4696 irct
899 4633 1044 4697 cubitum
1067 4631 1188 4696 oblitus
1212 4630 1377 4716 deponere
1407 4650 1566 4708 muscum,

561 4759 572 4795 a
642 4735 783 4801 Nescius
806 4736 840 4800 in
862 4736 987 4820 gremio
1011 4757 1124 4800 somno
1147 4739 1346 4822 praeventus
1369 4733 1523 4798 habebat.

642 4839 813 4926 Evigilans
836 4839 944 4904 medio
968 4839 1139 4904 morbosus
1162 4846 1311 4924 tempore
1334 4838 1450 4914 noctis,

642 4943 729 5008 Ecce
753 4943 876 5028 aliquid
899 4943 1002 5028 gelidi
1024 4943 1121 5008 lateri
1144 4943 1207 5006 sibi
1230 4942 1333 5007 sensit
1355 4941 1484 5022 adesse,
1519 5025 1520 5032 ἵ

641 5045 848 5129 Admotaque
870 5066 1103 5110 menusanum
1127 5067 1163 5109 se
1186 5044 1271 5108 forte
1294 5044 1397 5108 fuisse

640 5149 789 5236 Repetit,
812 5155 911 5234 atquc
934 5150 1015 5214 nihil
1039 5149 1183 5213 fractura
1206 5149 1309 5212 sensit
1331 5147 1372 5212 ab
1395 5147 1463 5211 illa.

544 5277 582 5314 aa
681 5252 809 5338 Inclyta
830 5252 918 5317 fama
940 5253 1001 5318 viri
1022 5273 1084 5318 nec
1108 5252 1213 5316 solum
1235 5251 1304 5316 iure
1327 5250 1504 5315 Britannos
1695 5255 1841 5320 B.III‚1³.

328 5437 392 5442 --.—-
412 5436 512 5441 -.-.-.
559 5435 567 5440 .
586 5435 595 5440 .-
614 5435 696 5440 -Η-...
710 5435 726 5440 --.
747 5435 759 5440 ..
774 5435 786 5440 --
808 5436 818 5438 -
834 5435 1054 5441 -....-...—.—--..-.-
1064 5434 1167 5440 -—-.——
1184 5431 1388 5440 ---————-.

328 5551 380 5604 411')
398 5563 453 5604 turn
474 5553 547 5615 (lule,
566 5567 654 5602 errore
672 5550 853 5618 typographico
873 5562 900 5603 ut
917 5551 1023 5603 sulcato.

328 5723 353 5790 1)
371 5724 390 5776 ι’.
408 5739 430 5776 c.
445 5721 533 5792 pauci
550 5735 656 5789 curua,
674 5737 695 5774 c.
716 5735 803 5792 supro
821 5736 846 5775 o.
864 5720 916 5774 245
933 5736 971 5774 as.
