4756 6412
1106 397 1313 452 THEODULFI
1332 398 1507 452 caumas.

840 571 885 636 Et
909 592 1035 636 memor
1058 592 1132 635 esse
1158 570 1224 635 mei
1246 569 1382 654 dignare
1404 593 1464 657 per
1487 572 1605 650 omnia,
1629 593 1762 658 quaeso,

925 674 1012 739 Dum
1035 675 1120 760 legis
1143 679 1177 738 et
1199 674 1331 758 relegis,
1355 673 1497 758 dumque
1520 673 1592 738 adis
1615 675 1704 739 istud
1726 697 1819 761 opus.

758 799 784 836 ιι
841 778 995 863 Dumque
1018 777 1089 843 adis
1111 777 1199 842 istud
1222 799 1315 863 opus,
1338 777 1426 863 quod
1449 777 1594 843 condidit
1616 780 1701 843 actio
1724 785 1847 860 nostra,

924 882 1113 949 Mercedem
1137 881 1238 946 studii
1259 888 1295 946 tu
1317 881 1398 945 mihi
1421 881 1521 946 redde
1545 883 1622 946 mei.

842 984 950 1066 Hanc,
973 1007 1065 1070 rogo,
1088 984 1275 1050 mercedem
1299 1005 1358 1071 pro
1382 1006 1434 1049 me
1458 984 1600 1070 deposce
1623 991 1801 1066 tonantem,

923 1089 968 1155 Ut
991 1089 1071 1154 mihi
1094 1089 1151 1154 det
1173 1088 1312 1166 veniam,
1336 1109 1395 1153 seu
1416 1089 1490 1173 pius
1513 1087 1611 1152 addat
1634 1109 1740 1175 opem.

842 1191 951 1258 Noxia
974 1193 1129 1279 depellat,
1154 1191 1313 1257 concedat
1334 1214 1492 1279 prospera
1514 1213 1673 1277 quaeque,

760 1318 786 1355 ιο
924 1296 1123 1382 Participem
1147 1303 1180 1360 et
1204 1296 1313 1375 faciat,
1336 1296 1403 1360 vita
1425 1295 1534 1375 beata,
1556 1296 1626 1360 tibi.

844 1399 1017 1487 Conponat
1039 1421 1159 1480 mores,
1182 1400 1289 1464 firmet
1312 1420 1415 1485 spem,
1439 1401 1703 1484 corrigendus,

926 1502 1037 1588 thue
1060 1503 1189 1567 animae
1212 1502 1364 1567 adveniat
1387 1503 1449 1567 hoc
1472 1503 1638 1568 tribuente
1662 1504 1761 1568 salus.

842 1606 952 1690 Atque
975 1607 1021 1669 ita
1043 1627 1095 1670 me
1119 1606 1264 1670 clemens
1287 1607 1478 1691 peccamine
1501 1615 1620 1692 purget
1642 1606 1683 1670 ab
1707 1608 1804 1688 omni,

924 1707 970 1772 Ut
992 1709 1072 1772 mihi
1095 1716 1170 1795 post
1192 1715 1330 1774 mortem
1353 1709 1409 1774 det
1432 1731 1531 1796 super
1552 1717 1642 1774 astra
1663 1711 1781 1791 locum,

756 1835 781 1871 ιι
842 1810 1001 1877 Coetibus
1024 1813 1182 1898 angelicis
1207 1819 1240 1878 et
1263 1813 1391 1896 iungat,
1414 1834 1549 1878 munere
1571 1813 1663 1878 cuius

923 1914 1047 1980 'ferrea
1070 1917 1247 2002 progenies
1270 1916 1397 1982 scandit
1419 1917 1461 1982 ad
1483 1924 1571 1982 astra
1593 1917 1671 2004 poli.

1283 2154 1315 2196 ιιι

841 2233 926 2299 Vive
951 2232 1014 2298 deo
1037 2233 1119 2299 felix
1142 2235 1364 2321 perplurima
1387 2243 1545 2322 tempora,
1567 2237 1681 2316 lector,

921 2335 1094 2401 Theodulfi
1117 2358 1179 2403 uec
1203 2339 1248 2403 sis
1272 2340 1441 2416 inmemor,
1465 2361 1531 2420 oro,
1556 2342 1612 2404 tui.

1073 2590 1105 2631 ιι
1149 2567 1362 2633 EXPLICIT
1384 2569 1531 2634 LIBER.

841 2672 933 2736 Finis
957 2671 1052 2737 adest
1074 2674 1182 2758 operi:
1206 2673 1273 2754 his,
1297 2675 1415 2758 quibus
1431 2683 1482 2739 est
1503 2675 1735 2761 peragentibus
1751 2684 1871 2756 actum,

925 2775 976 2839 Sit
998 2797 1074 2861 pax,
1098 2775 1175 2856 rita,
1200 2777 1290 2840 salus
1314 2784 1347 2841 et
1370 2777 1441 2859 tibi,
1463 2779 1576 2856 lector,
1599 2784 1674 2843 ave!

1094 3003 1506 3014 ——-..—.....

1245 3227 1353 3293 XLII.

765 3370 798 3442 A
826 3369 969 3443 FORIS
994 3369 1043 3442 IN
1069 3370 1221 3443 PRIMA
1249 3371 1446 3444 TABULA
1473 3372 1836 3447 BIBLIOTHECAE.

841 3520 906 3594 Qui
930 3520 993 3584 sim
1015 3541 1113 3584 nosse
1136 3520 1261 3598 volens,
1285 3521 1379 3601 scito,
1402 3521 1627 3588 Bibliotheca¹
1649 3522 1749 3602 dicor,

920 3622 965 3687 Et
986 3623 1109 3688 veteris
1132 3623 1216 3708 legis
1241 3624 1291 3688 ius
1314 3624 1399 3689 veho
1424 3626 1495 3689 sive
1517 3646 1633 3690 novae.

835 3726 905 3792 Nec
928 3747 981 3792 mc
1005 3749 1134 3813 sperne,
1157 3749 1284 3814 precor,
1308 3729 1386 3814 quia
1407 3729 1513 3793 cernis
1537 3750 1673 3814 corpore
1696 3750 1848 3815 parvam:

920 3821 1066 3918 Corpore
1090 3852 1161 3896 sum
1184 3831 1325 3912 modico,
1350 3832 1475 3897 viribus
1499 3833 1608 3919 ampla
1630 3841 1751 3900 tamen.

766 3957 778 3994 ι
838 3934 893 4000 Me
918 3936 1113 4021 quicumque
1137 3935 1239 4015 vides,
1264 3935 1437 4002 Theodulfi
1461 3937 1506 4001 sis
1529 3957 1664 4016 memor,
1688 3958 1756 4010 oro,

920 4038 1020 4103 Cuius
1044 4059 1097 4104 me
1121 4038 1268 4102 studium
1290 4039 1447 4119 condidit,
1471 4035 1572 4125 aptat,
1595 4045 1693 4120 amat,

834 4143 878 4207 Et
900 4143 979 4207 foris
1003 4149 1150 4228 argento,
1175 4143 1313 4229 gemmis
1337 4143 1464 4207 ornavit
1488 4149 1521 4208 et
1544 4143 1650 4222 auro²‚

920 4246 1021 4312 Cuius
1044 4253 1079 4312 et
1102 4247 1239 4311 interius
1262 4247 1342 4311 lima
1363 4247 1489 4333 polivit,
1513 4269 1584 4312 ave.

1060 4468 1108 4532 IN
1131 4468 1314 4533 ALTERA
1336 4469 1530 4534 TABULA.

833 4589 898 4664 Qui
921 4589 1013 4675 cupis
1037 4609 1112 4653 esse
1135 4589 1252 4668 bonus,
1276 4589 1330 4673 qui
1353 4589 1454 4653 vitam
1478 4590 1609 4674 quaeris
1632 4590 1803 4655 honestam
1815 4593 1838 4670 ³,

917 4691 972 4758 Me
995 4698 1083 4778 pete,
1106 4698 1139 4756 te
1162 4713 1290 4772 moneo,
1314 4693 1370 4756 lex
1393 4713 1455 4777 ego
1480 4699 1593 4757 saneta
1615 4692 1679 4758 dei.
1760 4733 1762 4736 -

834 4795 913 4861 Sum
936 4796 1000 4876 via,
1024 4816 1096 4860 sum
1119 4796 1187 4876 lux,
1212 4817 1284 4860 sum
1306 4795 1445 4874 doctrix,
1470 4818 1541 4861 sum
1565 4798 1696 4862 conscia
1719 4798 1799 4878 veri,

913 4899 1043 4965 Lumen
1066 4900 1293 4981 inextinctum,
1317 4900 1372 4984 qui
1395 4899 1474 4964 mihi
1497 4909 1599 4988 paret,
1623 4902 1732 4968 habet.

571 5162 606 5216 46
631 5165 736 5216 reddere
752 5161 785 5213 Μ
905 5160 939 5212 ol
963 5161 1138 5227 ConponetM
1258 5159 1293 5212 52
1315 5163 1400 5227 Atque
1412 5161 1441 5212 F
1558 5159 1592 5212 ιἰὂ
1614 5170 1637 5212 et
1657 5159 1692 5211 56
1714 5177 1762 5210 one.
1775 5157 1804 5208 F
1920 5159 1955 5211 56
1975 5163 2082 5215 scandet
2095 5164 2128 5214 Μ

466 5252 476 5314 ii
489 5249 537 5318 [ιιι]
556 5249 573 5302 2
590 5249 769 5304 TheudulfiF

535 5336 629 5404 [xnll]
647 5355 679 5389 ez
696 5337 753 5389 edit.
774 5335 909 5388 ›S'r'rnrondi
921 5352 951 5400 p.
968 5330 1018 5383 271
1039 5335 1055 5385 1.
1075 5335 1110 5384 vl
1129 5351 1149 5385 c.
1168 5335 1310 5385 XXVII-
1322 5335 1435 5386 XXVIII

568 5493 593 5556 1)
610 5491 630 5544 ι’.
649 5507 671 5543 e.
690 5488 785 5542 biblio.
822 5485 865 5554 Cf.
882 5487 1061 5541 ii'nttendach
1079 5487 1274 5555 Schriftwesen
1282 5505 1313 5558 p.
1327 5489 1385 5541 126.
1455 5488 1483 5553 2)
1503 5488 1547 5554 Cf.
1566 5485 1645 5552 infra
1663 5501 1690 5552 p.
1708 5485 1757 5537 541
1777 5483 1815 5538 ad
1828 5483 1933 5538 Gtslmn
1951 5500 1975 5537 a.
1987 5484 2014 5546 4,
2034 5500 2125 5554 supra

459 5609 490 5661 p.
507 5593 558 5646 539
576 5608 601 5646 v.
617 5592 695 5644 3-4.
808 5591 835 5658 3)
861 5593 963 5644 Versus
983 5589 1097 5643 Catonis
1119 5591 1216 5642 contro
1241 5590 1416 5643 luarinml
1443 5589 1497 5653 Qui
1520 5587 1599 5668 cupis
1624 5603 1683 5640 esee
1705 5586 1807 5652 bonus,
1831 5585 1987 5654 quiritum
2011 5589 2125 5656 quaeris

462 5697 607 5750 honest-am
626 5693 679 5761 (ed
700 5693 889 5758 licitantem,
910 5693 1079 5746 t'olonimsr'a
1098 5695 1158 5746 eccl.
1176 5693 1254 5746 codd.
1270 5711 1300 5762 p.
1317 5695 1372 5758 41).
