<?xml version="1.0" encoding="UTF-8"?>
<!DOCTYPE html PUBLIC "-//W3C//DTD XHTML 1.0 Transitional//EN"
    "http://www.w3.org/TR/xhtml1/DTD/xhtml1-transitional.dtd">
<html xmlns="http://www.w3.org/1999/xhtml" xml:lang="en" lang="en">
 <head>
  <title>
</title>
<meta http-equiv="Content-Type" content="text/html;charset=utf-8" />
  <meta name='ocr-system' content='tesseract 3.04.00' />
  <meta name='ocr-capabilities' content='ocr_page ocr_carea ocr_par ocr_line ocrx_word'/>
</head>
<body>
  <div class='ocr_page' id='page_1' title='image "./monumentagerman01unkngoog/monumentagerman01unkngoog_0203.png"; bbox 0 0 4694 6428; ppageno 0'>
   <div class='ocr_carea' id='block_1_1' title="bbox 1111 399 1454 456">
    <p class='ocr_par' dir='ltr' id='par_1_1' title="bbox 1111 399 1454 456">
     <span class='ocr_line' id='line_1_1' title="bbox 1111 399 1454 456; baseline 0 -2"><span class='ocrx_word' id='word_1_1' title='bbox 1111 400 1259 456; x_wconf 71' lang='lat' dir='ltr'>ALt&#39;JUINl</span> <span class='ocrx_word' id='word_1_2' title='bbox 1278 399 1454 455; x_wconf 76' lang='lat' dir='ltr'>CARMINA.</span> 
     </span>
    </p>
   </div>
   <div class='ocr_carea' id='block_1_2' title="bbox 775 572 1868 5306">
    <p class='ocr_par' dir='ltr' id='par_1_2' title="bbox 781 572 1772 1072">
     <span class='ocr_line' id='line_1_2' title="bbox 781 572 1715 660; baseline -0.003 -21"><span class='ocrx_word' id='word_1_3' title='bbox 781 597 819 634; x_wconf 67' lang='lat' dir='ltr'>sev</span> <span class='ocrx_word' id='word_1_4' title='bbox 876 574 920 639; x_wconf 82' lang='lat' dir='ltr'>Et</span> <span class='ocrx_word' id='word_1_5' title='bbox 942 575 1090 660; x_wconf 84' lang='lat' dir='ltr'>quamvis</span> <span class='ocrx_word' id='word_1_6' title='bbox 1114 574 1245 639; x_wconf 87' lang='lat' dir='ltr'>sibimet</span> <span class='ocrx_word' id='word_1_7' title='bbox 1267 575 1356 638; x_wconf 82' lang='lat' dir='ltr'>risus</span> <span class='ocrx_word' id='word_1_8' title='bbox 1380 575 1423 638; x_wconf 90' lang='lat' dir='ltr'>sit</span> <span class='ocrx_word' id='word_1_9' title='bbox 1446 575 1516 638; x_wconf 88' lang='lat' dir='ltr'>iure</span> <span class='ocrx_word' id='word_1_10' title='bbox 1539 572 1715 650; x_wconf 88' lang='lat' dir='ltr'>necandus,</span> 
     </span>
     <span class='ocr_line' id='line_1_3' title="bbox 874 676 1772 765; baseline 0 -23"><span class='ocrx_word' id='word_1_11' title='bbox 874 679 982 765; x_wconf 85' lang='lat' dir='ltr'>Eripit</span> <span class='ocrx_word' id='word_1_12' title='bbox 1003 679 1090 742; x_wconf 91' lang='lat' dir='ltr'>bunc</span> <span class='ocrx_word' id='word_1_13' title='bbox 1112 679 1219 756; x_wconf 91' lang='lat' dir='ltr'>morti,</span> <span class='ocrx_word' id='word_1_14' title='bbox 1243 677 1372 741; x_wconf 88' lang='lat' dir='ltr'>cuidam</span> <span class='ocrx_word' id='word_1_15' title='bbox 1395 676 1453 741; x_wconf 90' lang='lat' dir='ltr'>sed</span> <span class='ocrx_word' id='word_1_16' title='bbox 1476 677 1624 741; x_wconf 77' lang='lat' dir='ltr'>uendidit</span> <span class='ocrx_word' id='word_1_17' title='bbox 1647 678 1739 741; x_wconf 89' lang='lat' dir='ltr'>illum</span> <span class='ocrx_word' id='word_1_18' title='bbox 1752 679 1772 742; x_wconf 90' lang='lat'>¹.</span> 
     </span>
     <span class='ocr_line' id='line_1_4' title="bbox 875 779 1758 866; baseline -0.001 -22"><span class='ocrx_word' id='word_1_19' title='bbox 875 779 939 854; x_wconf 87' lang='lat' dir='ltr'>Qui</span> <span class='ocrx_word' id='word_1_20' title='bbox 962 802 1091 866; x_wconf 89' lang='lat' dir='ltr'>quoque</span> <span class='ocrx_word' id='word_1_21' title='bbox 1113 787 1253 866; x_wconf 84' lang='lat' dir='ltr'>temptat</span> <span class='ocrx_word' id='word_1_22' title='bbox 1275 801 1350 844; x_wconf 90' lang='lat' dir='ltr'>eum</span> <span class='ocrx_word' id='word_1_23' title='bbox 1372 779 1453 844; x_wconf 89' lang='lat' dir='ltr'>diris</span> <span class='ocrx_word' id='word_1_24' title='bbox 1476 780 1599 844; x_wconf 78' lang='lat' dir='ltr'>vincire</span> <span class='ocrx_word' id='word_1_25' title='bbox 1622 781 1758 844; x_wconf 88' lang='lat' dir='ltr'>catenis.</span> 
     </span>
     <span class='ocr_line' id='line_1_5' title="bbox 874 882 1724 970; baseline -0.004 -21"><span class='ocrx_word' id='word_1_26' title='bbox 874 885 945 949; x_wconf 78' lang='lat' dir='ltr'>Nec</span> <span class='ocrx_word' id='word_1_27' title='bbox 967 886 1082 970; x_wconf 88' lang='lat' dir='ltr'>potuit,</span> <span class='ocrx_word' id='word_1_28' title='bbox 1106 885 1258 968; x_wconf 88' lang='lat' dir='ltr'>quoniam</span> <span class='ocrx_word' id='word_1_29' title='bbox 1281 882 1449 970; x_wconf 89' lang='lat' dir='ltr'>praedicto</span> <span class='ocrx_word' id='word_1_30' title='bbox 1472 903 1562 946; x_wconf 89' lang='lat' dir='ltr'>more</span> <span class='ocrx_word' id='word_1_31' title='bbox 1586 885 1724 964; x_wconf 80' lang='lat' dir='ltr'>solutus,</span> 
     </span>
     <span class='ocr_line' id='line_1_6' title="bbox 874 986 1742 1072; baseline 0.001 -22"><span class='ocrx_word' id='word_1_32' title='bbox 874 987 976 1052; x_wconf 89' lang='lat' dir='ltr'>Liber</span> <span class='ocrx_word' id='word_1_33' title='bbox 998 988 1039 1052; x_wconf 89' lang='lat' dir='ltr'>ab</span> <span class='ocrx_word' id='word_1_34' title='bbox 1062 987 1224 1072; x_wconf 83' lang='lat' dir='ltr'>impositis</span> <span class='ocrx_word' id='word_1_35' title='bbox 1247 986 1437 1050; x_wconf 88' lang='lat' dir='ltr'>remanebat</span> <span class='ocrx_word' id='word_1_36' title='bbox 1459 1007 1595 1072; x_wconf 88' lang='lat' dir='ltr'>corpore</span> <span class='ocrx_word' id='word_1_37' title='bbox 1618 987 1742 1051; x_wconf 85' lang='lat' dir='ltr'>vinclis.</span> 
     </span>
    </p>

    <p class='ocr_par' dir='ltr' id='par_1_3' title="bbox 780 1089 1751 1478">
     <span class='ocr_line' id='line_1_7' title="bbox 780 1089 1751 1177; baseline 0 -24"><span class='ocrx_word' id='word_1_38' title='bbox 780 1111 817 1146; x_wconf 69' lang='lat' dir='ltr'>sss</span> <span class='ocrx_word' id='word_1_39' title='bbox 875 1089 1015 1176; x_wconf 78' lang='lat' dir='ltr'>Saepius</span> <span class='ocrx_word' id='word_1_40' title='bbox 1038 1091 1119 1156; x_wconf 88' lang='lat' dir='ltr'>baec</span> <span class='ocrx_word' id='word_1_41' title='bbox 1142 1090 1293 1176; x_wconf 82' lang='lat' dir='ltr'>equidem</span> <span class='ocrx_word' id='word_1_42' title='bbox 1316 1090 1374 1155; x_wconf 91' lang='lat' dir='ltr'>sed</span> <span class='ocrx_word' id='word_1_43' title='bbox 1397 1091 1561 1177; x_wconf 87' lang='lat' dir='ltr'>praestitit</span> <span class='ocrx_word' id='word_1_44' title='bbox 1584 1090 1664 1154; x_wconf 90' lang='lat' dir='ltr'>hora</span> <span class='ocrx_word' id='word_1_45' title='bbox 1686 1089 1751 1154; x_wconf 89' lang='lat' dir='ltr'>diei</span> 
     </span>
     <span class='ocr_line' id='line_1_8' title="bbox 875 1192 1660 1279; baseline 0 -23"><span class='ocrx_word' id='word_1_46' title='bbox 875 1192 996 1272; x_wconf 83' lang='lat' dir='ltr'>Tertia,</span> <span class='ocrx_word' id='word_1_47' title='bbox 1019 1215 1084 1279; x_wconf 91' lang='lat' dir='ltr'>qua</span> <span class='ocrx_word' id='word_1_48' title='bbox 1106 1194 1207 1258; x_wconf 86' lang='lat' dir='ltr'>frater</span> <span class='ocrx_word' id='word_1_49' title='bbox 1228 1195 1402 1258; x_wconf 88' lang='lat' dir='ltr'>missarum</span> <span class='ocrx_word' id='word_1_50' title='bbox 1425 1193 1510 1257; x_wconf 93' lang='lat' dir='ltr'>dona</span> <span class='ocrx_word' id='word_1_51' title='bbox 1532 1193 1660 1258; x_wconf 81' lang='lat' dir='ltr'>solebat</span> 
     </span>
     <span class='ocr_line' id='line_1_9' title="bbox 876 1295 1723 1382; baseline -0.002 -22"><span class='ocrx_word' id='word_1_52' title='bbox 876 1295 983 1361; x_wconf 85' lang='lat' dir='ltr'>Corde</span> <span class='ocrx_word' id='word_1_53' title='bbox 1006 1298 1124 1362; x_wconf 83' lang='lat' dir='ltr'>offerre</span> <span class='ocrx_word' id='word_1_54' title='bbox 1147 1297 1221 1382; x_wconf 89' lang='lat' dir='ltr'>pio:</span> <span class='ocrx_word' id='word_1_55' title='bbox 1244 1297 1394 1361; x_wconf 90' lang='lat' dir='ltr'>dominus</span> <span class='ocrx_word' id='word_1_56' title='bbox 1417 1295 1493 1360; x_wconf 93' lang='lat' dir='ltr'>dum</span> <span class='ocrx_word' id='word_1_57' title='bbox 1517 1296 1595 1360; x_wconf 86' lang='lat' dir='ltr'>talia</span> <span class='ocrx_word' id='word_1_58' title='bbox 1619 1296 1723 1360; x_wconf 82' lang='lat' dir='ltr'>cernit</span> 
     </span>
     <span class='ocr_line' id='line_1_10' title="bbox 875 1398 1628 1478; baseline -0.003 -16"><span class='ocrx_word' id='word_1_59' title='bbox 875 1398 969 1478; x_wconf 83' lang='lat' dir='ltr'>Mira,</span> <span class='ocrx_word' id='word_1_60' title='bbox 992 1399 1183 1464; x_wconf 77' lang='lat' dir='ltr'>facultatem</span> <span class='ocrx_word' id='word_1_61' title='bbox 1205 1399 1261 1463; x_wconf 89' lang='lat' dir='ltr'>dat</span> <span class='ocrx_word' id='word_1_62' title='bbox 1284 1401 1316 1464; x_wconf 93' lang='lat' dir='ltr'>ei</span> <span class='ocrx_word' id='word_1_63' title='bbox 1339 1420 1413 1463; x_wconf 88' lang='lat' dir='ltr'>sese</span> <span class='ocrx_word' id='word_1_64' title='bbox 1435 1398 1628 1463; x_wconf 88' lang='lat' dir='ltr'>redimendi.</span> 
     </span>
    </p>

    <p class='ocr_par' dir='ltr' id='par_1_4' title="bbox 780 1501 1799 2001">
     <span class='ocr_line' id='line_1_11' title="bbox 875 1501 1740 1589; baseline 0.003 -22"><span class='ocrx_word' id='word_1_65' title='bbox 875 1503 978 1569; x_wconf 88' lang='lat' dir='ltr'>Liber</span> <span class='ocrx_word' id='word_1_66' title='bbox 1000 1510 1034 1568; x_wconf 93' lang='lat' dir='ltr'>et</span> <span class='ocrx_word' id='word_1_67' title='bbox 1056 1503 1113 1568; x_wconf 90' lang='lat' dir='ltr'>ille</span> <span class='ocrx_word' id='word_1_68' title='bbox 1137 1502 1221 1568; x_wconf 92' lang='lat' dir='ltr'>redit</span> <span class='ocrx_word' id='word_1_69' title='bbox 1243 1503 1342 1589; x_wconf 87' lang='lat' dir='ltr'>pretii</span> <span class='ocrx_word' id='word_1_70' title='bbox 1365 1503 1425 1566; x_wconf 87' lang='lat' dir='ltr'>sub</span> <span class='ocrx_word' id='word_1_71' title='bbox 1448 1503 1518 1566; x_wconf 93' lang='lat' dir='ltr'>iure</span> <span class='ocrx_word' id='word_1_72' title='bbox 1541 1501 1740 1588; x_wconf 81' lang='lat' dir='ltr'>redemptus.</span> 
     </span>
     <span class='ocr_line' id='line_1_12' title="bbox 780 1605 1799 1692; baseline 0 -22"><span class='ocrx_word' id='word_1_73' title='bbox 780 1629 809 1664; x_wconf 75' lang='lat' dir='ltr'>se</span> <span class='ocrx_word' id='word_1_74' title='bbox 874 1606 985 1692; x_wconf 85' lang='lat' dir='ltr'>Atque</span> <span class='ocrx_word' id='word_1_75' title='bbox 1007 1605 1140 1671; x_wconf 91' lang='lat' dir='ltr'>domum</span> <span class='ocrx_word' id='word_1_76' title='bbox 1161 1615 1317 1692; x_wconf 87' lang='lat' dir='ltr'>repetens</span> <span class='ocrx_word' id='word_1_77' title='bbox 1340 1613 1529 1670; x_wconf 81' lang='lat' dir='ltr'>narraverat</span> <span class='ocrx_word' id='word_1_78' title='bbox 1556 1605 1664 1669; x_wconf 87' lang='lat' dir='ltr'>omnia</span> <span class='ocrx_word' id='word_1_79' title='bbox 1696 1606 1799 1670; x_wconf 90' lang='lat' dir='ltr'>fratri.</span> 
     </span>
     <span class='ocr_line' id='line_1_13' title="bbox 876 1708 1680 1794; baseline -0.001 -21"><span class='ocrx_word' id='word_1_80' title='bbox 876 1708 942 1774; x_wconf 87' lang='lat' dir='ltr'>Sed</span> <span class='ocrx_word' id='word_1_81' title='bbox 965 1710 1129 1775; x_wconf 81' lang='lat' dir='ltr'>referente</span> <span class='ocrx_word' id='word_1_82' title='bbox 1153 1710 1209 1774; x_wconf 94' lang='lat' dir='ltr'>illo</span> <span class='ocrx_word' id='word_1_83' title='bbox 1232 1709 1386 1794; x_wconf 79' lang='lat' dir='ltr'>cognouit</span> <span class='ocrx_word' id='word_1_84' title='bbox 1409 1715 1557 1794; x_wconf 86' lang='lat' dir='ltr'>tempora</span> <span class='ocrx_word' id='word_1_85' title='bbox 1579 1708 1680 1772; x_wconf 87' lang='lat' dir='ltr'>frater</span> 
     </span>
     <span class='ocr_line' id='line_1_14' title="bbox 875 1812 1689 1898; baseline 0 -21"><span class='ocrx_word' id='word_1_86' title='bbox 875 1813 948 1894; x_wconf 90' lang='lat' dir='ltr'>Illa,</span> <span class='ocrx_word' id='word_1_87' title='bbox 971 1813 1090 1898; x_wconf 87' lang='lat' dir='ltr'>quibus</span> <span class='ocrx_word' id='word_1_88' title='bbox 1114 1813 1230 1876; x_wconf 79' lang='lat' dir='ltr'>uinclis</span> <span class='ocrx_word' id='word_1_89' title='bbox 1252 1814 1432 1877; x_wconf 86' lang='lat' dir='ltr'>resolutum</span> <span class='ocrx_word' id='word_1_90' title='bbox 1456 1833 1492 1877; x_wconf 88' lang='lat' dir='ltr'>se</span> <span class='ocrx_word' id='word_1_91' title='bbox 1515 1812 1689 1878; x_wconf 84' lang='lat' dir='ltr'>referebat.</span> 
     </span>
     <span class='ocr_line' id='line_1_15' title="bbox 875 1915 1759 2001; baseline -0.002 -21"><span class='ocrx_word' id='word_1_92' title='bbox 875 1917 969 1981; x_wconf 89' lang='lat' dir='ltr'>Haeo</span> <span class='ocrx_word' id='word_1_93' title='bbox 992 1916 1108 1982; x_wconf 89' lang='lat' dir='ltr'>eadem</span> <span class='ocrx_word' id='word_1_94' title='bbox 1131 1917 1212 1994; x_wconf 86' lang='lat' dir='ltr'>fieri,</span> <span class='ocrx_word' id='word_1_95' title='bbox 1236 1916 1354 2000; x_wconf 88' lang='lat' dir='ltr'>quibus</span> <span class='ocrx_word' id='word_1_96' title='bbox 1378 1923 1412 1979; x_wconf 91' lang='lat' dir='ltr'>ct</span> <span class='ocrx_word' id='word_1_97' title='bbox 1434 1915 1606 1980; x_wconf 87' lang='lat' dir='ltr'>sollemnia</span> <span class='ocrx_word' id='word_1_98' title='bbox 1629 1936 1759 2001; x_wconf 90' lang='lat' dir='ltr'>semper</span> 
     </span>
    </p>

    <p class='ocr_par' dir='ltr' id='par_1_5' title="bbox 874 2017 1642 2088">
     <span class='ocr_line' id='line_1_16' title="bbox 874 2017 1642 2088; baseline -0.004 -3"><span class='ocrx_word' id='word_1_99' title='bbox 874 2019 1051 2085; x_wconf 81' lang='lat' dir='ltr'>Missurum</span> <span class='ocrx_word' id='word_1_100' title='bbox 1074 2019 1262 2088; x_wconf 82' lang='lat' dir='ltr'>celebrasse</span> <span class='ocrx_word' id='word_1_101' title='bbox 1283 2018 1346 2083; x_wconf 89' lang='lat' dir='ltr'>deo</span> <span class='ocrx_word' id='word_1_102' title='bbox 1370 2040 1445 2083; x_wconf 87' lang='lat' dir='ltr'>sese</span> <span class='ocrx_word' id='word_1_103' title='bbox 1468 2017 1642 2084; x_wconf 88' lang='lat' dir='ltr'>recolebat.</span> 
     </span>
    </p>

    <p class='ocr_par' dir='ltr' id='par_1_6' title="bbox 792 2122 1745 2622">
     <span class='ocr_line' id='line_1_17' title="bbox 792 2122 1648 2208; baseline 0.002 -24"><span class='ocrx_word' id='word_1_104' title='bbox 792 2147 817 2184; x_wconf 74' lang='lat' dir='ltr'>es</span> <span class='ocrx_word' id='word_1_105' title='bbox 918 2123 1065 2188; x_wconf 88' lang='lat' dir='ltr'>Praefuit</span> <span class='ocrx_word' id='word_1_106' title='bbox 1087 2122 1244 2208; x_wconf 83' lang='lat' dir='ltr'>ngridus</span> <span class='ocrx_word' id='word_1_107' title='bbox 1267 2142 1370 2207; x_wconf 90' lang='lat' dir='ltr'>regno</span> <span class='ocrx_word' id='word_1_108' title='bbox 1392 2122 1533 2187; x_wconf 85' lang='lat' dir='ltr'>feliciter</span> <span class='ocrx_word' id='word_1_109' title='bbox 1554 2124 1648 2187; x_wconf 86' lang='lat' dir='ltr'>annis</span> 
     </span>
     <span class='ocr_line' id='line_1_18' title="bbox 870 2226 1705 2314; baseline -0.002 -20"><span class='ocrx_word' id='word_1_110' title='bbox 870 2230 937 2294; x_wconf 83' lang='lat' dir='ltr'>Ter</span> <span class='ocrx_word' id='word_1_111' title='bbox 958 2230 1076 2314; x_wconf 82' lang='lat' dir='ltr'>quinia,</span> <span class='ocrx_word' id='word_1_112' title='bbox 1100 2228 1223 2292; x_wconf 87' lang='lat' dir='ltr'>faciens</span> <span class='ocrx_word' id='word_1_113' title='bbox 1246 2226 1394 2290; x_wconf 83' lang='lat' dir='ltr'>victricia</span> <span class='ocrx_word' id='word_1_114' title='bbox 1416 2227 1514 2300; x_wconf 83' lang='lat' dir='ltr'>bella,</span> <span class='ocrx_word' id='word_1_115' title='bbox 1537 2248 1705 2312; x_wconf 91' lang='lat' dir='ltr'>quousque</span> 
     </span>
     <span class='ocr_line' id='line_1_19' title="bbox 872 2329 1745 2418; baseline -0.001 -21"><span class='ocrx_word' id='word_1_116' title='bbox 872 2333 1069 2418; x_wconf 89' lang='lat' dir='ltr'>Agminibus</span> <span class='ocrx_word' id='word_1_117' title='bbox 1091 2331 1201 2394; x_wconf 89' lang='lat' dir='ltr'>missis</span> <span class='ocrx_word' id='word_1_118' title='bbox 1224 2329 1333 2394; x_wconf 88' lang='lat' dir='ltr'>animo</span> <span class='ocrx_word' id='word_1_119' title='bbox 1356 2335 1446 2392; x_wconf 87' lang='lat' dir='ltr'>trans</span> <span class='ocrx_word' id='word_1_120' title='bbox 1468 2351 1612 2414; x_wconf 88' lang='lat' dir='ltr'>aequora</span> <span class='ocrx_word' id='word_1_121' title='bbox 1635 2353 1745 2412; x_wconf 78' lang='lat' dir='ltr'>saevo,</span> 
     </span>
     <span class='ocr_line' id='line_1_20' title="bbox 872 2431 1705 2521; baseline -0.004 -20"><span class='ocrx_word' id='word_1_122' title='bbox 872 2437 1086 2521; x_wconf 89' lang='lat' dir='ltr'>Praecipiens</span> <span class='ocrx_word' id='word_1_123' title='bbox 1109 2441 1226 2519; x_wconf 84' lang='lat' dir='ltr'>gentes</span> <span class='ocrx_word' id='word_1_124' title='bbox 1251 2432 1423 2497; x_wconf 85' lang='lat' dir='ltr'>Scotorum</span> <span class='ocrx_word' id='word_1_125' title='bbox 1447 2431 1549 2497; x_wconf 91' lang='lat' dir='ltr'>caede</span> <span class='ocrx_word' id='word_1_126' title='bbox 1571 2442 1705 2498; x_wconf 85' lang='lat' dir='ltr'>cruenta</span> 
     </span>
     <span class='ocr_line' id='line_1_21' title="bbox 873 2535 1711 2622; baseline -0.002 -19"><span class='ocrx_word' id='word_1_127' title='bbox 873 2539 1015 2604; x_wconf 88' lang='lat' dir='ltr'>Vastare</span> <span class='ocrx_word' id='word_1_128' title='bbox 1038 2539 1206 2616; x_wconf 86' lang='lat' dir='ltr'>innocuas,</span> <span class='ocrx_word' id='word_1_129' title='bbox 1227 2535 1346 2620; x_wconf 89' lang='lat' dir='ltr'>Anglis</span> <span class='ocrx_word' id='word_1_130' title='bbox 1369 2541 1404 2599; x_wconf 89' lang='lat' dir='ltr'>et</span> <span class='ocrx_word' id='word_1_131' title='bbox 1427 2557 1556 2622; x_wconf 85' lang='lat' dir='ltr'>semper</span> <span class='ocrx_word' id='word_1_132' title='bbox 1578 2538 1711 2602; x_wconf 87' lang='lat' dir='ltr'>amicas.</span> 
     </span>
    </p>

    <p class='ocr_par' dir='ltr' id='par_1_7' title="bbox 805 2637 1689 2935">
     <span class='ocr_line' id='line_1_22' title="bbox 805 2637 1689 2724; baseline 0.002 -23"><span class='ocrx_word' id='word_1_133' title='bbox 805 2667 818 2701; x_wconf 77' lang='lat' dir='ltr'>o</span> <span class='ocrx_word' id='word_1_134' title='bbox 875 2641 956 2706; x_wconf 81' lang='lat' dir='ltr'>Mox</span> <span class='ocrx_word' id='word_1_135' title='bbox 977 2641 1135 2706; x_wconf 79' lang='lat' dir='ltr'>adversus</span> <span class='ocrx_word' id='word_1_136' title='bbox 1159 2659 1234 2704; x_wconf 90' lang='lat' dir='ltr'>eum</span> <span class='ocrx_word' id='word_1_137' title='bbox 1256 2638 1360 2702; x_wconf 89' lang='lat' dir='ltr'>Pictis</span> <span class='ocrx_word' id='word_1_138' title='bbox 1382 2637 1594 2715; x_wconf 85' lang='lat' dir='ltr'>bellantibus,</span> <span class='ocrx_word' id='word_1_139' title='bbox 1617 2639 1689 2724; x_wconf 90' lang='lat' dir='ltr'>ipse</span> 
     </span>
     <span class='ocr_line' id='line_1_23' title="bbox 875 2739 1689 2820; baseline -0.007 -10"><span class='ocrx_word' id='word_1_140' title='bbox 875 2743 1040 2810; x_wconf 87' lang='lat' dir='ltr'>Occubuit</span> <span class='ocrx_word' id='word_1_141' title='bbox 1062 2745 1167 2808; x_wconf 80' lang='lat' dir='ltr'>victus</span> <span class='ocrx_word' id='word_1_142' title='bbox 1190 2741 1310 2806; x_wconf 90' lang='lat' dir='ltr'>misera</span> <span class='ocrx_word' id='word_1_143' title='bbox 1333 2761 1406 2805; x_wconf 89' lang='lat' dir='ltr'>cum</span> <span class='ocrx_word' id='word_1_144' title='bbox 1429 2739 1522 2805; x_wconf 89' lang='lat' dir='ltr'>clade</span> <span class='ocrx_word' id='word_1_145' title='bbox 1547 2762 1689 2820; x_wconf 77' lang='lat' dir='ltr'>suornm,</span> 
     </span>
     <span class='ocr_line' id='line_1_24' title="bbox 870 2843 1649 2935; baseline -0.006 -22"><span class='ocrx_word' id='word_1_146' title='bbox 870 2848 1007 2935; x_wconf 90' lang='lat' dir='ltr'>Imperii</span> <span class='ocrx_word' id='word_1_147' title='bbox 1027 2847 1179 2931; x_wconf 91' lang='lat' dir='ltr'>linquens</span> <span class='ocrx_word' id='word_1_148' title='bbox 1201 2843 1352 2908; x_wconf 89' lang='lat' dir='ltr'>Aldfrido</span> <span class='ocrx_word' id='word_1_149' title='bbox 1375 2843 1524 2928; x_wconf 88' lang='lat' dir='ltr'>regmina</span> <span class='ocrx_word' id='word_1_150' title='bbox 1546 2844 1649 2922; x_wconf 89' lang='lat' dir='ltr'>fratri,</span> 
     </span>
    </p>

    <p class='ocr_par' dir='ltr' id='par_1_8' title="bbox 874 2947 1685 3141">
     <span class='ocr_line' id='line_1_25' title="bbox 874 2947 1685 3026; baseline -0.007 -9"><span class='ocrx_word' id='word_1_151' title='bbox 874 2951 938 3026; x_wconf 87' lang='lat' dir='ltr'>Qui</span> <span class='ocrx_word' id='word_1_152' title='bbox 962 2952 1063 3016; x_wconf 90' lang='lat' dir='ltr'>sacris</span> <span class='ocrx_word' id='word_1_153' title='bbox 1087 2951 1194 3015; x_wconf 88' lang='lat' dir='ltr'>fuerat</span> <span class='ocrx_word' id='word_1_154' title='bbox 1216 2947 1333 3012; x_wconf 91' lang='lat' dir='ltr'>studiis</span> <span class='ocrx_word' id='word_1_155' title='bbox 1358 2947 1504 3010; x_wconf 85' lang='lat' dir='ltr'>imbutus</span> <span class='ocrx_word' id='word_1_156' title='bbox 1526 2947 1568 3011; x_wconf 93' lang='lat' dir='ltr'>ab</span> <span class='ocrx_word' id='word_1_157' title='bbox 1591 2948 1685 3011; x_wconf 91' lang='lat' dir='ltr'>annis</span> 
     </span>
     <span class='ocr_line' id='line_1_26' title="bbox 875 3051 1649 3141; baseline -0.006 -22"><span class='ocrx_word' id='word_1_158' title='bbox 875 3056 1005 3120; x_wconf 88' lang='lat' dir='ltr'>Aetatis</span> <span class='ocrx_word' id='word_1_159' title='bbox 1027 3055 1163 3141; x_wconf 86' lang='lat' dir='ltr'>primae,</span> <span class='ocrx_word' id='word_1_160' title='bbox 1185 3051 1294 3116; x_wconf 88' lang='lat' dir='ltr'>valido</span> <span class='ocrx_word' id='word_1_161' title='bbox 1318 3071 1468 3115; x_wconf 89' lang='lat' dir='ltr'>sermone</span> <span class='ocrx_word' id='word_1_162' title='bbox 1491 3051 1649 3136; x_wconf 72' lang='lat' dir='ltr'>sophista,</span> 
     </span>
    </p>

    <p class='ocr_par' dir='ltr' id='par_1_9' title="bbox 872 3153 1868 4168">
     <span class='ocr_line' id='line_1_27' title="bbox 874 3153 1799 3241; baseline -0.003 -21"><span class='ocrx_word' id='word_1_163' title='bbox 874 3158 962 3222; x_wconf 87' lang='lat' dir='ltr'>Acer</span> <span class='ocrx_word' id='word_1_164' title='bbox 985 3165 1018 3222; x_wconf 90' lang='lat' dir='ltr'>et</span> <span class='ocrx_word' id='word_1_165' title='bbox 1040 3155 1184 3241; x_wconf 88' lang='lat' dir='ltr'>ingenio,</span> <span class='ocrx_word' id='word_1_166' title='bbox 1207 3153 1295 3218; x_wconf 91' lang='lat' dir='ltr'>idem</span> <span class='ocrx_word' id='word_1_167' title='bbox 1316 3174 1376 3217; x_wconf 86' lang='lat' dir='ltr'>rex</span> <span class='ocrx_word' id='word_1_168' title='bbox 1400 3154 1496 3216; x_wconf 87' lang='lat' dir='ltr'>simul</span> <span class='ocrx_word' id='word_1_169' title='bbox 1519 3161 1617 3238; x_wconf 90' lang='lat' dir='ltr'>atque</span> <span class='ocrx_word' id='word_1_170' title='bbox 1633 3154 1799 3238; x_wconf 89' lang='lat' dir='ltr'>magister.</span> 
     </span>
     <span class='ocr_line' id='line_1_28' title="bbox 873 3255 1765 3346; baseline -0.002 -23"><span class='ocrx_word' id='word_1_171' title='bbox 873 3259 1023 3346; x_wconf 85' lang='lat' dir='ltr'>Praefuit</span> <span class='ocrx_word' id='word_1_172' title='bbox 1045 3259 1208 3324; x_wconf 88' lang='lat' dir='ltr'>ecclesiae</span> <span class='ocrx_word' id='word_1_173' title='bbox 1230 3255 1436 3322; x_wconf 84' lang='lat' dir='ltr'>venerandus</span> <span class='ocrx_word' id='word_1_174' title='bbox 1458 3257 1548 3321; x_wconf 89' lang='lat' dir='ltr'>Bosa</span> <span class='ocrx_word' id='word_1_175' title='bbox 1571 3257 1765 3336; x_wconf 84' lang='lat' dir='ltr'>sacerdos²,</span> 
     </span>
     <span class='ocr_line' id='line_1_29' title="bbox 875 3361 1711 3449; baseline -0.001 -24"><span class='ocrx_word' id='word_1_176' title='bbox 875 3362 1056 3449; x_wconf 83' lang='lat' dir='ltr'>Condignis</span> <span class='ocrx_word' id='word_1_177' title='bbox 1078 3361 1194 3448; x_wconf 89' lang='lat' dir='ltr'>gradui</span> <span class='ocrx_word' id='word_1_178' title='bbox 1216 3361 1342 3425; x_wconf 88' lang='lat' dir='ltr'>moritis</span> <span class='ocrx_word' id='word_1_179' title='bbox 1365 3366 1442 3424; x_wconf 91' lang='lat' dir='ltr'>tunc</span> <span class='ocrx_word' id='word_1_180' title='bbox 1465 3361 1623 3445; x_wconf 88' lang='lat' dir='ltr'>temporis</span> <span class='ocrx_word' id='word_1_181' title='bbox 1645 3362 1711 3424; x_wconf 88' lang='lat' dir='ltr'>alto</span> 
     </span>
     <span class='ocr_line' id='line_1_30' title="bbox 873 3462 1868 3551; baseline -0.002 -21"><span class='ocrx_word' id='word_1_182' title='bbox 873 3465 944 3546; x_wconf 85' lang='lat' dir='ltr'>Vir,</span> <span class='ocrx_word' id='word_1_183' title='bbox 967 3466 1156 3546; x_wconf 86' lang='lat' dir='ltr'>monachus,</span> <span class='ocrx_word' id='word_1_184' title='bbox 1179 3465 1320 3551; x_wconf 87' lang='lat' dir='ltr'>praesul,</span> <span class='ocrx_word' id='word_1_185' title='bbox 1344 3462 1459 3527; x_wconf 91' lang='lat' dir='ltr'>doctor</span> <span class='ocrx_word' id='word_1_186' title='bbox 1480 3463 1679 3542; x_wconf 88' lang='lat' dir='ltr'>moderatus,</span> <span class='ocrx_word' id='word_1_187' title='bbox 1702 3464 1868 3542; x_wconf 87' lang='lat' dir='ltr'>honestus,</span> 
     </span>
     <span class='ocr_line' id='line_1_31' title="bbox 874 3569 1663 3653; baseline -0.004 -20"><span class='ocrx_word' id='word_1_188' title='bbox 874 3569 981 3643; x_wconf 83' lang='lat' dir='ltr'>Quem</span> <span class='ocrx_word' id='word_1_189' title='bbox 1003 3570 1113 3634; x_wconf 82' lang='lat' dir='ltr'>divina</span> <span class='ocrx_word' id='word_1_190' title='bbox 1135 3569 1238 3633; x_wconf 88' lang='lat' dir='ltr'>saeris</span> <span class='ocrx_word' id='word_1_191' title='bbox 1261 3569 1416 3632; x_wconf 82' lang='lat' dir='ltr'>virtutum</span> <span class='ocrx_word' id='word_1_192' title='bbox 1438 3569 1544 3653; x_wconf 87' lang='lat' dir='ltr'>gratia</span> <span class='ocrx_word' id='word_1_193' title='bbox 1566 3569 1663 3633; x_wconf 87' lang='lat' dir='ltr'>sertis</span> 
     </span>
     <span class='ocr_line' id='line_1_32' title="bbox 872 3670 1692 3761; baseline 0 -25"><span class='ocrx_word' id='word_1_194' title='bbox 872 3672 1067 3761; x_wconf 86' lang='lat' dir='ltr'>Compserat</span> <span class='ocrx_word' id='word_1_195' title='bbox 1089 3678 1124 3738; x_wconf 88' lang='lat' dir='ltr'>et</span> <span class='ocrx_word' id='word_1_196' title='bbox 1146 3672 1257 3736; x_wconf 89' lang='lat' dir='ltr'>multis</span> <span class='ocrx_word' id='word_1_197' title='bbox 1278 3670 1358 3736; x_wconf 84' lang='lat' dir='ltr'>fecit</span> <span class='ocrx_word' id='word_1_198' title='bbox 1379 3670 1564 3755; x_wconf 81' lang='lat' dir='ltr'>fulgescere</span> <span class='ocrx_word' id='word_1_199' title='bbox 1587 3671 1692 3736; x_wconf 93' lang='lat' dir='ltr'>donis.</span> 
     </span>
     <span class='ocr_line' id='line_1_33' title="bbox 872 3774 1699 3862; baseline -0.005 -22"><span class='ocrx_word' id='word_1_200' title='bbox 872 3775 1019 3841; x_wconf 88' lang='lat' dir='ltr'>Plurima</span> <span class='ocrx_word' id='word_1_201' title='bbox 1041 3781 1238 3862; x_wconf 88' lang='lat' dir='ltr'>quapropter</span> <span class='ocrx_word' id='word_1_202' title='bbox 1261 3774 1428 3858; x_wconf 84' lang='lat' dir='ltr'>congessit</span> <span class='ocrx_word' id='word_1_203' title='bbox 1449 3774 1542 3838; x_wconf 89' lang='lat' dir='ltr'>lucra</span> <span class='ocrx_word' id='word_1_204' title='bbox 1563 3775 1699 3844; x_wconf 83' lang='lat' dir='ltr'>tonanti,</span> 
     </span>
     <span class='ocr_line' id='line_1_34' title="bbox 872 3876 1700 3962; baseline -0.001 -20"><span class='ocrx_word' id='word_1_205' title='bbox 872 3879 971 3944; x_wconf 87' lang='lat' dir='ltr'>Retia</span> <span class='ocrx_word' id='word_1_206' title='bbox 993 3878 1173 3944; x_wconf 87' lang='lat' dir='ltr'>mundanas</span> <span class='ocrx_word' id='word_1_207' title='bbox 1196 3879 1364 3942; x_wconf 90' lang='lat' dir='ltr'>inmittens</span> <span class='ocrx_word' id='word_1_208' title='bbox 1387 3897 1482 3941; x_wconf 85' lang='lat' dir='ltr'>sacra</span> <span class='ocrx_word' id='word_1_209' title='bbox 1504 3899 1564 3962; x_wconf 89' lang='lat' dir='ltr'>per</span> <span class='ocrx_word' id='word_1_210' title='bbox 1585 3876 1700 3956; x_wconf 86' lang='lat' dir='ltr'>undas,</span> 
     </span>
     <span class='ocr_line' id='line_1_35' title="bbox 873 3979 1717 4067; baseline 0 -22"><span class='ocrx_word' id='word_1_211' title='bbox 873 3981 1067 4066; x_wconf 84' lang='lat' dir='ltr'>Aequoreos</span> <span class='ocrx_word' id='word_1_212' title='bbox 1091 3981 1223 4046; x_wconf 79' lang='lat' dir='ltr'>Christo</span> <span class='ocrx_word' id='word_1_213' title='bbox 1246 3980 1386 4067; x_wconf 86' lang='lat' dir='ltr'>praedas</span> <span class='ocrx_word' id='word_1_214' title='bbox 1409 3979 1450 4043; x_wconf 88' lang='lat' dir='ltr'>ad</span> <span class='ocrx_word' id='word_1_215' title='bbox 1473 3981 1585 4044; x_wconf 89' lang='lat' dir='ltr'>littora</span> <span class='ocrx_word' id='word_1_216' title='bbox 1607 3982 1717 4045; x_wconf 83' lang='lat' dir='ltr'>traxit.</span> 
     </span>
     <span class='ocr_line' id='line_1_36' title="bbox 872 4081 1741 4168; baseline 0.001 -22"><span class='ocrx_word' id='word_1_217' title='bbox 872 4083 934 4146; x_wconf 86' lang='lat' dir='ltr'>Vir</span> <span class='ocrx_word' id='word_1_218' title='bbox 957 4085 1028 4149; x_wconf 91' lang='lat' dir='ltr'>siue</span> <span class='ocrx_word' id='word_1_219' title='bbox 1052 4082 1167 4148; x_wconf 88' lang='lat' dir='ltr'>fraude</span> <span class='ocrx_word' id='word_1_220' title='bbox 1186 4084 1301 4160; x_wconf 79' lang='lat' dir='ltr'>bonus,</span> <span class='ocrx_word' id='word_1_221' title='bbox 1325 4081 1417 4146; x_wconf 84' lang='lat' dir='ltr'>dives</span> <span class='ocrx_word' id='word_1_222' title='bbox 1440 4082 1562 4167; x_wconf 89' lang='lat' dir='ltr'>pietate</span> <span class='ocrx_word' id='word_1_223' title='bbox 1589 4104 1741 4168; x_wconf 87' lang='lat' dir='ltr'>superna.</span> 
     </span>
    </p>

    <p class='ocr_par' dir='ltr' id='par_1_10' title="bbox 804 4184 1753 4568">
     <span class='ocr_line' id='line_1_37' title="bbox 804 4184 1732 4271; baseline 0.002 -25"><span class='ocrx_word' id='word_1_224' title='bbox 804 4211 815 4246; x_wconf 74' lang='lat' dir='ltr'>s</span> <span class='ocrx_word' id='word_1_225' title='bbox 872 4185 977 4271; x_wconf 90' lang='lat' dir='ltr'>Inque</span> <span class='ocrx_word' id='word_1_226' title='bbox 1000 4186 1097 4251; x_wconf 91' lang='lat' dir='ltr'>domo</span> <span class='ocrx_word' id='word_1_227' title='bbox 1120 4186 1242 4249; x_wconf 90' lang='lat' dir='ltr'>domini</span> <span class='ocrx_word' id='word_1_228' title='bbox 1264 4185 1357 4249; x_wconf 82' lang='lat' dir='ltr'>fulsit</span> <span class='ocrx_word' id='word_1_229' title='bbox 1380 4204 1441 4248; x_wconf 91' lang='lat' dir='ltr'>ceu</span> <span class='ocrx_word' id='word_1_230' title='bbox 1464 4184 1580 4249; x_wconf 88' lang='lat' dir='ltr'>lucifer</span> <span class='ocrx_word' id='word_1_231' title='bbox 1602 4184 1732 4249; x_wconf 86' lang='lat' dir='ltr'>ardens.</span> 
     </span>
     <span class='ocr_line' id='line_1_38' title="bbox 872 4285 1753 4376; baseline -0.003 -23"><span class='ocrx_word' id='word_1_232' title='bbox 872 4290 936 4354; x_wconf 92' lang='lat' dir='ltr'>Hic</span> <span class='ocrx_word' id='word_1_233' title='bbox 960 4297 1056 4376; x_wconf 88' lang='lat' dir='ltr'>pater</span> <span class='ocrx_word' id='word_1_234' title='bbox 1078 4289 1239 4354; x_wconf 88' lang='lat' dir='ltr'>eeclesiae</span> <span class='ocrx_word' id='word_1_235' title='bbox 1263 4289 1385 4352; x_wconf 89' lang='lat' dir='ltr'>cultum</span> <span class='ocrx_word' id='word_1_236' title='bbox 1409 4285 1586 4364; x_wconf 78' lang='lat' dir='ltr'>decorauit,</span> <span class='ocrx_word' id='word_1_237' title='bbox 1609 4294 1642 4352; x_wconf 90' lang='lat' dir='ltr'>et</span> <span class='ocrx_word' id='word_1_238' title='bbox 1664 4288 1753 4351; x_wconf 90' lang='lat' dir='ltr'>illam</span> 
     </span>
     <span class='ocr_line' id='line_1_39' title="bbox 872 4391 1656 4479; baseline -0.001 -23"><span class='ocrx_word' id='word_1_239' title='bbox 872 4393 1021 4457; x_wconf 81' lang='lat' dir='ltr'>Moribus</span> <span class='ocrx_word' id='word_1_240' title='bbox 1043 4415 1063 4458; x_wconf 97' lang='lat' dir='ltr'>a</span> <span class='ocrx_word' id='word_1_241' title='bbox 1086 4393 1192 4479; x_wconf 88' lang='lat' dir='ltr'>plebis</span> <span class='ocrx_word' id='word_1_242' title='bbox 1215 4393 1347 4478; x_wconf 90' lang='lat' dir='ltr'>penitus</span> <span class='ocrx_word' id='word_1_243' title='bbox 1370 4392 1522 4470; x_wconf 80' lang='lat' dir='ltr'>secernit,</span> <span class='ocrx_word' id='word_1_244' title='bbox 1546 4396 1579 4456; x_wconf 87' lang='lat' dir='ltr'>et</span> <span class='ocrx_word' id='word_1_245' title='bbox 1601 4391 1656 4455; x_wconf 95' lang='lat' dir='ltr'>uni</span> 
     </span>
     <span class='ocr_line' id='line_1_40' title="bbox 873 4493 1690 4568; baseline -0.004 -9"><span class='ocrx_word' id='word_1_246' title='bbox 873 4495 1051 4562; x_wconf 79' lang='lat' dir='ltr'>Deservire</span> <span class='ocrx_word' id='word_1_247' title='bbox 1073 4496 1135 4560; x_wconf 91' lang='lat' dir='ltr'>deo</span> <span class='ocrx_word' id='word_1_248' title='bbox 1159 4496 1274 4560; x_wconf 88' lang='lat' dir='ltr'>statuit</span> <span class='ocrx_word' id='word_1_249' title='bbox 1297 4495 1395 4559; x_wconf 88' lang='lat' dir='ltr'>simul</span> <span class='ocrx_word' id='word_1_250' title='bbox 1417 4494 1567 4558; x_wconf 90' lang='lat' dir='ltr'>omnibus</span> <span class='ocrx_word' id='word_1_251' title='bbox 1591 4493 1690 4568; x_wconf 88' lang='lat' dir='ltr'>horis,</span> 
     </span>
    </p>

    <p class='ocr_par' dir='ltr' id='par_1_11' title="bbox 870 4598 1698 4686">
     <span class='ocr_line' id='line_1_41' title="bbox 870 4598 1698 4686; baseline -0.006 -21"><span class='ocrx_word' id='word_1_252' title='bbox 870 4600 917 4665; x_wconf 90' lang='lat' dir='ltr'>Ut</span> <span class='ocrx_word' id='word_1_253' title='bbox 939 4602 1010 4686; x_wconf 87' lang='lat' dir='ltr'>lyra</span> <span class='ocrx_word' id='word_1_254' title='bbox 1033 4599 1186 4664; x_wconf 90' lang='lat' dir='ltr'>continuo</span> <span class='ocrx_word' id='word_1_255' title='bbox 1210 4605 1380 4662; x_wconf 88' lang='lat' dir='ltr'>resonaret</span> <span class='ocrx_word' id='word_1_256' title='bbox 1402 4598 1541 4683; x_wconf 77' lang='lat' dir='ltr'>mystica</span> <span class='ocrx_word' id='word_1_257' title='bbox 1562 4599 1698 4683; x_wconf 85' lang='lat' dir='ltr'>plectro,</span> 
     </span>
    </p>

    <p class='ocr_par' dir='ltr' id='par_1_12' title="bbox 777 4699 1795 5203">
     <span class='ocr_line' id='line_1_42' title="bbox 777 4699 1697 4770; baseline -0.003 -3"><span class='ocrx_word' id='word_1_258' title='bbox 777 4731 787 4767; x_wconf 85' lang='lat' dir='ltr'>s</span> <span class='ocrx_word' id='word_1_259' title='bbox 808 4731 810 4734; x_wconf 94' lang='lat'>·</span> <span class='ocrx_word' id='word_1_260' title='bbox 870 4704 1056 4769; x_wconf 89' lang='lat' dir='ltr'>Aethereas</span> <span class='ocrx_word' id='word_1_261' title='bbox 1079 4703 1202 4768; x_wconf 89' lang='lat' dir='ltr'>domini</span> <span class='ocrx_word' id='word_1_262' title='bbox 1225 4701 1404 4766; x_wconf 89' lang='lat' dir='ltr'>decantans</span> <span class='ocrx_word' id='word_1_263' title='bbox 1427 4700 1578 4766; x_wconf 88' lang='lat' dir='ltr'>laudibus</span> <span class='ocrx_word' id='word_1_264' title='bbox 1602 4699 1697 4770; x_wconf 84' lang='lat' dir='ltr'>odas:</span> 
     </span>
     <span class='ocr_line' id='line_1_43' title="bbox 871 4803 1795 4891; baseline -0.005 -19"><span class='ocrx_word' id='word_1_265' title='bbox 871 4809 948 4872; x_wconf 81' lang='lat' dir='ltr'>Vox</span> <span class='ocrx_word' id='word_1_266' title='bbox 970 4808 1111 4872; x_wconf 88' lang='lat' dir='ltr'>humana</span> <span class='ocrx_word' id='word_1_267' title='bbox 1127 4806 1257 4890; x_wconf 91' lang='lat' dir='ltr'>quidem</span> <span class='ocrx_word' id='word_1_268' title='bbox 1278 4827 1431 4891; x_wconf 88' lang='lat' dir='ltr'>superum</span> <span class='ocrx_word' id='word_1_269' title='bbox 1448 4805 1593 4891; x_wconf 88' lang='lat' dir='ltr'>pulsaret</span> <span class='ocrx_word' id='word_1_270' title='bbox 1609 4803 1795 4890; x_wconf 83' lang='lat' dir='ltr'>Olympum,</span> 
     </span>
     <span class='ocr_line' id='line_1_44' title="bbox 872 4909 1679 4998; baseline 0 -22"><span class='ocrx_word' id='word_1_271' title='bbox 872 4911 990 4977; x_wconf 88' lang='lat' dir='ltr'>Omnia</span> <span class='ocrx_word' id='word_1_272' title='bbox 1012 4911 1207 4998; x_wconf 90' lang='lat' dir='ltr'>dispensans</span> <span class='ocrx_word' id='word_1_273' title='bbox 1231 4910 1365 4974; x_wconf 88' lang='lat' dir='ltr'>alternis</span> <span class='ocrx_word' id='word_1_274' title='bbox 1389 4915 1538 4994; x_wconf 88' lang='lat' dir='ltr'>tempora</span> <span class='ocrx_word' id='word_1_275' title='bbox 1561 4909 1679 4976; x_wconf 80' lang='lat' dir='ltr'>causis.</span> 
     </span>
     <span class='ocr_line' id='line_1_45' title="bbox 871 5012 1664 5092; baseline -0.006 -12"><span class='ocrx_word' id='word_1_276' title='bbox 871 5015 986 5080; x_wconf 86' lang='lat' dir='ltr'>Lectio</span> <span class='ocrx_word' id='word_1_277' title='bbox 1008 5035 1094 5078; x_wconf 90' lang='lat' dir='ltr'>nunc</span> <span class='ocrx_word' id='word_1_278' title='bbox 1116 5014 1220 5092; x_wconf 85' lang='lat' dir='ltr'>tieret,</span> <span class='ocrx_word' id='word_1_279' title='bbox 1243 5012 1302 5078; x_wconf 88' lang='lat' dir='ltr'>aed</span> <span class='ocrx_word' id='word_1_280' title='bbox 1325 5033 1410 5076; x_wconf 90' lang='lat' dir='ltr'>nunc</span> <span class='ocrx_word' id='word_1_281' title='bbox 1433 5012 1537 5076; x_wconf 86' lang='lat' dir='ltr'>oratio</span> <span class='ocrx_word' id='word_1_282' title='bbox 1562 5032 1664 5090; x_wconf 84' lang='lat' dir='ltr'>sacra,</span> 
     </span>
     <span class='ocr_line' id='line_1_46' title="bbox 870 5115 1695 5203; baseline -0.004 -21"><span class='ocrx_word' id='word_1_283' title='bbox 870 5116 1015 5203; x_wconf 89' lang='lat' dir='ltr'>Quisque</span> <span class='ocrx_word' id='word_1_284' title='bbox 1038 5117 1092 5182; x_wconf 92' lang='lat' dir='ltr'>dei</span> <span class='ocrx_word' id='word_1_285' title='bbox 1114 5116 1229 5181; x_wconf 88' lang='lat' dir='ltr'>laudes</span> <span class='ocrx_word' id='word_1_286' title='bbox 1253 5115 1434 5202; x_wconf 86' lang='lat' dir='ltr'>praeferret</span> <span class='ocrx_word' id='word_1_287' title='bbox 1457 5117 1601 5201; x_wconf 89' lang='lat' dir='ltr'>corporis</span> <span class='ocrx_word' id='word_1_288' title='bbox 1623 5136 1695 5179; x_wconf 92' lang='lat' dir='ltr'>usu.</span> 
     </span>
    </p>

    <p class='ocr_par' dir='ltr' id='par_1_13' title="bbox 775 5220 1749 5306">
     <span class='ocr_line' id='line_1_47' title="bbox 775 5220 1749 5306; baseline 0 -23"><span class='ocrx_word' id='word_1_289' title='bbox 775 5245 812 5283; x_wconf 71' lang='lat' dir='ltr'>sss</span> <span class='ocrx_word' id='word_1_290' title='bbox 869 5223 1017 5287; x_wconf 87' lang='lat' dir='ltr'>Iusserat</span> <span class='ocrx_word' id='word_1_291' title='bbox 1039 5220 1126 5285; x_wconf 91' lang='lat' dir='ltr'>hunc</span> <span class='ocrx_word' id='word_1_292' title='bbox 1147 5221 1267 5306; x_wconf 86' lang='lat' dir='ltr'>raptim</span> <span class='ocrx_word' id='word_1_293' title='bbox 1290 5220 1454 5305; x_wconf 90' lang='lat' dir='ltr'>complere</span> <span class='ocrx_word' id='word_1_294' title='bbox 1477 5220 1609 5304; x_wconf 85' lang='lat' dir='ltr'>negotia</span> <span class='ocrx_word' id='word_1_295' title='bbox 1632 5221 1749 5292; x_wconf 87' lang='lat' dir='ltr'>earnis,</span> 
     </span>
    </p>
   </div>
   <div class='ocr_carea' id='block_1_3' title="bbox 555 5446 1325 5514">
    <p class='ocr_par' dir='ltr' id='par_1_14' title="bbox 555 5446 1325 5514">
     <span class='ocr_line' id='line_1_48' title="bbox 555 5446 1325 5514; baseline -0.003 -15"><span class='ocrx_word' id='word_1_296' title='bbox 555 5446 607 5499; x_wconf 74' lang='grc'>842</span> <span class='ocrx_word' id='word_1_297' title='bbox 624 5451 734 5501; x_wconf 85' lang='lat' dir='ltr'>Altl&#39;rido</span> <span class='ocrx_word' id='word_1_298' title='bbox 754 5451 819 5502; x_wconf 79' lang='lat' dir='ltr'>Gale</span> <span class='ocrx_word' id='word_1_299' title='bbox 921 5447 973 5500; x_wconf 76' lang='lat'>865</span> <span class='ocrx_word' id='word_1_300' title='bbox 990 5450 1050 5500; x_wconf 84' lang='lat' dir='ltr'>hinc</span> <span class='ocrx_word' id='word_1_301' title='bbox 1068 5448 1201 5514; x_wconf 69' lang='lat' dir='ltr'>legandum</span> <span class='ocrx_word' id='word_1_302' title='bbox 1218 5447 1325 5497; x_wconf 67' lang='lat' dir='ltr'>addetur.</span> 
     </span>
    </p>
   </div>
   <div class='ocr_carea' id='block_1_4' title="bbox 452 5593 2111 5774">
    <p class='ocr_par' dir='ltr' id='par_1_15' title="bbox 452 5593 2111 5774">
     <span class='ocr_line' id='line_1_49' title="bbox 522 5593 2111 5671; baseline 0 -19"><span class='ocrx_word' id='word_1_303' title='bbox 522 5603 548 5668; x_wconf 89' lang='lat'>1)</span> <span class='ocrx_word' id='word_1_304' title='bbox 568 5601 686 5654; x_wconf 78' lang='lat' dir='ltr'>Fresoni</span> <span class='ocrx_word' id='word_1_305' title='bbox 703 5601 811 5654; x_wconf 82' lang='lat' dir='ltr'>cuidam</span> <span class='ocrx_word' id='word_1_306' title='bbox 830 5601 1006 5654; x_wconf 71' lang='lat' dir='ltr'>Laudantem</span> <span class='ocrx_word' id='word_1_307' title='bbox 1024 5601 1165 5654; x_wconf 80' lang='lat' dir='ltr'>ducendus</span> <span class='ocrx_word' id='word_1_308' title='bbox 1183 5600 1311 5653; x_wconf 64' lang='lat' dir='ltr'>conditus</span> <span class='ocrx_word' id='word_1_309' title='bbox 1329 5605 1367 5653; x_wconf 81' lang='lat' dir='ltr'>est</span> <span class='ocrx_word' id='word_1_310' title='bbox 1446 5600 1472 5666; x_wconf 71' lang='lat'>2)</span> <span class='ocrx_word' id='word_1_311' title='bbox 1492 5601 1617 5653; x_wconf 64' lang='lat' dir='ltr'>Martini!</span> <span class='ocrx_word' id='word_1_312' title='bbox 1635 5603 1702 5666; x_wconf 79' lang='lat' dir='ltr'>eius,</span> <span class='ocrx_word' id='word_1_313' title='bbox 1721 5603 1769 5671; x_wconf 80' lang='lat' dir='ltr'>qui</span> <span class='ocrx_word' id='word_1_314' title='bbox 1786 5619 1812 5656; x_wconf 85' lang='grc' dir='ltr'>α.</span> <span class='ocrx_word' id='word_1_315' title='bbox 1830 5601 1881 5655; x_wconf 79' lang='grc' dir='ltr'>6ῖ9</span> <span class='ocrx_word' id='word_1_316' title='bbox 1898 5593 2024 5666; x_wconf 72' lang='lat' dir='ltr'>Wilsn‘dt&#39;</span> <span class='ocrx_word' id='word_1_317' title='bbox 2044 5595 2111 5653; x_wconf 83' lang='lat' dir='ltr'>loco</span> 
     </span>
     <span class='ocr_line' id='line_1_50' title="bbox 452 5701 1384 5774; baseline 0.001 -18"><span class='ocrx_word' id='word_1_318' title='bbox 452 5703 597 5756; x_wconf 77' lang='lat' dir='ltr'>ordinatus</span> <span class='ocrx_word' id='word_1_319' title='bbox 613 5706 662 5770; x_wconf 83' lang='lat' dir='ltr'>eat,</span> <span class='ocrx_word' id='word_1_320' title='bbox 680 5701 777 5755; x_wconf 74' lang='lat' dir='ltr'>Bardo</span> <span class='ocrx_word' id='word_1_321' title='bbox 797 5703 849 5767; x_wconf 86' lang='lat' dir='ltr'>IV,</span> <span class='ocrx_word' id='word_1_322' title='bbox 863 5704 896 5756; x_wconf 77' lang='lat'>12</span> <span class='ocrx_word' id='word_1_323' title='bbox 914 5709 940 5756; x_wconf 81' lang='lat' dir='ltr'>et</span> <span class='ocrx_word' id='word_1_324' title='bbox 957 5704 1000 5770; x_wconf 79' lang='lat'>23,</span> <span class='ocrx_word' id='word_1_325' title='bbox 1025 5704 1053 5766; x_wconf 83' lang='lat' dir='ltr'>V,</span> <span class='ocrx_word' id='word_1_326' title='bbox 1071 5705 1088 5758; x_wconf 90' lang='lat'><strong>3</strong></span> <span class='ocrx_word' id='word_1_327' title='bbox 1105 5706 1153 5758; x_wconf 73' lang='lat' dir='ltr'>secl</span> <span class='ocrx_word' id='word_1_328' title='bbox 1166 5706 1270 5774; x_wconf 72' lang='lat' dir='ltr'>paucis</span> <span class='ocrx_word' id='word_1_329' title='bbox 1286 5704 1384 5757; x_wconf 81' lang='lat' dir='ltr'>verbis.</span> 
     </span>
    </p>
   </div>
   <div class='ocr_carea' id='block_1_5' title="bbox 0 0 2352 6423">
    <p class='ocr_par' dir='ltr' id='par_1_16' title="bbox 0 0 2352 6423">
     <span class='ocr_line' id='line_1_51' title="bbox 0 0 2352 6423; baseline 0 0"><span class='ocrx_word' id='word_1_330' title='bbox 0 0 2352 6423; x_wconf 95' lang='lat' dir='ltr'> </span> 
     </span>
    </p>
   </div>
  </div>
 </body>
</html>
