4598 6414
1060 407 1267 462 THEDDULFI
1285 409 1462 464 CARMINA.

1237 751 1298 816 IX.

513 875 646 966 QUOD
674 876 886 952 DOMlNUS
914 879 1175 953 lMlTANDUS
1203 878 1277 952 SIT
1304 876 1446 951 NOBIS
1473 879 1535 952 AC
1564 879 1765 953 PENlTUS
1794 880 2023 955 AMANDUS

1096 1000 1157 1072 ET
1183 999 1438 1073 TlMENDUS.

805 1133 954 1218 Namque
976 1135 1124 1198 imitatur
1146 1153 1221 1198 eum
1245 1133 1368 1218 pietate
1391 1132 1445 1198 vel
1467 1133 1595 1198 actibus
1618 1133 1722 1214 ulmis,

892 1235 958 1310 Qui
979 1237 1075 1302 nobis
1100 1245 1133 1300 et
1155 1237 1254 1301 herus
1278 1241 1311 1300 et
1334 1243 1428 1321 peter
1450 1236 1555 1300 almus
1577 1236 1674 1302 inest.

805 1338 868 1404 Oui
890 1340 997 1426 pietas
1020 1339 1171 1404 inmenso
1193 1345 1312 1418 manet,
1336 1338 1512 1404 clementio
1534 1338 1649 1408 dulcis,

890 1443 954 1518 Qui
977 1443 1130 1530 precibus
1154 1441 1262 1527 dignis
1287 1463 1418 1528 semper
1442 1442 1558 1508 edesse
1580 1444 1675 1508 solet.

739 1569 751 1604 s
808 1547 883 1611 Nou
906 1553 1031 1611 tautum
1054 1547 1107 1611 hic
1129 1547 1259 1611 veniam
1283 1546 1454 1626 scelerum,
1479 1545 1537 1611 scd
1559 1549 1705 1634 proemio
1726 1546 1836 1626 donat,

891 1650 1067 1715 Conversis
1090 1639 1248 1736 placidus,
1272 1671 1407 1734 parcere
1431 1672 1563 1736 semper
1584 1671 1708 1716 amans.

808 1753 843 1818 Si
865 1761 960 1840 pater
981 1761 1032 1818 est
1055 1761 1088 1818 et
1110 1754 1209 1818 herus
1233 1752 1328 1817 nobis
1351 1751 1432 1816 deus
1456 1753 1606 1840 inclytus,
1630 1756 1701 1819 eius

892 1856 1058 1921 Sectanda
1080 1864 1131 1920 est
1154 1857 1273 1943 pietas,
1295 1856 1380 1920 actio
1405 1855 1514 1938 corde,
1537 1855 1612 1922 fide.

806 1959 923 2025 Discet
944 1981 1054 2025 amore
1077 1966 1205 2045 patrem
1229 1960 1349 2045 proles,
1374 1965 1407 2024 et
1429 1981 1531 2025 verna
1555 1961 1680 2040 timere,

725 2087 749 2122 ιο
893 2062 990 2127 Hunc
1014 2083 1114 2142 umor,
1138 2063 1229 2126 illurn
1253 2069 1345 2149 aptet
1367 2062 1409 2127 ed
1431 2063 1559 2148 potiora
1580 2063 1687 2128 timor.

721 2209 725 2214 =
806 2169 962 2255 Degener
984 2169 1098 2234 existit
1121 2170 1148 2232 si
1170 2169 1291 2255 proles,
1314 2189 1415 2232 verua
1439 2169 1610 2256 superbus,

888 2270 1043 2336 Dedecus
1066 2271 1251 2334 inmensum
1272 2268 1384 2334 foedat
1405 2278 1578 2357 utrumque
1602 2273 1692 2336 setis.

1070 2513 1112 2518 ..-
1135 2513 1366 2520 ..-..-.—--.—..—-
1393 2513 1469 2518 ...--

1251 2783 1293 2846 X.

493 2908 555 2980 DE
587 2908 943 2982 SIMULATORUM
977 2909 1038 2981 ΕΤ
1071 2910 1366 2984 STULTORUM
1398 2910 1658 2999 SOCORmA,
1696 2909 1779 2998 QUI
1809 2906 2044 2980 NESCIUNT

519 3030 553 3102 Α
584 3030 680 3103 SUA
706 3029 986 3103 PRAVITATE
1011 3028 1105 3102 PER
1128 3029 1298 3102 ΒΟΝΑΜ
1323 3029 1742 3104 ΕΧΗΟΒΤΑΤΙΟΝΕΜ
1766 3025 2020 3100 CONVERTI.

807 3160 904 3225 Illum
928 3183 993 3226 non
1017 3164 1075 3243 sal,
1099 3182 1165 3225 non
1187 3163 1287 3226 istum
1311 3163 1472 3248 sapientis
1495 3160 1615 3236 condit,

889 3264 988 3329 Hunc
1010 3265 1160 3330 doctrine
1182 3266 1296 3349 nequit
1319 3265 1463 3346 vincere,
1487 3264 1536 3328 sel
1558 3284 1620 3328 nec
1642 3284 1727 3327 euru.

810 3367 1002 3434 Doctrinam
1026 3370 1117 3434 cuius
1140 3390 1259 3434 vanum
1283 3377 1334 3434 est
1357 3369 1513 3434 adhibere
1536 3368 1699 3448 medullis,

894 3472 1032 3558 Quoque
1055 3473 1159 3557 magis
1183 3472 1313 3552 doceas,
1338 3472 1469 3536 stultior
1491 3469 1567 3536 inde
1590 3472 1656 3536 fiet.

741 3597 753 3632 s
812 3573 866 3639 Sic
890 3574 1025 3639 crudum
1050 3574 1180 3640 studeat
1203 3576 1339 3640 luterem
1363 3573 1440 3638 dum
1463 3574 1601 3658 quisque
1624 3574 1745 3654 lavare,

892 3675 966 3750 Quo
989 3680 1095 3763 magis
1118 3679 1247 3758 eluerit,
1271 3680 1344 3766 plus
1367 3678 1446 3742 facit
1469 3677 1544 3741 inde
1566 3677 1638 3740 luti.

810 3779 896 3854 Quid
917 3782 1005 3846 bona
1026 3781 1127 3846 verbo
1149 3783 1275 3863 iuvant,
1300 3781 1356 3846 ubi
1377 3781 1423 3844 nil
1446 3780 1547 3844 hebet
1568 3780 1655 3844 alma
1675 3779 1837 3860 voluntas,

892 3884 962 3949 Aut
984 3883 1061 3968 quid
1083 3885 1116 3948 in
1140 3885 1252 3949 urticis
1277 3885 1402 3948 semina
1424 3883 1510 3948 iacta
1533 3884 1665 3948 iuvent?

809 3989 912 4054 Flava
935 3987 1013 4074 quid
1034 3987 1207 4054 horrendis
1231 3996 1368 4075 prosunt
1391 3986 1468 4052 dote
1490 3987 1589 4051 nrella
1612 3987 1749 4066 lacunis,

730 4117 753 4154 ιο
897 4089 983 4164 Quid
1005 4092 1082 4156 litor
1104 4097 1161 4155 out
1184 4091 1249 4155 olei
1273 4099 1420 4155 stercore
1443 4090 1566 4153 mixtus
1590 4095 1688 4173 aget?

810 4193 896 4268 Quid
919 4195 1009 4258 iuvat
1031 4194 1136 4258 aurito
1158 4194 1229 4279 lyro
1252 4194 1280 4257 si
1302 4193 1464 4279 persultet
1486 4192 1617 4273 asello¹‚

894 4295 1074 4382 Cornigero
1098 4302 1153 4360 aut
1176 4296 1276 4360 lituus
1302 4297 1331 4360 si
1354 4303 1479 4383 strepat
1501 4301 1570 4360 erte
1593 4295 1691 4360 bovi?

812 4401 889 4465 Solo
913 4401 1038 4464 oriente
1063 4401 1153 4484 viget
1176 4407 1334 4485 quantum
1356 4406 1415 4464 tua
1437 4400 1530 4480 visio,
1553 4420 1663 4480 caece,

894 4502 1036 4567 Tantum
1060 4503 1131 4567 eius
1154 4523 1271 4568 sensus
1288 4503 1369 4588 'post
1392 4502 1479 4566 bono
1501 4501 1603 4567 verbe
1625 4503 1718 4568 solet.

729 4631 753 4668 rs
810 4605 964 4671 Carmina
979 4605 1073 4691 pluro
1088 4605 1238 4690 queunt²‚
1256 4611 1422 4690 nequeunt
1435 4611 1546 4670 temen
1561 4607 1680 4686 omnia,
1696 4608 1843 4690 quamvis

891 4710 1020 4776 Littera
1041 4711 1184 4795 gentilis,
1208 4710 1271 4774 hoc
1295 4731 1425 4794 quoque
1449 4718 1562 4774 saneta
1585 4712 1682 4776 cauit.

809 4814 940 4880 Dicitur
963 4819 997 4878 et
1019 4812 1113 4878 Circe
1137 4815 1244 4879 socios
1267 4813 1405 4898 insignis
1429 4813 1560 4898 Ulyssis

892 4916 1040 4981 Mutosse
1063 4917 1097 4980 in
1120 4917 1227 4980 varies
1252 4915 1404 4981 carminis
1428 4923 1498 4980 arte
1522 4915 1636 4981 israel.

807 5020 954 5084 Plurima
976 5041 1049 5084 curn
1072 5019 1209 5106 possint,
1234 5018 1380 5084 scabiem
1403 5039 1520 5084 sanare
1544 5018 1735 5104 nequibunt,

727 5146 752 5183 20
898 5122 1003 5188 Tinea
1025 5144 1086 5188 nec
1108 5123 1225 5188 horum
1246 5143 1411 5186 murmure
1436 5142 1516 5185 sena
1537 5121 1604 5185 fiet.

515 5418 575 5488 [IX]
610 5418 678 5472 9Et
696 5419 838 5472 AvernaS

550 5602 576 5671 1)
596 5603 642 5658 Ου.
663 5604 741 5658 Fert.
760 5603 866 5672 V1,469
883 5601 984 5655 auritis
1062 5601 1163 5655 asellis.
1228 5602 1257 5670 2)
1278 5601 1326 5656 Oc.
1345 5601 1414 5656 Met.
1433 5604 1496 5664 VII,
1506 5602 1555 5655 167
1574 5600 1643 5669 quid
1664 5600 1738 5656 enirn
1756 5616 1813 5653 non
1831 5595 1955 5652 earmina
1973 5595 2109 5668 possint?

444 5706 473 5776 3)
496 5705 577 5778 Vcry.
595 5706 658 5760 Ecl.
682 5707 762 5775 VIII,
773 5704 806 5758 l0
823 5703 999 5760 Canninibus
1017 5705 1094 5762 Circe
1113 5705 1201 5760 socios
1218 5704 1341 5759 mutavit
1359 5705 1446 5762 Ulixi.
