4574 6442
998 401 1121 456 TITULI
1141 401 1291 456 SAECULI
1311 401 1454 456 OCTAVI.

768 575 863 639 Unde
887 583 1010 661 queant
1034 576 1150 658 vigiles
1174 574 1304 639 domino
1328 575 1452 639 servire
1476 596 1535 660 per
1556 596 1686 652 aevum,

852 679 981 763 Proque
1007 679 1073 743 suis
1098 679 1201 765 culpis
1226 680 1332 764 possit
1354 679 1477 744 habere
1501 700 1627 764 preces

768 783 965 847 Pontificum
988 783 1022 845 in
1046 782 1128 844 solio
1151 780 1202 844 bis
1226 790 1352 866 septem
1375 782 1543 845 mensibus
1567 783 1645 864 egit,

689 908 712 944 m
856 886 978 951 Lustra
999 889 1068 951 fere
1092 885 1229 950 totidem
1252 885 1335 949 vixit
1357 893 1391 950 ct
1412 886 1465 949 hic
1491 886 1572 950 situs
1596 892 1658 949 est.

1017 1025 1099 1088 Pub.
1124 1023 1191 1087 Sal.
1216 1045 1290 1087 ann.
1312 1022 1440 1090 Daca.

487 1211 596 1276 DIVO
620 1212 859 1277 KALIMERO
882 1212 1067 1278 MEDIOL.
1091 1212 1418 1286 LYGURIAEQUE
1443 1161 1600 1277 SUllth
1625 1211 1880 1277 SACERDOTI
1903 1211 1980 1284 Qui

569 1314 811 1379 SUCCESSIT
835 1316 1147 1396 CASTRICIANO,
1171 1314 1249 1388 QUI
1273 1315 1390 1396 chlo,
1414 1315 1491 1388 QUI
1515 1314 1789 1401 Austranum,
1813 1314 1889 1418 QUI

972 1419 1219 1483 BARNABAE
1242 1418 1489 1486 APOSTOLO.

770 1539 961 1624 cuicunque
985 1539 1133 1604 aetheria
1155 1542 1209 1625 qui
1233 1549 1348 1626 regnet
1370 1542 1403 1605 in
1426 1564 1501 1606 arce
1526 1542 1690 1614 sacerdos,

852 1643 933 1707 Cum
957 1643 1074 1708 deceat
1096 1644 1246 1709 homines
1269 1643 1406 1709 reddere
1430 1653 1506 1709 vota
1528 1647 1610 1732 pios,

768 1746 924 1811 Reddidit
946 1747 1039 1828 hacc,
1063 1748 1266 1824 venerande,
1290 1749 1361 1829 tibi,
1383 1748 1552 1814 Kalimere
1566 1751 1586 1828 ¹,
1609 1749 1799 1813 Thaumas²

851 1850 894 1914 Et
916 1851 1013 1916 Pario
1038 1852 1172 1915 saletum
1196 1874 1357 1918 munnere
1381 1854 1501 1918 struxit
1524 1875 1616 1939 opus.

699 1976 711 2011 s
768 1954 831 2018 Hic
854 1955 912 2018 ubi
934 1976 1062 2020 mersus
1086 1978 1159 2020 eras
1183 1963 1216 2020 et
1239 1979 1374 2042 corpore
1399 1957 1548 2021 conditus
1572 1958 1659 2036 olim,

851 2057 900 2122 Te
924 2079 1075 2123 resersus
1099 2061 1225 2124 caeluni
1249 2061 1382 2124 sustulit
1403 2059 1490 2124 unde
1514 2059 1606 2124 deus.

769 2160 865 2224 Nune
887 2163 979 2225 loeus
1003 2163 1056 2227 hie
1081 2171 1195 2228 vernat
1218 2165 1301 2227 flavo
1324 2162 1472 2228 radiante
1496 2163 1630 2226 metallo

850 2266 1109 2352 Lychuuchique
1133 2267 1247 2332 ardent
1268 2267 1392 2331 lumine
1416 2273 1587 2352 perpetuo.

631 2399 638 2406 '
718 2402 862 2466 Thomas
885 2404 1152 2490 archiepiscopus
1176 2404 1309 2468 Mediol.
1331 2403 1370 2469 F.
1394 2403 1430 2466 Ο.
1456 2403 1579 2467 Salutis
1602 2403 1742 2467 Nostrae

1068 2531 1144 2575 ann.
1166 2508 1395 2572 DCCLXXX.

1194 2955 1254 3019 IV.

768 3091 924 3179 Quisquis
948 3095 988 3158 ab
1012 3115 1131 3158 occasu
1154 3093 1246 3156 venis
1268 3093 1348 3173 huo,
1378 3094 1432 3157 vel
1455 3095 1602 3179 quisquis
1625 3096 1667 3158 ab
1690 3095 1796 3174 ortu³‚

848 3197 1016 3262 Praesulis
1039 3196 1092 3260 hie
1116 3197 1243 3260 eineres
1268 3197 1351 3260 seito
1374 3198 1482 3261 iacere
1505 3198 1562 3282 pii.

765 3299 914 3364 Moribus
938 3308 1097 3380 ornatum,
1121 3300 1277 3364 virtutum
1300 3300 1430 3364 tramite
1455 3306 1590 3380 rectum,

845 3403 1028 3488 Egregium
1052 3403 1177 3468 meritis
1200 3404 1282 3468 haee
1305 3409 1397 3469 tenet
1418 3425 1500 3468 urna
1521 3405 1637 3469 virum.

698 3530 709 3566 s
767 3506 829 3569 Cui
853 3507 957 3570 sancti
980 3514 1081 3586 aetus,
1104 3509 1160 3572 lex
1183 3507 1363 3586 meditatio,
1386 3506 1506 3592 dogma
1525 3507 1634 3586 fidele,

848 3608 1042 3696 Rotgangus
1065 3633 1195 3692 nomen,
1218 3612 1323 3697 gloria
1346 3609 1496 3675 Christus
1513 3611 1623 3678 erat‘.

765 3713 941 3776 Romulida
963 3713 1004 3778 de
1029 3713 1108 3778 sedo
1135 3715 1197 3777 sibi
1220 3715 1296 3779 data
1317 3715 1419 3800 pallia
1442 3720 1553 3778 sancta

848 3815 977 3880 Extulit
986 3821 1007 3898 ⁵,
1032 3817 1182 3902 huncque
1205 3826 1333 3903 patrum
1357 3818 1475 3881 extulit
1497 3817 1551 3881 ille
1576 3824 1679 3902 pater.

507 3998 526 4003 -,
742 3992 1085 3999 --aa——---.——.

515 4117 526 4180 ΙΙ
547 4116 671 4168 Fontarm
683 4117 709 4181 s.
728 4110 774 4163 19:
794 4114 873 4163 Erant
890 4113 916 4162 in
934 4129 1010 4177 opere
1027 4113 1146 4176 antiquae
1164 4113 1325 4162 membranae
1343 4130 1434 4164 versus
1451 4129 1527 4178 supra
1545 4129 1638 4179 corpus
1656 4115 1679 4164 S.
1699 4115 1817 4165 Calinreri

910 4199 1034 4261 Quamvis
1051 4199 1143 4248 setena
1161 4207 1251 4264 regnet
1268 4201 1295 4249 in
1313 4217 1371 4250 arce
1389 4201 1514 4258 sacerdos,

981 4285 1130 4350 Congruum
1148 4291 1188 4334 cst
1204 4285 1283 4335 sacris
1301 4285 1405 4335 reddare
1422 4293 1480 4336 vota
1499 4286 1554 4351 piis.

911 4371 962 4420 llic
980 4370 1082 4436 quidam
1100 4371 1248 4421 submersus
1266 4388 1371 4437 corpore
1388 4372 1506 4422 conditus
1523 4372 1595 4429 iacet,

983 4457 1032 4508 Sed
1049 4474 1165 4508 reserans
1183 4457 1282 4508 coelum
1299 4458 1407 4508 advocat
1424 4459 1478 4524 ipso
1495 4458 1567 4508 daus.

849 4563 860 4600 5
913 4545 955 4606 nt,
973 4545 1125 4607 venerande,
1142 4544 1189 4593 tibi
1208 4544 1319 4593 Thomas
1337 4545 1457 4610 egregius
1475 4553 1546 4593 rates

981 4630 1064 4680 Gestit
1080 4630 1107 4678 in
1125 4629 1251 4694 explendo
1269 4647 1344 4695 opere
1361 4630 1475 4692 lucifluo,

910 4713 984 4775 Quod
1001 4721 1091 4764 vernat
1108 4715 1208 4764 eunctis
1227 4715 1302 4764 niveo
1320 4714 1437 4765 vibrante
1455 4714 1564 4765 metallo.

464 4795 518 4862 [IV]
555 4795 569 4847 1
588 4797 629 4847 hie
647 4797 686 4847 ed.
704 4797 852 4849 diadilloaii

499 4965 525 5032 1)
555 4966 598 5032 Cf.
627 4965 750 5019 Nomina
777 4969 915 5038 archiepp.
939 4968 1053 5022 Medici.
1081 4969 1097 5021 l.
1121 4969 1152 5031 l.‚
1177 4968 1226 5021 adi
1247 4975 1347 5037 quarto
1369 4970 1428 5021 laco
1450 4971 1582 5038 positar:
1613 4968 1776 5035 Kalynrerus
1804 4966 1948 5036 episcopus
1979 4964 2056 5018 sedit

394 5085 481 5122 annos
501 5066 585 5128 L1111.
607 5069 679 5122 obiit
697 5069 788 5138 pridie
807 5072 945 5125 Kalendas
965 5074 1035 5142 Aug.
1111 5074 1139 5130 ‘21
1161 5072 1279 5125 Thomas
1297 5073 1378 5126 annis
1397 5073 1533 5125 rac-tta
1551 5072 1755 5127 Mediolanensi
1773 5072 1902 5126 ecclesiae
1914 5070 2055 5138 praeficit,

394 5173 432 5239 cs.
451 5171 484 5225 de
503 5186 534 5224 co
552 5172 623 5224 Ana.
642 5172 773 5226 Laariss.
794 5175 857 5228 mai.
877 5173 1041 5240 (Einhardi)
1060 5191 1085 5228 a.
1109 5174 1166 5226 781.
1245 5174 1272 5240 3)
1294 5173 1336 5241 Cf.
1356 5173 1539 5244 Epitaphium
1563 5173 1716 5227 Victoriam
1733 5175 1841 5229 addatis
1859 5193 1878 5228 a
1896 5173 2055 5228 Fortarrala

393 5275 572 5344 compositam
589 5291 615 5327 o.
630 5276 657 5327 l:
677 5275 807 5343 Quisquis
826 5277 861 5330 ab
880 5295 978 5331 occasu
997 5295 1127 5346 properas
1145 5278 1207 5338 huc.
1227 5277 1353 5346 quisquis
1371 5278 1407 5330 ab
1425 5281 1502 5340 ortu;
1524 5278 1667 5346 Theodalf.
1681 5293 1765 5347 saper
1778 5278 1894 5347 sepulcr.
1908 5275 2056 5330 Hadriani

393 5391 417 5430 a.
435 5377 482 5431 23:
507 5377 596 5442 Quam
620 5377 682 5445 quis
705 5377 741 5431 ab
765 5395 861 5432 occasu
886 5395 1037 5447 properans
1056 5379 1101 5431 vel
1119 5379 1245 5447 quisquis
1263 5380 1298 5433 ab
1317 5386 1379 5435 ortu
1396 5385 1400 5446 Ι
1416 5382 1565 5451 Conspicis.
1651 5383 1680 5444 4}
1700 5383 1809 5436 Necrol.
1828 5382 1905 5435 Mea.
1924 5380 2055 5448 (Fascia.

393 5477 485 5548 xm,
503 5480 566 5534 598»
586 5478 612 5530 Η
631 5479 702 5533 Non.
721 5479 803 5533 Mart.
839 5481 874 5534 Et
896 5480 992 5533 Mettis
1010 5481 1127 5534 domnus
1146 5481 1363 5552 Chrodegangus
1381 5483 1604 5554 archiepiscopus
1622 5485 1706 5547 obiit;
1726 5485 2055 5538 anathematismos

393 5583 458 5648 (SS.
478 5584 503 5650 1,
520 5585 565 5650 28)
585 5582 716 5634 tmnsivit
733 5582 851 5636 domnus
869 5584 1071 5652 Hrodegangus
1090 5584 1313 5654 archiepiscopus
1331 5586 1422 5656 pridie
1440 5587 1513 5640 Non.
1532 5588 1625 5649 Mart-‚3
1652 5587 1761 5642 Maseli.
1785 5589 1850 5656 (SS.
1869 5589 1961 5660 XVI,
1978 5589 2055 5652 496).

393 5686 420 5752 5)
440 5687 600 5756 Stephanus
617 5685 675 5739 III
694 5701 720 5738 a.
740 5685 790 5738 754
812 5687 932 5756 palliam
956 5688 981 5740 ci
1004 5687 1118 5752 tribuit,
1145 5688 1182 5756 cs.
1202 5689 1277 5756 Iafft
1300 5691 1368 5762 Περ.
1382 5695 1461 5760 pant.
1480 5707 1506 5744 a.
1521 5691 1595 5750 1771.
