4612 6414
1057 409 1275 470 AEDILVULFI
1294 409 1452 469 CARMEN.

796 587 846 650 Ac
868 586 954 652 bene
976 594 1186 674 percomptus
1208 587 1328 652 divinis
1352 588 1502 653 cantibus
1525 588 1591 652 aris

798 687 903 754 Offert
925 690 1013 775 quod
1035 689 1190 755 mundum
1213 690 1311 755 solvit
1332 690 1374 757 de
1397 697 1502 756 morte
1524 691 1678 776 maligna.

797 791 946 878 Namque
969 793 1056 858 diem
1078 795 1201 858 nullam
1223 794 1327 858 voluit
1349 793 1513 859 dimittere
1536 801 1676 880 praeter.

796 893 934 960 Munere
957 915 1021 979 quo
1044 917 1118 960 sese
1142 896 1301 962 assistens
1323 916 1389 960 non
1412 903 1506 960 ornet
1528 896 1648 982 opimo.

798 994 945 1083 Cumque
969 999 1082 1084 epulas
1106 1000 1241 1085 cupiens
1265 1001 1390 1065 monuit
1413 1000 1603 1085 conquirere
1626 1021 1755 1086 corpus,

798 1098 882 1164 Cum
905 1121 1058 1166 mensura
1080 1100 1143 1167 cibi
1166 1109 1270 1168 totum
1292 1101 1378 1188 quod
1402 1102 1522 1168 sufficit
1543 1103 1656 1182 ambit,

796 1202 876 1268 Plus
899 1203 985 1270 iusto
1008 1205 1181 1291 quicquam
1204 1211 1439 1291 contempnens
1463 1225 1593 1272 sumere
1616 1205 1734 1272 victus.

862 1306 926 1372 His
948 1307 1089 1374 formata
1111 1309 1206 1374 bonis
1229 1309 1463 1376 monachorum
1485 1309 1605 1396 gaudia
1628 1317 1789 1393 arescunt,

799 1410 907 1496 Seque
931 1413 981 1476 sui
1004 1413 1138 1500 cupiunt
1160 1414 1245 1478 votis
1268 1415 1434 1478 cumulare
1458 1413 1612 1499 parentis.

800 1513 992 1580 'Peliadum
1015 1517 1128 1603 paucis
1151 1517 1329 1604 perfectus,
1353 1539 1411 1603 pro
1435 1516 1538 1598 dolor,
1561 1517 1655 1582 annis

799 1617 919 1684 Pastor
940 1621 1101 1706 patrabat,
1124 1621 1225 1686 vitam
1246 1620 1423 1707 perductus
1446 1619 1489 1684 ad
1510 1621 1629 1686 almam

801 1718 946 1808 Corpore
967 1723 1123 1806 deseruit,
1147 1723 1260 1790 nitidis
1283 1724 1457 1790 comitatus
1480 1731 1516 1788 ut
1538 1724 1609 1810 ipse

799 1823 945 1900 Alitibus
968 1831 1108 1892 testatus
1132 1832 1213 1906 erat,
1236 1827 1290 1914 pia
1313 1836 1420 1892 castra
1441 1826 1580 1892 beorum

799 1926 987 2012 Ingreditur
1009 1929 1100 2010 felix,
1121 1931 1264 1996 laetatus
1288 1935 1377 1996 sorte
1401 1951 1552 2015 superna.

1110 2055 1395 2064 .-.-.....-—--.......
1407 2057 1416 2062 -

891 2155 949 2200 xix
992 2133 1053 2199 DE
1077 2134 1311 2200 VYNFRIDO
1334 2134 1628 2203 PRESBITERO.

801 2254 889 2320 Huic
910 2255 1012 2322 frater
1033 2257 1165 2342 quidem
1188 2257 1356 2323 subiectus
1381 2277 1528 2343 corpore,
1549 2262 1659 2322 mente

801 2357 957 2424 Mitifious
980 2361 1091 2441 servit,
1113 2360 1220 2426 dictus
1243 2360 1299 2446 qui
1322 2360 1453 2424 nomine
1476 2358 1636 2444 Vynfrid;

800 2460 970 2528 Presbiter
992 2463 1111 2529 enituit
1132 2462 1310 2549 praeclaris
1333 2462 1461 2529 actibus
1484 2464 1600 2529 almus.

708 2581 714 2592 ’
802 2563 900 2631 Hunc
922 2573 1018 2652 pater
1040 2589 1083 2632 ex
1106 2572 1175 2632 toto
1200 2567 1411 2653 conplectens
1434 2573 1567 2652 pectore
1590 2565 1691 2632 fidum

734 2689 745 2724 s
803 2667 952 2735 Credidit
974 2677 1008 2735 et
1030 2670 1166 2736 fratrum
1188 2670 1348 2756 praefecit
1370 2671 1515 2737 vestibus
1539 2670 1640 2736 illum.

803 2769 902 2857 Isque
926 2769 988 2837 de'o
1011 2770 1140 2838 deditus
1164 2793 1238 2837 cum
1261 2779 1330 2838 tota
1351 2779 1461 2839 mente
1484 2773 1591 2839 fidelis

805 2870 959 2938 Officium
982 2880 1091 2939 serrat
1113 2873 1218 2959 rigido
1241 2875 1419 2940 munimine
1440 2875 1556 2952 fultum

804 2975 875 3041 Nec
898 2977 927 3042 si
949 2979 1116 3043 terrestris
1139 2977 1310 3066 dispenset
1331 2978 1476 3066 pondera
1497 3001 1606 3062 curae,

806 3078 953 3147 Grandia
975 3082 1061 3148 dona
1084 3083 1195 3150 ferens
1219 3085 1370 3150 cessabat
1391 3084 1529 3152 reddere
1553 3085 1692 3153 Christo.

724 3203 749 3242 ιο
804 3183 869 3249 Ast
890 3184 1033 3252 moriens
1055 3185 1185 3252 domino
1209 3209 1366 3274 praesens
1390 3210 1463 3256 cum
1485 3191 1633 3276 linquere
1658 3191 1781 3256 seclum

807 3288 954 3377 Cogitur,
978 3312 997 3357 a
1020 3291 1140 3357 mundo
1164 3292 1264 3359 frater
1287 3315 1347 3361 sua
1369 3293 1467 3361 corda
1490 3302 1683 3380 sequestrat,

803 3393 913 3479 Atque
937 3393 999 3461 deo
1023 3396 1085 3460 soli
1108 3396 1242 3482 cupiens
1265 3418 1302 3463 se
1325 3396 1468 3464 subdere
1489 3397 1582 3478 felix,

802 3496 973 3566 Ecclesiae
997 3499 1154 3566 membris
1178 3501 1319 3588 supplex
1341 3501 1530 3587 pavimenta
1552 3501 1706 3584 tutundit,

803 3602 908 3669 Nocte
932 3602 1050 3690 dieque
1075 3604 1172 3669 simul
1194 3605 1348 3691 precibus
1371 3604 1576 3671 commendat
1598 3605 1640 3670 ad
1662 3613 1760 3687 astra,

723 3729 747 3768 rs
805 3705 916 3793 Seque
941 3707 1056 3793 suique
1080 3707 1221 3773 animam
1243 3706 1374 3773 domino
1397 3709 1555 3794 genitoris
1578 3709 1688 3773 amati.
1763 3709 1765 3715 ⁴

804 3808 967 3895 Tempore
990 3811 1046 3896 qui
1068 3811 1166 3897 longo
1190 3811 1293 3896 gessit
1316 3809 1392 3876 dum
1414 3812 1494 3878 talia
1516 3811 1626 3893 frater,

806 3912 934 3979 Clausit
955 3915 1019 3981 iter
1041 3914 1132 3997 secli,
1156 3935 1221 3980 non
1244 3913 1398 3981 claudens
1421 3915 1540 4001 gaudia
1562 3917 1658 3996 vitae,

706 4003 708 4010 ’
805 4015 959 4104 Optatam
982 4019 1120 4105 sumpsit
1143 4039 1274 4104 semper
1296 4019 1367 4084 sine
1390 4018 1454 4084 fine
1478 4020 1633 4104 quietem.

698 4247 744 4290 xx
787 4221 848 4289 Du
871 4219 1008 4289 Dorus
1038 4221 1227 4287 PATRUM
1257 4221 1315 4288 ET
1340 4221 1663 4288 MONACHORUM
1686 4221 1831 4288 vorle.

806 4345 902 4410 Hanc
926 4345 1043 4411 cellam
1065 4343 1216 4410 dominus
1238 4344 1373 4410 fratrum
1397 4343 1565 4411 decoravit
1587 4344 1720 4426 honore,

806 4447 952 4514 Maxima
974 4447 1014 4514 de
1038 4447 1139 4513 caelis
1162 4447 1293 4533 capiant
1315 4468 1401 4514 nunc
1422 4446 1542 4534 gaudia
1565 4449 1682 4529 cuncti,

807 4554 916 4639 Atque
939 4551 1001 4618 deo
1025 4550 1178 4617 studeant
1201 4551 1396 4638 condignam
1419 4551 1560 4617 condere
1583 4551 1724 4616 laudem.

807 4655 903 4731 Quod
926 4656 997 4722 sine
1018 4645 1078 4722 nos
1102 4655 1228 4721 meritis
1250 4655 1365 4721 tribuit
1386 4676 1452 4720 non
1474 4653 1624 4721 hostibus
1646 4673 1800 4739 umquam

736 4783 747 4820 s
805 4760 949 4848 Imperio
971 4779 1144 4846 procerum
1167 4759 1257 4840 secli,
1279 4779 1341 4824 nec
1364 4757 1510 4824 subdidit
1531 4759 1625 4824 imos.

806 4863 879 4930 Sint
901 4863 1031 4930 domino
1054 4868 1165 4949 grates
1188 4883 1318 4949 semper
1341 4862 1412 4928 sine
1435 4862 1500 4928 fine
1524 4883 1676 4949 superno,

807 4967 902 5033 Illius
924 4966 1047 5033 auxilio
1070 4966 1166 5032 nobis
1189 4965 1276 5051 quod
1297 4966 1408 5032 lucere
1432 4965 1514 5032 tales

439 5299 444 5306 .
545 5262 579 5317 26
599 5265 648 5316 Iris
667 5265 689 5316 C
794 5260 828 5314 27
852 5263 962 5315 Offerert
978 5261 1013 5325 L,
1039 5263 1149 5314 Afferert
1166 5262 1187 5313 0
1264 5261 1347 5328 quiC
1455 5258 1490 5312 28
1508 5259 1648 5326 IamqueC
1721 5259 1823 5310 nullum
1837 5259 1860 5310 C
1933 5267 2017 5328 partor
2034 5258 2093 5312 LO

441 5349 475 5402 29
496 5359 570 5402 ornat
585 5351 608 5402 0
717 5349 752 5403 30
776 5349 892 5418 spulso
1001 5345 1034 5398 31
1057 5349 1106 5399 sibi
1124 5349 1146 5400 C
1258 5344 1292 5398 33
1313 5346 1460 5399 formateO
1573 5343 1607 5396 34
1630 5345 1813 5413 capiuntLO
1924 5343 1959 5395 36
1980 5347 2049 5397 uicta
2060 5345 2093 5410 L,

415 5431 419 5438 ·
440 5436 570 5488 ursano
678 5434 712 5488 ar
730 5436 777 5506 uss
793 5435 885 5502 ipsso
997 5429 1308 5498 nemausinos
1410 5432 1422 5482 1
1443 5431 1554 5498 quisae
1656 5429 1816 5483 sarissas
1828 5431 1850 5481 c
1917 5431 2095 5482 wmrssoc

441 5519 458 5572 3
479 5523 609 5576 errauituit
622 5523 681 5574 LO
792 5519 809 5573 4
832 5521 908 5572 fidem
923 5519 945 5569 (Ὺ
1054 5517 1071 5568 o
1092 5535 1150 5569 cum
1173 5524 1235 5569 uota
1255 5517 1277 5568 0
1388 5515 1423 5569 10
1443 5519 1558 5570 seculum
1574 5518 1597 5568 Ῑι
1708 5517 1742 5568 15
1759 5516 1886 5583 TequeO
1963 5516 2095 5567 domiuiC

443 5604 475 5658 ll
494 5609 588 5660 llausit
604 5609 653 5660 iter
670 5609 770 5658 caelum
786 5607 811 5656 L
821 5608 844 5657 C
957 5604 968 5669 ΙΙ
982 5601 1037 5669 [xx]
1056 5605 1123 5655 uotis
1140 5605 1322 5656 monachorum
1338 5605 1359 5653 ίΙΙ
1465 5603 1479 5654 1
1498 5607 1538 5655 lla
1557 5623 1571 5655 e
1584 5605 1607 5654 L
1677 5607 1767 5655 fratros
1783 5605 1805 5653 0
1908 5600 1924 5652 2
1944 5604 2056 5653 Maximo
2068 5603 2093 5654 L

442 5689 457 5742 'l
477 5693 562 5742 onaC
631 5691 755 5744 auxlioL
