4988 6434
745 455 961 511 AENIGMA'PA
980 456 1077 523 QUAE
1095 455 1195 512 MISIT
1214 456 1347 511 SORORI
1366 457 1466 512 SUAE.

945 663 1143 754 [invium
1170 665 1265 756 nir]

553 809 592 849 aro
645 784 760 872 Impia
785 786 950 872 gignendo
982 810 1053 852 sum
1083 788 1150 852 lilia
1178 787 1347 853 daemonis
1375 787 1451 864 atri;

643 888 674 952 N
680 911 723 952 on
752 911 823 954 sum
855 891 972 954 sotoris
1002 891 1114 976 superi
1143 891 1366 956 moderamine
1395 896 1493 972 creta,
1618 975 1621 981 Ι

644 991 784 1057 Viribus
813 999 910 1078 atque
939 993 1021 1058 meis
1049 1015 1136 1058 mors
1164 995 1311 1058 introivit
1336 993 1369 1057 in
1402 994 1525 1074 orbem,

644 1095 690 1158 In
719 1095 862 1181 paradisi
890 1104 978 1162 ortos
1008 1097 1173 1182 quondam
1204 1098 1281 1162 dum
1310 1097 1423 1183 vipera
1451 1098 1562 1183 repsit.

644 1197 738 1262 Dum
767 1200 904 1264 fratrum
934 1201 1090 1286 aspiciam
1123 1209 1308 1266 sanctorum
1340 1202 1426 1265 lacta
1454 1201 1599 1280 tabesco,

555 1325 558 1334 ⁴
648 1301 776 1367 Infelix
802 1302 905 1366 fatum
937 1309 1028 1366 tanta
1057 1324 1110 1368 me
1145 1303 1258 1369 fraude
1288 1303 1415 1384 fefellit,

645 1407 702 1470 Ac
729 1407 817 1470 bona
845 1408 892 1470 sic
922 1406 1053 1492 propria
1083 1407 1264 1472 frendendo
1294 1406 1396 1493 perdo
1419 1405 1543 1472 dolose.

646 1510 764 1596 Atque
796 1531 858 1595 ego
890 1511 1046 1575 virtutum
1073 1511 1233 1575 vastatrix
1263 1510 1363 1596 impia
1390 1510 1490 1587 dicor,

645 1613 756 1698 Ignea
786 1615 813 1677 si
840 1615 963 1700 pariter
993 1634 1064 1677 sum
1099 1636 1160 1680 nec
1189 1615 1346 1698 martyria
1375 1621 1522 1700 prosunt,

645 1717 845 1782 Tartareum
876 1738 1046 1782 macerans
1082 1725 1115 1782 et
1144 1725 1301 1803 torquens
1333 1716 1431 1781 corde
1460 1737 1631 1781 venenum.

892 1939 1195 2029 [IGNORANTIA
1222 1940 1319 2029 AI'I]

569 2089 574 2099 ·
648 2059 726 2125 Iam
752 2058 874 2126 dudum
901 2063 1012 2133 nutrix
1043 2083 1188 2127 errorum
1221 2071 1254 2127 et
1284 2064 1383 2128 stulta
1405 2062 1561 2128 vocabar:

648 2165 811 2231 Germine
846 2186 964 2251 nempe
993 2187 1067 2230 meo
1099 2173 1313 2231 concrescunt
1342 2168 1481 2252 pignora
1514 2166 1633 2230 saeclis

645 2268 760 2333 Noxia
788 2271 916 2355 peccati
946 2270 1012 2335 late
1047 2291 1107 2355 per
1134 2270 1247 2334 limina
1276 2269 1398 2352 mnndi,

646 2373 704 2438 Ob
737 2374 824 2459 qnod
854 2396 984 2462 semper
1012 2375 1133 2439 amavit
1161 2397 1213 2441 me
1248 2375 1445 2442 Germanica
1477 2376 1586 2456 tellus,

645 2477 790 2542 Rustica
818 2500 902 2563 gens
934 2478 1102 2543 hominum
1133 2477 1315 2543 Selaforum
1345 2485 1379 2544 et
1409 2477 1543 2564 Scythia
1571 2478 1686 2544 dura¹.

556 2599 580 2636 ‘2
647 2580 784 2645 Adsum
814 2581 841 2644 si
869 2589 979 2667 gnate,
1003 2582 1133 2667 genitor
1160 2603 1225 2646 non
1257 2582 1379 2667 gaudet
1409 2583 1441 2647 iu
1469 2583 1537 2648 illo.

646 2683 731 2749 Non
761 2685 887 2750 caelum
917 2692 1098 2764 terramve,
1130 2687 1229 2750 maris
1257 2707 1322 2749 non
1351 2708 1495 2770 aequora
1528 2685 1615 2750 salsa

647 2786 853 2850 Tranantem
883 2787 986 2852 solem
1020 2795 1053 2851 et
1085 2788 1213 2869 lunam,
1250 2809 1315 2852 non
1349 2787 1457 2852 sidera
1485 2809 1584 2874 supra

620 2951 621 2954 ,
647 2890 756 2975 Ignea
783 2891 1007 2975 contemplans
1039 2912 1178 2976 quaero,
1215 2892 1287 2976 quis
1317 2891 1474 2956 conderet
1503 2897 1627 2956 auctor.

647 2993 762 3056 Altrix
792 3013 845 3058 me
876 3014 1052 3078 numquam
1086 2993 1213 3074 docuit,
1247 2995 1409 3079 sapientia
1436 2994 1513 3080 qnid
1543 2995 1596 3059 sit.

647 3098 768 3160 Altera
797 3096 958 3161 sordidior
986 3099 1106 3163 saeclis
1138 3119 1203 3162 non
1231 3099 1374 3163 cernitur
1403 3119 1551 3184 usquam.

647 3199 781 3265 Idcirco
813 3202 951 3266 invisam
981 3202 1103 3267 vocitat
1135 3223 1188 3266 me
1218 3202 1339 3267 Gracia
1368 3201 1521 3289 prudens,

647 3303 786 3368 Tetrica
814 3305 900 3390 quod
930 3326 1106 3391 numquam
1139 3307 1247 3370 vitans
1281 3306 1471 3392 peccamina
1502 3325 1589 3370 curo.

776 3519 919 3608 [VANA
948 3520 1132 3586 GLORIA.
1181 3517 1447 3607 IACTANTIA]

648 3643 838 3709 Versieolor
867 3642 958 3707 varie
988 3643 1131 3727 migrans
1164 3663 1223 3728 per
1258 3642 1390 3707 saecula
1416 3642 1530 3724 lustro,

650 3747 803 3811 Auribus
830 3754 928 3831 atque
958 3746 1062 3810 oculis
1093 3746 1240 3810 serviens
1268 3767 1328 3831 per
1356 3745 1453 3810 devia
1482 3745 1575 3810 duco.
1669 3775 1694 3800 n

574 3870 599 3906 'v
651 3851 681 3914 N
689 3871 730 3915 ou
757 3871 823 3914 una
851 3849 979 3935 speeie,
1013 3849 1104 3913 varia
1133 3849 1191 3914 sed
1219 3849 1362 3934 imagine
1392 3848 1479 3930 ludo,

647 3953 735 4019 Auri
764 3954 915 4018 flaventis
946 3954 1068 4039 passim
1095 3954 1288 4038 argentique
1322 3953 1473 4018 micantis

650 4057 877 4123 Gemmiferas
909 4057 1047 4142 species,
1077 4056 1256 4138 ultimant,
1280 4056 1472 4121 mortalibus
1496 4062 1582 4142 apto,

648 4162 803 4227 Lucillus
831 4169 868 4225 ut
893 4161 1030 4247 perdant
1058 4169 1217 4227 venturae
1245 4162 1392 4248 praemia
1420 4162 1517 4227 vitae.

649 4267 839 4350 Omnigeno
870 4265 991 4350 iugiter
1018 4266 1173 4330 mortales
1201 4266 1330 4351 agmine
1361 4270 1470 4330 vasto:
1546 4305 1553 4315 ,

562 4387 566 4396 ·
652 4369 842 4455 Rurigenas
866 4369 990 4434 animas
1013 4368 1155 4455 perdens
1179 4390 1239 4455 per
1260 4370 1397 4434 vulnera
1420 4375 1543 4448 sterno,

650 4473 801 4538 Ineautis
831 4494 962 4558 semper
988 4461 1197 4538 furtim‘mea
1220 4474 1345 4558 spicula
1367 4473 1471 4537 mitto.

648 4577 740 4643 Arte
768 4599 841 4642 mea
872 4576 1013 4663 perdunt
1043 4577 1138 4640 multi
1164 4577 1219 4662 pia
1249 4576 1337 4641 facta
1365 4577 1498 4657 laboris,

649 4681 819 4747 Ieiunium
847 4681 983 4768 pariter,
1019 4680 1178 4744 solamina
1205 4687 1238 4744 et
1265 4679 1421 4766 pauperis
1455 4678 1556 4764 aegri.

404 4877 410 4884 ¹
443 4879 449 4882 ·
467 4879 497 4884 -·
514 4879 562 4884 --—
577 4880 657 4885 —-—-—
676 4880 684 4884 -
707 4879 761 4884 -ι---
788 4879 839 4884 -u-
856 4877 1123 4884 ---—-------—-
1138 4878 1176 4882 —--
1190 4877 1391 4882 —v—*u—--—--—·
1404 4876 1470 4881 ----
1486 4876 1505 4880 Ὶ--
1521 4876 1539 4880 —-
1555 4875 1835 4885 ----.-..-.—..-...

403 5012 415 5078 ΙΙ
435 5013 474 5063 De
491 5013 588 5064 inuidia
607 5013 633 5076 0,
657 5014 759 5065 Inuidia
776 5012 803 5062 Ε
913 5009 965 5062 310
983 5011 1031 5062 sim
1049 5029 1116 5062 corr.
1134 5029 1192 5062 sum
1205 5011 1232 5061 Ε
1341 5007 1391 5060 311
1411 5011 1549 5062 lactorisU
1658 5007 1713 5063 312
1731 5019 1793 5064 tuuc
1811 5011 1951 5063 incautae

288 5095 340 5149 313
357 5107 412 5149 orto
439 5097 461 5149 0
570 5095 622 5149 314
645 5100 783 5166 aspicerem
812 5099 833 5148 C'
942 5096 994 5149 316
1017 5099 1139 5150 frenando
1163 5097 1191 5147 Ε
1300 5094 1350 5147 317
1375 5099 1483 5164 Propter
1505 5099 1632 5149 uirtutum
1651 5098 1673 5149 0
1782 5095 1835 5149 318
1857 5099 1905 5149 sim
1930 5098 1953 5148 C

288 5181 340 5234 319
357 5187 478 5236 Tartareo
498 5184 520 5234 O
585 5186 669 5236 saecla
687 5202 787 5236 ueneno
808 5184 830 5234 G
941 5183 952 5247 ll
971 5186 1010 5236 De
1028 5185 1172 5251 ignorantia
1193 5184 1219 5248 C,
1239 5185 1385 5250 Ignorantia
1404 5183 1432 5233 Ε
1532 5181 1585 5236 321
1603 5183 1718 5252 pignora]
1739 5186 1782 5236 uel
1800 5185 1954 5252 ponderaC

288 5268 341 5320 325
359 5271 447 5321 Adaim
467 5271 490 5320 0
554 5269 641 5337 grute]
661 5272 714 5322 lilio
734 5271 757 5320 0
865 5266 915 5320 321
934 5269 1098 5336 Tranantam]
1121 5279 1265 5321 currentem
1289 5269 1310 5320 0
1417 5267 1469 5321 328
1492 5271 1604 5322 condidit
1628 5271 1651 5321 (J
1751 5267 1804 5322 329
1824 5272 1887 5338 quid
1908 5269 1949 5336 sit]

213 5397 218 5406 .
289 5357 342 5408 scil.
371 5358 424 5424 ipse
446 5364 535 5408 unctor
560 5357 582 5406 0
699 5354 750 5408 332
772 5359 901 5423 pecamina
923 5358 950 5407 Ε
1076 5358 1087 5422 ll
1109 5359 1147 5408 De
1169 5375 1236 5408 uuna
1257 5358 1338 5423 gloria
1361 5357 1393 5423 0,
1419 5358 1490 5408 Vana
1508 5357 1589 5424 gloria
1608 5356 1636 5406 Ε
1749 5353 1801 5408 333
1819 5358 1905 5408 variae
1926 5356 1953 5406 Ε

289 5439 340 5492 334
358 5458 446 5493 seruos
466 5443 488 5492 U
588 5441 640 5494 335
658 5445 715 5494 Non
733 5445 828 5494 etenim
846 5445 930 5510 specio
949 5442 1011 5509 [scil.
1031 5441 1054 5508 a]
1073 5461 1135 5494 uam
1153 5443 1197 5494 aed
1220 5445 1241 5494 0
1343 5440 1395 5494 336
1415 5444 1519 5495 fluentis
1538 5441 1565 5492 Ε
1662 5439 1713 5495 337
1731 5439 1799 5508 apto}
1817 5443 1912 5494 suadeo
1932 5443 1954 5492 0

289 5524 342 5577 342
359 5527 433 5578 multi
452 5527 560 5592 perdunt
580 5529 602 5577 U
702 5525 754 5578 343
772 5527 874 5594 pariter]
893 5531 947 5580 scil.
971 5537 997 5580 et
1017 5531 1038 5579 (κ’
1105 5537 1130 5580 et
1147 5547 1195 5579 oni.
1216 5529 1238 5578 0

395 5679 422 5744 l)
449 5677 487 5744 cs.
516 5678 659 5747 Bonifatii
686 5680 765 5750 epist.
793 5681 827 5734 62
855 5681 896 5735 ed.
924 5681 1005 5750 Iussi
1029 5698 1057 5751 p.
1086 5681 1149 5735 180:
1186 5697 1236 5734 nos
1265 5681 1338 5735 inter
1364 5682 1435 5737 ferras
1463 5685 1492 5737 et
1519 5683 1632 5750 ignaras
1659 5684 1757 5752 gentes
1787 5681 1952 5736 Germaniae

293 5780 462 5834 laborantes.
