4574 6442
769 413 994 467 EPI'FAPHIUM
1014 413 1124 482 PAULI
1143 412 1300 467 DIACONI.
1813 414 1853 474 85

238 589 266 652 7.
292 586 346 650 Sic
370 587 539 671 virginalis
563 587 693 651 vincula
716 593 918 673 permanent,
1058 566 1091 650 b.
1116 586 1189 649 Hoc
1213 588 1325 671 signat
1346 586 1437 649 aedis
1461 587 1559 650 ianua
1580 606 1644 648 non
1667 590 1794 668 pateus,

193 765 197 770 ‚
288 690 397 776 prodit
419 690 552 776 pudoris
576 690 651 754 dum
676 691 818 754 thalamo
842 695 975 776 potorrs;
1113 711 1210 773 quarn
1233 690 1323 753 celsa
1345 689 1428 753 ratis
1451 690 1533 752 visio
1556 687 1708 774 prodidit,

288 815 437 858 mansero
461 795 590 857 clausae
613 793 714 857 artius
737 801 774 857 ut
796 794 883 857 fores
1116 793 1178 856 soii
1201 791 1370 856 tremendo
1393 791 1507 876 pervia
1527 791 1667 876 principi

287 897 428 960 intrante
452 896 521 961 deo'
538 918 617 981 quas
642 918 716 960 sera
738 897 897 960 vinxerat.
1115 916 1269 959 mansura
1290 915 1409 980 nempe
1433 896 1545 959 clausa
1567 893 1787 980 perhenniter.

643 1055 672 1114 9.
697 1051 747 1114 Sit
771 1052 908 1115 trinitati
932 1052 1037 1135 gioria
1060 1051 1189 1126 unicae,

698 1155 810 1234 virtus,
833 1162 991 1241 potestaS,
1015 1175 1141 1218 summa
1163 1153 1312 1240 potentia

698 1279 834 1342 regnum
859 1265 1027 1323 retentans
1051 1279 1135 1343 quae
1159 1258 1241 1321 deus
1265 1278 1350 1320 unus
1371 1264 1422 1321 cst

701 1383 761 1446 per
783 1369 899 1426 cuneta
923 1383 1053 1447 semper
1076 1361 1208 1425 saecula
1231 1360 1363 1424 saeculi.
1410 1359 1527 1423 Arnen.

981 1827 1070 1891 LVI.

557 1971 956 2044 EPYTAPHYUM
991 1971 1163 2044 PAULI
1200 1964 1495 2047 DthONl¹)·

566 2122 750 2207 Perspicua
774 2125 896 2187 clarum
920 2122 1055 2186 nimium
1079 2143 1152 2185 curn
1176 2121 1262 2184 fama
1285 2143 1345 2205 per
1366 2141 1484 2183 aevum

475 2217 477 2220 ⁵
566 2227 671 2291 Astra
694 2229 790 2293 simul
813 2229 958 2292 iunctum
981 2235 1126 2313 pangant
1149 2233 1180 2290 te
1204 2225 1351 2290 caetibus
1375 2225 1484 2289 almis:

566 2330 755 2412 Veridicoa
779 2333 910 2413 locuta,
934 2338 1007 2396 tuos
1032 2332 1114 2416 quis,
1138 2351 1274 2403 summe,
1297 2329 1480 2415 triumphos

566 2434 741 2516 Lucifluis,
763 2437 878 2510 Paule,
900 2436 1023 2522 poterit
1045 2434 1239 2520 deprdmere
1261 2432 1379 2497 dietis?

565 2539 616 2604 Ut
639 2547 695 2605 tua
718 2541 776 2606 sod
799 2542 903 2607 lector
926 2563 1104 2628 properans
1127 2542 1191 2606 huc
1215 2547 1331 2605 noscat
1353 2547 1386 2604 et
1409 2540 1530 2624 hospes

566 2643 707 2709 Sacrata
729 2647 852 2710 tumulo
878 2646 1086 2730 requiescere
1109 2644 1256 2710 membra
1278 2643 1338 2707 sub
1365 2644 1439 2723 isto,

564 2747 704 2828 Laudis,
727 2748 876 2828 amande,
900 2755 976 2814 tuae
1001 2750 1186 2813 summatim
1209 2748 1352 2812 carmine
1376 2745 1475 2831 digno

565 2851 742 2916 Almificos
765 2861 857 2917 actus
881 2852 1016 2938 dignum
1040 2858 1090 2917 est
1113 2873 1260 2917 reserare
1284 2848 1442 2915 canendo.

564 2953 701 3018 Eximio
724 2956 845 3020 dudum
868 2956 1050 3020 Bardorum
1075 2962 1246 3020 stemmate
1269 2953 1389 3039 gentis,

567 3058 708 3123 Viribus
732 3067 829 3144 atque
858 3061 956 3124 armis
989 3081 1071 3144 quae
1095 3066 1171 3123 tunc
1194 3059 1377 3144 opibusque
1400 3079 1460 3143 per
1483 3057 1595 3121 orbern

562 3162 712 3246 Insignis
735 3163 852 3236 fuerat,
876 3163 1044 3248 sumpsisti
1068 3163 1200 3248 generis
1224 3168 1339 3227 ortum.

566 3266 654 3331 Tam
678 3266 786 3351 digna,
809 3276 993 3353 postquam,
1016 3266 1137 3331 nitidos
1160 3267 1216 3330 ubi
1240 3288 1318 3352 sepe
1342 3264 1499 3329 Timabus

563 3369 688 3433 Amnis
711 3370 959 3447 hebetemus,
983 3371 1114 3453 genitus
1138 3376 1173 3434 tu
1197 3371 1287 3455 prole
1311 3369 1412 3448 fuisti,

563 3471 688 3536 Divino
711 3473 867 3536 instinctu
890 3474 1010 3556 regalis
1033 3473 1181 3559 protinus
1204 3474 1280 3536 auia

497 3613 500 3630 2
565 3575 623 3639 Ob
647 3574 746 3638 decus
771 3575 936 3639 etlumen
958 3577 1084 3662 patriae
1108 3583 1141 3640 te
1165 3576 1305 3660 sumpsit
1327 3573 1490 3638 alendum.

565 3678 654 3742 Cum
677 3686 733 3741 tua
756 3671 974 3763 post'ibidem
998 3679 1127 3765 populis
1152 3685 1186 3742 et
1208 3677 1341 3761 regibus
1366 3677 1440 3740 altis

564 3783 662 3845 Tunc
685 3782 815 3867 placida
838 3784 963 3846 cunctis
986 3784 1052 3847 vita
1075 3782 1282 3866 studiumque
1306 3788 1469 3846 maneret:

565 3885 691 3948 Omnia
715 3884 849 3970 sophiae
874 3887 1011 3971 caepisti
1034 3885 1176 3950 culmina
1200 3906 1323 3962 sacrae,

564 3989 663 4074 Rege
687 3997 840 4053 monente
865 3990 918 4075 pio
942 3989 1087 4068 Ratchis,
1109 3996 1284 4075 penetrare
1308 3987 1471 4053 decenter.

483 4117 493 4150 r
564 4092 714 4155 Plurima
738 4100 906 4178 captasses
929 4091 1027 4178 digne
1051 4113 1124 4157 curn
1148 4091 1302 4176 dogmata
1324 4092 1427 4172 cuius,

563 4195 799 4280 Resplendeus
823 4203 958 4259 cunctos
984 4196 1112 4282 superis
1135 4203 1171 4260 ut
1193 4194 1323 4260 Foebus
1347 4195 1388 4260 ab
1412 4197 1524 4260 astris:

561 4300 710 4374 Arctoas
735 4299 832 4363 rutilo
857 4299 1019 4364 decorasti
1042 4300 1164 4364 lumine
1189 4307 1323 4383 gentes:

564 4403 613 4466 Et
637 4403 664 4466 si
687 4404 751 4466 iam
774 4403 910 4466 nimium
934 4403 1025 4467 fluidi
1049 4425 1121 4466 cum
1147 4403 1252 4485 gloria
1275 4403 1376 4466 saecli
1449 4423 1454 4432 ·

569 4505 753 4588 Condignis
776 4505 896 4569 ditaret
920 4528 1021 4570 ovans
1045 4513 1077 4570 tc
1102 4505 1216 4570 sedule
1240 4506 1344 4589 gazis:

481 4631 492 4666 2
563 4608 669 4671 Lucis
693 4607 733 4671 ob
757 4616 911 4673 aeternae
935 4610 1034 4673 vitam
1058 4610 1128 4674 sine
1151 4610 1215 4674 fine
1240 4608 1371 4673 beatam

563 4710 734 4775 Audacter
756 4712 909 4796 sprevisti
933 4712 1028 4776 huius
1052 4711 1189 4778 dovotus
1212 4712 1366 4788 honores,

389 4893 464 4898 ,..-
509 4893 517 4897 ,
529 4892 672 4896 ,-.-..
730 4892 736 4894 -
751 4891 874 4894 .———-.
925 4891 945 4896 .„.
959 4891 1155 4896 .-.ἡ-...,.-
1192 4892 1198 4894 -
1225 4893 1230 4898 ,
1248 4893 1255 4897 ,
1294 4894 1299 4897 ,
1324 4894 1337 4898 -
1380 4888 1742 4898 ——-————-·---——-·

299 5005 339 5071 't‘‚l
365 5011 420 5072 lieo
446 5009 489 5058 Va.
595 5007 637 5072 '12
661 5009 745 5075 prodis
768 5007 811 5056 l'r.
917 5005 959 5069 7,3
981 5009 1068 5058 elrruse
1093 5007 1137 5056 Vn.
1251 5005 1293 5070 'i‚4
1310 5010 1411 5060 dsrnunr
1430 5027 1494 5076 quas
1517 5008 1561 5058 Ur.
1638 5009 1787 5058 uiucxernni
1807 5007 1852 5056 Va.

195 5093 235 5156 82¹
257 5096 329 5156 hedis
346 5095 389 5144 Vn.
518 5094 559 5159 &A
579 5097 746 5162 perhenniter
762 5094 816 5154 Vra,
835 5095 952 5160 penniter
967 5093 1019 5157 lfa,
1039 5095 1203 5161 prehenditur
1215 5095 1267 5145 Mo.
1390 5094 1430 5160 al
1450 5096 1570 5147 trinitatis
1589 5094 1633 5143 Va.
1711 5095 1787 5144 unice
1811 5093 1855 5144 Ur.

194 5177 237 5242 ihi}
254 5182 298 5245 qui
317 5183 380 5231 ricus
399 5181 451 5231 4¹10.
555 5181 598 5244 9,4
616 5183 712 5233 sacculi
733 5201 781 5232 oni.
799 5181 853 5230 ,ua

265 5264 341 5330 [Lb'i]
378 5267 492 5317 Ithacorl.
514 5263 1201 5332 (festinante.XLer.s.‘286‹1eacr.Bethauna
1307 5265 1338 5317 12
1357 5269 1443 5334 Digna
1460 5267 1541 5319 estO
1625 5265 1658 5316 16
1677 5266 1770 5316 ibidem
1789 5285 1856 5317 corr.

196 5351 350 5414 Bethauna,
368 5354 472 5404 tihidern
490 5354 554 5416 cod,
572 5356 689 5406 Tihidem
709 5355 810 5404 Manis.
828 5352 899 5402 Μιιν.
1004 5349 1039 5402 20
1056 5352 1135 5417 digno
1155 5353 1177 5402 O
1279 5351 1313 5404 23
1331 5357 1368 5406 Eo
1386 5355 1468 5405 sinO

299 5519 324 5576 lt
346 5520 388 5586 Cf.
414 5519 540 5575 Clarorrie.
566 5523 696 5576 Srrlernit.
719 5537 741 5576 c.
759 5523 806 5576 37:
834 5522 863 5576 in
891 5521 1033 5591 paredicto
1061 5522 1228 5576 monasterio
1248 5564 1302 5583 ...,
1327 5523 1374 5576 uhi
1408 5524 1466 5592 ipse
1485 5523 1510 5576 b.
1530 5522 1696 5576 Benedictus
1723 5519 1856 5574 ‹leeuhuit

194 5625 341 5692 (l'auins),
369 5624 454 5693 digno
474 5626 581 5680 tornulo
601 5629 643 5678 est
661 5627 804 5690 humatus3
835 5629 920 5694 ahiae
939 5643 1021 5694 super
1044 5624 1103 5678 eius
1129 5627 1269 5679 tumulum
1293 5627 1395 5695 partim
1419 5647 1492 5696 quae
1515 5626 1545 5679 in
1569 5627 1620 5680 hoc
1639 5625 1742 5680 mundo
1760 5626 1856 5696 gessit,

195 5727 299 5796 partim
318 5728 352 5780 de
371 5729 430 5782 eius
449 5729 615 5798 prudenciis,
635 5747 725 5797 quove
745 5728 916 5799 temporibus
935 5727 1118 5799 perdurasset,
1137 5729 1221 5783 sacris
1239 5729 1342 5784 litteris
1360 5733 1504 5785 exaratum
1523 5729 1687 5784 invenimus.
