4988 6434
1244 432 1431 500 noninarss
1450 434 1625 488 CARMlNA.

1182 681 1423 770 [uenturas
1451 681 1668 772 nisenus]

965 819 1022 884 Ex
1048 819 1169 885 bibulis
1197 843 1327 907 semper
1355 821 1509 886 diuoseor
1540 823 1670 886 condito
1699 824 1820 906 buccis,

874 941 912 979 2⁸0
964 922 1128 988 Blandius
1157 924 1309 989 inliciens
1338 925 1447 1012 stultis
1478 947 1550 990 sum
1581 948 1657 990 uara
1682 927 1807 1012 virago.

963 1025 1072 1090 Rixas
1100 1028 1221 1091 irarum
1251 1028 1372 1113 ingiter
1400 1029 1558 1093 conturbo
1587 1030 1724 1108 feroces„

963 1129 1110 1214 Ignaros
1139 1132 1251 1195 oculos
1280 1139 1314 1196 et
1340 1132 1484 1217 linguam
1512 1132 1633 1197 famine
1664 1135 1755 1210 trioo,

963 1233 1012 1298 Et
1039 1233 1178 1320 pedibus
1208 1235 1318 1301 tardos
1348 1258 1479 1300 somnos
1509 1243 1543 1300 et
1572 1239 1697 1302 semina
1729 1237 1804 1302 dira·

962 1336 1053 1402 Toto
1077 1339 1238 1403 infirmato
1266 1340 1463 1405 mollescens
1494 1361 1630 1425 corpore
1659 1339 1762 1404 trado.

769 1451 773 1458 '
873 1459 911 1494 Μ
962 1440 1080 1507 Aurea
1110 1443 1290 1509 faustorum
1317 1445 1423 1529 fugiet
1450 1445 1613 1530 sapientia
1642 1445 1750 1530 longe,

965 1542 1152 1612 Stultorum
1180 1550 1304 1635 passim
1334 1550 1519 1634 persultant
1546 1547 1665 1633 gandia
1692 1570 1836 1613 meeum:

962 1646 1109 1714 Duleem
1137 1672 1268 1738 semper
1295 1660 1381 1716 amat
1411 1673 1463 1716 me
1494 1653 1540 1716 sic
1567 1653 1695 1716 luxoria
1725 1659 1861 1717 matrem
1874 1655 1894 1718 ¹.

962 1753 1001 1817 In
1035 1757 1160 1840 gremio
1190 1757 1278 1821 illius
1305 1757 1425 1842 iugiter
1454 1756 1630 1821 nutrimina
1657 1763 1762 1842 porto,

963 1857 1131 1924 Crudeles
1162 1862 1288 1926 animas
1316 1883 1417 1926 urens
1450 1883 1523 1925 eum
1547 1860 1688 1925 torribus
1716 1863 1806 1937 atria,

962 1961 1066 2028 Edita
1096 1966 1256 2051 stelligeri
1284 1972 1320 2030 ut
1353 1987 1419 2030 non
1448 1964 1606 2029 scandant
1633 1965 1774 2028 eulmina
1803 1967 1897 2044 caeli,

960 2064 1097 2130 Baratri
1125 2073 1277 2154 repetant
1307 2069 1486 2132 lustrantes
1514 2068 1580 2130 irna
1608 2067 1771 2152 profundi.

959 2169 1103 2234 Auferat
1131 2171 1282 2236 humanis
1314 2171 1396 2236 deus
1427 2172 1523 2235 istam
1552 2169 1715 2234 mentibus
1747 2170 1870 2255 ydram,

960 2270 1046 2337 Tale
1074 2274 1224 2340 homines
1254 2281 1290 2339 ut
1321 2297 1387 2340 non
1418 2281 1525 2339 vastet
1557 2296 1617 2360 per
1643 2276 1775 2339 saecula
1801 2281 1997 2339 monstrum!

1152 2501 1155 2508 ’
1247 2497 1472 2586 [nuxomn
1503 2496 1599 2584 Ain]

960 2636 1120 2722 Limpida
1155 2659 1242 2718 snm,
1277 2638 1383 2702 fateor
1393 2637 1416 2716 ²,
1450 2659 1548 2702 saeva
1576 2635 1634 2701 sed
1663 2634 1776 2700 fraude
1804 2636 1956 2721 maligna,

871 2755 892 2792 22
961 2739 1091 2803 Usibus
1120 2740 1269 2804 humanis
1296 2740 1402 2806 duleis
1432 2763 1493 2805 oen
1523 2740 1665 2805 nectaris
1694 2739 1831 2803 haustus
1843 2741 1865 2818 ³,

960 2842 1161 2908 Xristioolas
1191 2845 1314 2930 passim
1346 2844 1487 2930 perdens
1517 2866 1577 2930 per
1608 2850 1695 2908 tetra
1726 2864 1864 2907 venena.

961 2946 1086 3010 Omnia
1112 2949 1343 3034 pertemptabo
1374 2949 1517 3012 ardendo
1547 2949 1675 3012 visaera
1703 2946 1806 3011 febre.

960 3051 1155 3136 Rurioolam
1185 3073 1291 3116 rerum
1322 3073 1516 3137 quemqnam
1545 3053 1615 3116 sine
1646 3052 1780 3116 vulnere
1810 3051 1936 3135 linquo:

960 3155 1104 3241 Ignibus
1137 3157 1273 3222 internis
1301 3159 1425 3222 animas
1456 3157 1496 3221 ad
1525 3157 1663 3221 Tartara
1692 3156 1786 3236 duoo,

871 3289 882 3306 υ
961 3259 1078 3324 Aurea
1105 3260 1232 3324 luciferi
1261 3268 1297 3325 ut
1325 3283 1390 3326 nou
1420 3268 1552 3326 tranent
1584 3261 1726 3325 eulmina
1755 3259 1849 3324 caeli.

960 3361 1029 3428 Ars
1058 3385 1133 3428 mea
1160 3385 1308 3429 oscarum
1338 3372 1372 3430 et
1398 3365 1465 3429 vini
1493 3366 1669 3429 nutrimine
1701 3365 1831 3429 erescit.

959 3466 1088 3531 Infelix
1118 3469 1255 3533 mortale
1287 3481 1408 3553 genus,
1444 3469 1530 3555 quod
1558 3468 1665 3533 bestia
1696 3469 1771 3532 talis

959 3571 1099 3636 Tetrica
1125 3571 1298 3637 mulcendo
1328 3572 1428 3636 tradit
1455 3593 1515 3658 per
1543 3572 1681 3635 Tartara
1711 3571 1838 3634 mortis!

958 3673 1036 3740 Heu
1063 3675 1190 3757 miseri,
1225 3677 1342 3752 talem,
1377 3677 1552 3750 mortalem
1590 3663 1734 3760 speinite
1764 3677 1934 3759 gypsam‘,

869 3799 889 3808 ··
959 3782 1052 3857 Quae
1081 3803 1188 3846 mares
1218 3789 1408 3867 matresque
1439 3781 1536 3846 simul
1570 3780 1760 3867 disperdere
1790 3787 1939 3866 temptat.

957 3885 1087 3950 Pareite
1117 3893 1326 3971 sumptuosos
1355 3888 1460 3950 vietus
1490 3892 1523 3950 et
1554 3907 1684 3950 sumere
1714 3891 1821 3970 potus,

960 3990 1034 4062 Quo
1065 3989 1149 4053 solet
1177 3990 1332 4074 antiquus
1363 4012 1500 4076 serpens
1529 3990 1705 4053 nutrimine
1735 3989 1835 4074 passi,
1911 4031 1913 4034 -

958 4092 1022 4166 Qui
1054 4091 1216 4157 Sodomae
1251 4094 1404 4179 princeps
1435 4093 1596 4178 quondam
1625 4091 1701 4156 dum
1731 4113 1833 4176 regna
1861 4092 2026 4176 vigebant.

957 4196 1138 4282 Iguiiemm
1166 4197 1273 4281 rapuit
1301 4196 1377 4261 dum
1408 4197 1497 4262 eives
1525 4196 1663 4282 sulphur
1691 4194 1732 4259 ab
1757 4196 1860 4259 ethra.

707 4409 957 4416 ffl--—-.-
968 4407 1281 4414 *ma—m...
1292 4409 1459 4414 „m
1468 4409 1519 4414 -.-
1534 4409 1545 4412 -
1554 4407 1670 4413 ——nvr—
1679 4407 1706 4411 —
1716 4407 1743 4412 ¹—
1758 4406 2056 4413 ,...-—-.—.„-.-—...-....
2068 4406 2147 4412 --.—..

711 4563 722 4626 ll
742 4563 780 4616 De
798 4561 919 4612 ebrietate
934 4561 960 4624 0,
978 4561 1096 4610 Ebrietas
1109 4559 1135 4608 Ε
1236 4557 1289 4610 280
1306 4578 1337 4611 eu
1356 4560 1445 4612 liniens
1459 4559 1484 4609 P
1550 4561 1621 4610 stulti
1634 4558 1662 4608 Ε
1683 4613 1684 4618 ,
1728 4560 1790 4609 kara
1805 4559 1827 4608 (J
1927 4557 1979 4609 282
1997 4557 2068 4624 trica]
2086 4573 2220 4623 eorrunrpo
2236 4559 2259 4609 (l

595 4645 648 4699 283
666 4650 713 4699 Eet
732 4646 762 4713 P,
780 4651 865 4714 Atque
883 4647 996 4713 pedesO
1063 4645 1134 4695 tardo
1149 4645 1175 4709 t',
1193 4647 1287 4696 larodis
1307 4645 1331 4694 P
1398 4642 1581 4709 seminadnro]
1600 4645 1691 4696 claudo
1705 4647 1727 4694 t'
1826 4642 1878 4695 284
1890 4648 1955 4696 Tota
1972 4647 2099 4696 infirmata
2112 4645 2134 4694 (l
2199 4663 2255 4696 eor

595 4753 657 4800 pora
674 4734 733 4785 ΕΟ
800 4731 867 4798 lirxo]
886 4735 951 4784 facio
974 4734 997 4783 t'
1097 4727 1148 4780 286
1166 4733 1223 4782 stul
1242 4731 1267 4780 P
1334 4749 1436 4796 meeum
1454 4731 1480 4781 P
1586 4729 1931 4796 288111111singrem10P
2037 4728 2087 4782 289
2104 4731 2202 4780 aniruos
2221 4731 2255 4794 E,

595 4819 701 4886 animas]
715 4822 757 4872 uel
776 4839 804 4872 os
818 4821 841 4871 0
906 4837 999 4872 eureos
1017 4818 1043 4868 P
1110 4827 1178 4870 atros
1196 4837 1262 4870 corr.
1277 4821 1338 4870 atris
1355 4819 1377 4869 0
1481 4815 1533 4868 290
1548 4819 1621 4868 Edita
1631 4818 1663 4882 E,
1683 4815 1765 4882 Edita]
1780 4817 1884 4867 eelsaU
1984 4813 2033 4867 291
2049 4817 2098 4867 Sed
2111 4817 2224 4867 barathri
2236 4819 2259 4867 (l

595 4907 751 4973 repetuntE
851 4904 904 4957 292
923 4909 1045 4958 Aaulerat
1063 4905 1089 4954 P
1156 4907 1248 4971 ydrum
1262 4906 1291 4970 P,
1310 4903 1407 4972 ydram]
1427 4914 1570 4971 serpentem
1586 4907 1607 4950 t'
1692 4901 1743 4953 293
1761 4911 1863 4954 nastent
1883 4903 1908 4952 P
2021 4903 2032 4966 ΙΙ
2053 4905 2091 4953 De
2108 4903 2213 4954 luxuria
2226 4906 2254 4968 (¹,

595 4993 750 5045 Luxuriab'
842 4991 894 5044 294
911 4993 988 5045 setP
1090 4991 1141 5043 296
1162 5011 1209 5043 om.
1226 4995 1247 5043 C
1339 4990 1389 5044 297
1409 4993 1494 5043 febrae
1508 4991 1535 5040 Ε
1627 4987 1678 5040 298
1696 4990 1843 5040 Rurieularu
1858 4989 1885 5038 Ε
1939 5007 1995 5039 raro
2010 4989 2032 5038 (J
2121 4985 2256 5041 3001608-

596 5082 641 5130 l'eri
666 5079 691 5128 P
768 5087 877 5130 tractent
903 5081 925 5130 d
1037 5076 1087 5130 301
1113 5097 1249 5130 caenarunr
1278 5079 1312 5144 [id
1339 5089 1378 5130 est
1403 5074 1544 5140 aescaruml
1572 5085 1597 5128 et
1624 5074 1687 5139 uini]
1715 5077 1740 5125 id
1767 5087 1805 5126 est
1833 5084 1908 5142 potus
1940 5076 1962 5125 (J
2073 5072 2125 5124 302
2143 5076 2207 5126 tales
2232 5077 2259 5126 P

595 5163 645 5216 304
664 5165 811 5232 gypsumP
899 5164 950 5218 300
968 5177 1061 5218 matres
1074 5183 1206 5232 maresque
1220 5166 1249 5231 P,
1268 5175 1412 5232 matresque
1425 5179 1558 5228 turresque
1574 5163 1596 5212 o*
1645 5169 1769 5228 temptant
1782 5161 1807 5210 P
1897 5159 1949 5212 306
1962 5163 2219 5213 ninneton-euictus
2232 5163 2258 5211 P

594 5247 645 5301 307
664 5253 732 5318 pasci
756 5253 895 5303 nutrimine
917 5271 1020 5320 serpens
1041 5257 1061 5303 U
1176 5250 1227 5302 308
1245 5253 1373 5319 quondum
1396 5253 1446 5302 suit
1464 5249 1532 5310 PE,
1555 5249 1683 5314 quondam
1708 5266 1756 5298 om.
1777 5249 1799 5298 t!
1875 5249 1924 5298 l'uit
1946 5256 1972 5297 at
1992 5249 2014 5296 C
2088 5245 2175 5313 regna]
2199 5251 2253 5300 soil.

595 5338 711 5388 sodonme
732 5337 755 5388 0
820 5339 916 5389 fiebant
934 5340 971 5403 Ε,
990 5341 1107 5406 peribant
1126 5339 1149 5388 C
1254 5336 1305 5388 309
1323 5348 1386 5389 tune
1404 5339 1474 5388 ciues
1494 5338 1517 5386 t‘
1582 5336 1666 5385 sull'ur
1686 5334 1715 5398 P,
1734 5335 1822 5401 fulgur
1842 5335 1864 5384 0
1964 5330 2100 5385 310-357
2113 5351 2161 5384 our.
2172 5333 2202 5384 Ρ.

698 5543 724 5608 1)
743 5541 847 5610 Eptes.
866 5543 891 5606 5,
905 5544 938 5596 18
963 5543 1052 5598 nolite
1077 5542 1210 5597 inebriari
1228 5542 1308 5606 vino,
1332 5543 1362 5595 iu
1386 5558 1440 5610 quo
1465 5543 1507 5594 est
1531 5537 1650 5592 luxuria.
1741 5540 1769 5606 2)
1788 5539 1926 5593 Aldlrelmi
1947 5556 2007 5594 aea.
2026 5539 2254 5594 recreatum

596 5643 725 5713 bimpida
752 5663 813 5698 sum
841 5646 931 5700 fateor
957 5647 1068 5702 Titanis
1097 5645 1197 5700 clarior
1224 5643 1298 5698 orbe.
1385 5645 1413 5710 3)
1440 5643 1477 5696 ib.
1502 5658 1527 5694 v:
1550 5642 1581 5693 31
1611 5639 1724 5694 Dulcior
1751 5641 1780 5693 in
1804 5641 1901 5711 palato
1925 5659 2009 5710 quom
2037 5640 2105 5694 lenti
2133 5642 2253 5694 nectaris

595 5748 718 5801 haustus.
787 5750 815 5810 4)
837 5749 879 5816 Cf.
900 5765 987 5818 supra
1005 5768 1030 5805 o.
1050 5751 1108 5805 130.
