4694 6428
1170 444 1319 500 ALCUINI
1337 447 1511 501 CARMINA.

781 638 830 675 nos
888 618 1035 703 Postque
1059 618 1130 684 dies
1153 627 1279 706 septem
1303 622 1459 686 transacti
1482 622 1638 708 temporis
1662 623 1752 685 illum

888 721 1038 785 Iusserat
1060 720 1187 802 adduci,
1211 730 1397 810 mutamque
1421 724 1594 790 ostendere
1617 726 1778 810 linguam余

889 823 950 888 Oui
973 825 1079 890 crucis
1102 827 1269 912 impressit
1292 836 1425 894 sanctae
1449 829 1608 914 signando
1631 831 1776 914 figuram,

887 927 998 1013 Atque
1021 927 1077 992 diu
1099 931 1232 994 tacitam
1255 931 1353 996 iussit
1374 934 1520 1018 proferre
1543 933 1717 1018 loquelam.

890 1029 954 1103 Qui
977 1030 1063 1096 dicto
1087 1032 1183 1096 citius
1207 1033 1310 1118 patris
1334 1041 1509 1121 praecepta
1533 1042 1675 1114 secutus,

891 1131 957 1196 Ore
979 1134 1118 1220 loquens
1141 1143 1290 1222 prompto
1313 1138 1474 1202 taciturna
1497 1138 1627 1202 silentia
1647 1138 1745 1224 rupit,

888 1234 932 1300 Et
955 1237 1052 1323 pleno
1076 1247 1127 1304 est
1149 1240 1282 1326 penitus
1306 1247 1414 1305 mutus
1438 1263 1586 1306 sermone
1609 1243 1746 1322 locutus,

888 1337 997 1425 Atque
1021 1341 1074 1406 die
1097 1347 1167 1406 tota
1189 1342 1312 1428 pariter
1334 1364 1406 1408 cum
1429 1350 1524 1410 nocte
1550 1345 1699 1429 sequenti

888 1440 963 1506 Non
987 1444 1128 1508 cessavit
1151 1464 1251 1509 ovans
1273 1445 1381 1510 varias
1403 1446 1550 1533 proferre
1573 1447 1730 1531 loquelas,

888 1545 997 1632 Atque
1021 1569 1100 1614 suae
1123 1551 1241 1614 mentis
1266 1556 1410 1614 secretas
1433 1549 1577 1635 pandere
1600 1571 1730 1624 causas余

891 1649 936 1714 Et
958 1673 1032 1716 cum
1054 1673 1136 1717 voce
1160 1653 1243 1718 cutis
1266 1655 1389 1739 pariter
1411 1654 1475 1717 iam
1493 1675 1573 1717 sana
1596 1673 1727 1717 reversa
1749 1659 1810 1729 est,

888 1754 1147 1841 Reddunturque
1170 1757 1247 1820 nori
1270 1757 1411 1842 crispato
1436 1757 1525 1822 crine
1548 1757 1668 1842 capilli,

887 1857 1093 1942 Pulehcrque
1117 1865 1169 1922 est
1192 1859 1318 1923 iuvenis
1342 1860 1458 1938 factus,
1481 1866 1714 1944 promptusque
1738 1859 1876 1942 loquela.

889 1960 1008 2046 Sicque
1031 1960 1164 2025 domurn
1187 1962 1351 2047 propriam
1374 1960 1520 2046 gaudens
1543 1969 1676 2026 sanatus
1692 1960 1813 2026 adibat.

888 2063 959 2129 Nec
983 2065 1172 2130 meminisse
1194 2064 1282 2130 aliud
1305 2065 1416 2131 taedet
1438 2065 1601 2129 laudabile
1624 2066 1763 2149 signum.

890 2167 979 2232 Dum
1000 2168 1118 2232 lustrat
1140 2174 1252 2253 pastor
1275 2169 1366 2252 vigili
1389 2167 1548 2232 tutamine
1572 2166 1732 2242 mandras,

890 2270 1083 2335 Sanctarum
1106 2271 1196 2336 venit
1218 2271 1412 2335 famularum
1435 2271 1542 2335 visere
1566 2270 1690 2350 cellam,

889 2374 941 2438 De
965 2395 1101 2460 quarum
1125 2395 1261 2438 numero
1284 2374 1421 2440 recubat
1437 2373 1629 2458 virguncula
1643 2374 1812 2459 quaedam,

890 2477 987 2541 Vena
1010 2478 1062 2541 oui
1084 2499 1189 2562 nuper
1210 2477 1318 2542 medio
1342 2484 1394 2542 est
1416 2477 1519 2541 incisa
1541 2479 1674 2556 lacerto,

889 2581 933 2645 Et
955 2602 1070 2646 manus
1095 2579 1253 2666 obstipuit
1275 2581 1377 2644 nimio
1401 2587 1568 2645 crassante
1590 2587 1734 2655 tumore余

889 2684 979 2768 Ergo
1002 2683 1175 2748 videbatur
1197 2683 1292 2748 citius
1315 2683 1474 2774 moritura
1496 2683 1616 2768 puella.

890 2785 986 2851 Hanc
1010 2786 1067 2852 sed
1090 2787 1235 2850 restituit
1258 2786 1382 2852 domini
1404 2786 1522 2852 virtute
1547 2788 1644 2852 saluti

888 2889 1039 2954 Antiates
1063 2896 1206 2967 sanctus,
1232 2890 1287 2974 qui
1310 2895 1409 2968 tecta,
1432 2909 1452 2952 a
1474 2895 1577 2954 matre
1599 2897 1744 2974 rogatus,

890 2993 1033 3078 Virginis
1057 2993 1201 3057 intrabat
1222 2993 1443 3076 recubamque
1467 3013 1510 3056 ex
1534 3013 1625 3056 more
1648 2993 1777 3072 salutat,

889 3097 998 3182 Atque
1022 3117 1137 3183 preces
1161 3096 1300 3161 lundens
1323 3095 1434 3159 manui
1452 3095 1669 3161 benedixerat
1684 3117 1814 3180 aegrae.

891 3199 1034 3264 Invaluit
1057 3199 1167 3263 statim
1190 3199 1338 3283 fugiente
1361 3197 1473 3263 dolore
1496 3199 1616 3284 puella,

890 3302 994 3386 Inque
1017 3300 1150 3366 modum
1173 3302 1291 3366 mirum
1314 3307 1383 3364 toto
1406 3300 1447 3365 de
1471 3321 1606 3387 corpore
1630 3307 1699 3365 tota

891 3406 973 3470 (lum
996 3407 1155 3472 redeunte
1179 3406 1266 3470 foras
1290 3406 1430 3471 secessit
1451 3404 1604 3491 praesule
1627 3404 1740 3490 pestis.

887 3508 1042 3574 Protinus
1066 3509 1242 3574 altithrono
1266 3508 1393 3591 magnis
1417 3513 1530 3593 erepta
1554 3505 1698 3592 periclis,

888 3612 993 3696 Virgo
1016 3613 1104 3678 canit
1126 3612 1241 3678 laudes
1264 3612 1385 3675 multos
1408 3611 1534 3675 victura
1556 3629 1615 3694 per
1637 3630 1750 3674 annos.

932 3714 1019 3780 Huic
1041 3714 1130 3780 aliud
1154 3715 1252 3778 simili
1276 3713 1434 3778 successit
1455 3713 1489 3776 in
1513 3711 1624 3776 ordine
1648 3711 1786 3796 signum.

887 3816 976 3881 Ecce
1001 3838 1110 3883 comes
1134 3816 1266 3902 quidam
1289 3812 1511 3878 venerandum
1537 3812 1608 3876 iure
1631 3811 1813 3876 Iohannem

889 3918 1051 4000 Advocat,
1074 3919 1237 3984 ecclesiae
1260 3915 1392 3981 domino
1415 3917 1470 4000 qui
1494 3921 1582 3979 tecta
1604 3913 1737 3994 dicaret,

889 4020 983 4084 Uxor
1005 4027 1076 4086 erat
1099 4022 1191 4086 cuius
1215 4020 1326 4084 multis
1350 4017 1477 4082 infirma
1499 4016 1625 4097 diebus,

890 4121 1114 4208 Quadraginta
1136 4126 1247 4188 iacens
1270 4128 1384 4187 noctes
1407 4121 1565 4207 depressa
1587 4119 1709 4201 dolore,

889 4224 1021 4309 Algida,
1044 4247 1105 4291 nec
1128 4226 1230 4290 valuit
1253 4246 1328 4289 sese
1351 4225 1498 4288 relevare
1522 4222 1637 4296 cubili余

888 4325 1011 4390 Luride
1033 4326 1086 4390 cui
1107 4325 1236 4412 gelidus
1258 4327 1363 4412 pallor
1385 4331 1595 4410 praetexerat
1616 4345 1683 4404 ora,

886 4426 1030 4492 Naribus
1053 4429 1189 4494 alternis
1212 4429 1323 4493 tenuis
1344 4428 1400 4492 vix
1422 4428 1523 4492 flabat
1545 4426 1692 4492 anhelus.

887 4529 975 4594 Huic
995 4531 1071 4616 pius
1094 4532 1233 4596 antistes
1256 4529 1464 4595 benedictam
1486 4530 1622 4594 miserat
1644 4527 1776 4610 undam,

888 4631 962 4705 Qua
983 4635 1073 4721 prius
1097 4636 1273 4699 ecclesiam
1297 4633 1429 4698 domino
1453 4639 1639 4698 sacraverat
1662 4633 1760 4713 illam,

889 4735 936 4800 Ut
957 4743 1088 4821 potaret
1111 4759 1183 4803 eam
1207 4735 1475 4822 atquedolentia
1497 4733 1643 4800 membra
1664 4735 1783 4799 liniret.

890 4838 987 4913 Quod
1009 4839 1086 4904 dum
1109 4841 1254 4918 lecisset,
1278 4839 1427 4923 sequitur
1448 4836 1612 4902 medicina
1634 4857 1693 4921 per
1715 4845 1814 4917 artus,

887 4940 997 5025 Atque
1021 4941 1189 5008 salutifero
1212 4941 1318 5006 morbi
1340 4940 1468 5026 periere
1492 4939 1552 5004 sub
1576 4938 1704 5016 haustu,

887 5044 990 5108 Venit
1012 5053 1046 5110 et
1068 5051 1199 5130 optatae
1223 5045 1326 5108 virtus
1350 5064 1508 5107 concessa
1530 5040 1656 5118 salutis,

890 5146 1003 5231 Surgit
1025 5154 1059 5211 et
1081 5167 1099 5210 e
1122 5153 1224 5228 strato
1249 5146 1359 5211 statim
1382 5152 1459 5210 tuno
1482 5145 1604 5210 femina
1627 5164 1753 5228 sospes,

782 5271 832 5308 nse
887 5249 998 5334 Atque
1022 5249 1184 5314 sacerdoti
1207 5248 1372 5314 renovatis
1395 5248 1519 5312 viribus
1542 5247 1626 5310 almo

891 5350 1016 5415 Pocula
1037 5348 1197 5437 deportat,
1221 5351 1410 5434 cunctisque
1433 5350 1572 5436 impigra
1593 5347 1765 5428 ministrat,

889 5449 1048 5515 Reddidit
1070 5461 1168 5537 atque
1192 5452 1254 5518 deo
1277 5454 1409 5540 proprio
1434 5474 1507 5518 cum
1531 5451 1669 5535 coniuge
1692 5455 1814 5534 grates.

1737 5610 1798 5615 .-.
1803 5611 1839 5615 .,-
1883 5611 1900 5614 -
1909 5607 1996 5614 -,..-,
2067 5615 2082 5620 .-

627 5701 696 5758 1122
713 5711 835 5778 quasdam
855 5709 920 5762 aare
1027 5708 1095 5762 1149
1114 5712 1206 5782 hospes
1229 5711 1302 5775 Gau,
1319 5727 1406 5780 sospes
1424 5710 1568 5764 entandcsit
1586 5708 1730 5760 frobenius
