4628 6428
316 420 555 479 INSCRIPTION
567 424 608 478 ES
628 424 803 481 LOCOItUM
822 427 1025 483 SACRORUII.
1062 431 1259 485 ΕΡΙΤΑΡΗΙΑ
1279 431 1438 492 FULRADI
1456 433 1502 486 ΕΤ
1521 434 1728 489 MAGINARII.
1782 441 1844 502 319

556 597 701 686 Corpore
725 599 911 666 Fulradus¹
933 604 1058 667 tumulo
1081 604 1259 688 requiescit
1281 605 1315 668 in
1338 605 1412 687 isto,
1736 613 1798 674 784

635 703 741 768 Notus
764 705 798 768 in
821 706 900 770 orbe
923 708 1048 792 procul,
1071 715 1184 772 noster
1206 709 1239 772 in
1263 710 1342 774 orbe
1365 717 1469 796 pater.

486 827 498 864 s
555 806 702 891 Inclytus
725 808 787 873 iste
813 830 925 874 sacrae
948 810 1055 875 fuerat
1078 818 1253 896 custosque
1276 815 1432 898 capellae,

637 909 702 974 Hic
725 909 825 976 decus
849 914 1021 990 ecclesiae,
1044 922 1214 1000 promptus
1237 916 1271 979 in
1294 917 1543 983 omnebonum.

555 1013 647 1078 Haec
669 1013 785 1079 domus
808 1017 894 1081 alma
916 1016 971 1080 dei
993 1039 1112 1102 magno
1136 1025 1187 1082 est
1210 1026 1367 1085 renovata
1388 1021 1519 1104 decore,

635 1118 680 1183 Ut
703 1121 820 1198 cernis,
844 1121 958 1202 lector,
982 1127 1130 1207 tempore
1154 1123 1275 1209 quippe
1299 1145 1367 1189 suo.

554 1221 623 1286 Iste
645 1222 717 1307 pios
740 1229 850 1308 patres
873 1245 992 1309 magno
1016 1223 1133 1290 dilexit
1155 1247 1275 1306 amore,

474 1346 498 1384 ιο
634 1324 818 1411 Relliquias
842 1347 978 1412 quorum
1003 1327 1084 1393 haec
1107 1327 1223 1392 domus
1245 1331 1332 1395 alma
1355 1338 1455 1399 tenet.

559 1428 731 1494 Credimus
754 1429 875 1495 idcirco
900 1431 990 1496 caelo
1014 1432 1157 1496 societur
1178 1439 1215 1496 ut
1236 1433 1312 1514 illis,

633 1532 674 1597 In
696 1534 791 1598 terris
815 1535 970 1619 quoniam
994 1556 1125 1621 semper
1147 1537 1268 1601 amavit
1292 1559 1360 1602 eos.

1005 1769 1036 1812 111

554 1850 619 1915 Hic
642 1851 685 1915 sit
708 1850 768 1914 sub
790 1850 929 1936 pedibus
953 1852 1025 1933 tibi,
1048 1852 1217 1939 Maginare
1228 1855 1250 1934 ²,
1275 1856 1425 1940 magistri

634 1954 704 2017 Iam
728 1975 821 2018 sacra
842 1953 1014 2020 mundanis
1040 1959 1243 2043 temporibus
1267 1961 1408 2045 requies.

554 2055 602 2120 'Ie
626 2056 698 2142 pius
721 2056 778 2121 ille
801 2063 896 2143 pater
918 2059 1040 2124 teneris
1062 2061 1197 2125 nutrivit
1219 2061 1260 2125 ab
1284 2063 1388 2143 annis,

635 2158 686 2223 Tu
710 2181 838 2245 quoque
863 2181 1035 2226 successor
1059 2163 1129 2228 eius
1152 2163 1285 2228 honoris
1310 2187 1394 2230 eras.

487 2285 499 2320 s
554 2261 639 2341 Hoc,
661 2260 738 2341 heu,
761 2282 821 2347 per
844 2283 979 2347 parvum
1002 2265 1119 2329 rexisti
1142 2272 1271 2352 tempus
1296 2267 1392 2340 ovile,
1477 2275 1480 2280 ’

631 2364 784 2429 Floribus
807 2367 841 2429 in
866 2366 983 2432 mediis
1005 2388 1092 2432 mors
1115 2369 1202 2434 mala
1223 2377 1255 2434 te
1278 2371 1408 2435 tulerat.

556 2467 622 2534 Sed
646 2467 912 2554 quemchristus
936 2477 1033 2552 emat,
1057 2471 1105 2536 illi
1128 2493 1215 2537 mors
1239 2474 1329 2538 nulla
1351 2473 1497 2549 nocebit;

634 2570 716 2636 Post
739 2579 877 2637 mortem
901 2574 1018 2639 melius
1041 2575 1122 2640 vivit
1144 2577 1178 2641 in
1201 2597 1275 2640 arce
1298 2577 1377 2662 poli.

553 2673 700 2739 Moribus
723 2676 757 2739 in
781 2676 903 2740 sanctis
927 2685 1126 2765 quapropter
1147 2680 1248 2745 vivite
1272 2678 1414 2761 Christo,

473 2799 498 2836 10
635 2777 700 2851 Qui
721 2779 833 2863 legere
856 2779 938 2845 haec
962 2782 1061 2845 vultis
1085 2783 1229 2848 carmina
1251 2791 1373 2866 nostra,
1396 2805 1523 2870 precor.

554 2880 711 2964 Obsecro,
735 2904 853 2968 meque
877 2885 941 2969 piis
963 2886 1118 2970 precibus
1143 2887 1362 2953 commendite
1386 2887 1528 2966 Christo,

634 2985 680 3050 Ut
701 3007 831 3051 merear
853 2987 934 3051 civis
956 2989 1046 3053 urbis
1068 2989 1186 3055 adesse
1209 2989 1272 3055 dei.

952 3362 1076 3428 XCIII.

552 3463 618 3527 Hic
640 3464 736 3548 pueri
758 3463 886 3529 discant
910 3467 1049 3530 senioris
1073 3467 1114 3531 ab
1137 3488 1193 3531 ore
1216 3468 1376 3552 magistri,

633 3566 848 3652 Hymnidioas
871 3569 986 3634 laudes
1008 3577 1044 3634 ut
1067 3591 1222 3635 resonare
1246 3579 1377 3656 queant.

554 3670 672 3736 Auriat
695 3692 732 3735 os
756 3678 905 3735 tenerum
928 3673 1078 3760 lymphas
1102 3673 1220 3739 devote
1244 3675 1369 3755 salutis,

632 3774 759 3839 Forsan
781 3775 815 3839 in
838 3777 980 3840 ecclesia
1001 3798 1043 3841 ne
1067 3777 1164 3841 sileat
1187 3777 1307 3841 senior.

486 3902 498 3938 s
555 3877 639 3943 Sunt
661 3879 738 3942 anni
761 3879 914 3944 iuvenum
937 3880 1067 3945 habiles
1091 3879 1261 3946 addiscere
1285 3881 1491 3966 quicquams

633 3982 722 4047 Usus
745 3983 779 4047 in
802 3983 944 4069 antiquis
966 3984 1112 4070 postulat
1135 3985 1305 4064 ecclesiae,

553 4085 699 4152 Instruat
721 4087 754 4150 in
776 4087 892 4151 studiis
916 4089 1070 4153 iuvenum
1092 4089 1179 4154 bona
1202 4095 1351 4175 tempora
1373 4087 1497 4169 doctor,

633 4190 718 4255 Nam
742 4190 871 4275 fugiunt
893 4193 970 4256 anni
993 4213 1084 4257 more
1108 4193 1239 4257 fluentis
1262 4191 1401 4277 aquac³.

552 4293 689 4358 Annoso
710 4294 746 4357 in
770 4295 860 4358 silvis
884 4316 1023 4380 quercus
1046 4296 1102 4359 vix
1125 4296 1266 4360 flectitur
1287 4295 1465 4380 unquam⁴,

473 4420 496 4458 ιο
635 4396 701 4464 Sed
725 4397 846 4484 frangit
868 4398 1010 4464 hominis
1034 4398 1151 4464 dextra
1173 4400 1318 4486 potentis
1342 4421 1425 4465 com.

552 4501 637 4566 Nam
658 4523 720 4566 nec
744 4551 912 4567 ......
937 4504 1047 4567 senior
1068 4503 1178 4568 multis
1203 4502 1340 4568 adsueta
1363 4503 1486 4589 rapinis

637 4604 705 4671 Sub
728 4607 806 4691 iuga
828 4607 1015 4672 nullatenus
1039 4607 1136 4671 fortia
1159 4607 1243 4672 eolla
1265 4606 1366 4670 dabit.

553 4707 623 4773 Nec
646 4710 733 4774 bene
756 4731 895 4795 namque
918 4731 1022 4775 senex
1037 4712 1159 4796 poterit
1176 4711 1228 4775 vel
1246 4710 1387 4789 discere,
1410 4715 1585 4794 postquam
1695 4791 1698 4806 ¹

635 4814 798 4878 Tondenti
821 4816 855 4878 iu
879 4817 1037 4900 gremium
1062 4814 1202 4878 candida
1224 4813 1327 4878 barba
1349 4811 1445 4877 cadit.

749 4957 820 4962 .—-..
834 4957 952 4962 ——.-..
1102 4953 1364 4962 --—-—-——.-.....-

299 5037 310 5102 ΙΙ
334 5035 375 5106 [ιι]
398 5037 567 5107 bpustorque
583 5043 617 5106 Q,
647 5051 785 5108 custosque
812 5059 879 5091 corr.
897 5041 1027 5091 Modiiion
1053 5039 1133 5104 (Ana.
1155 5043 1188 5104 11,
1206 5037 1267 5102 969)
1416 5037 1428 5101 ΙΙ
1454 5034 1504 5103 [ιιι]
1528 5032 1545 5085 3
1566 5036 1614 5086 sub
1636 5052 1702 5085 corr.
1724 5035 1752 5084 io
1774 5036 1844 5097 abQ

190 5121 272 5176 Ssuis
285 5125 314 5188 Q,
332 5127 426 5176 sanctis
443 5126 497 5176 cod.
511 5125 643 5192 Rotispon.
662 5126 751 5190 (Frob.
770 5129 802 5190 II,
821 5123 883 5190 690)
987 5123 1021 5176 10
1038 5127 1101 5177 haec
1119 5144 1167 5178 ons.
1183 5125 1213 5188 Q,
1230 5125 1293 5176 odd.
1312 5125 1371 5175 liat.
1476 5120 1510 5174 12
1526 5123 1596 5172 cives
1614 5138 1681 5172 corr.
1699 5121 1727 5171 in
1745 5121 1844 5183 oivisQ

264 5206 371 5278 [XCIII]
389 5212 468 5262 edidit
482 5213 504 5274 Q
516 5230 545 5278 p.
564 5210 632 5262 1699
648 5230 674 5262 n.
693 5213 788 5262 CXXV
858 5209 875 5262 9
891 5213 1012 5263 Annosus
1029 5212 1102 5262 silvis
1117 5211 1152 5276 Q,
1170 5215 1275 5262 Annosa
1291 5213 1318 5262 in
1330 5211 1434 5276 Frobp.
1446 5206 1498 5260 211
1567 5205 1598 5260 ll
1618 5207 1689 5258 locria
1710 5216 1846 5274 comptem

190 5293 223 5346 13
235 5297 346 5348 ediscere
365 5314 410 5362 per
427 5315 503 5363 quom
518 5297 548 5362 Q,
566 5298 609 5348 uel
627 5299 724 5350 discere
745 5307 879 5365 postquam
893 5297 992 5364 Rotisp.
1013 5297 1101 5360 (Frod.
1121 5300 1153 5364 11,
1171 5297 1233 5362 619)
1321 5295 1355 5349 14
1367 5297 1526 5348 Tondentem
1537 5293 1566 5360 Q,
1586 5294 1713 5345 Tondenti
1723 5293 1782 5344 aas.

294 5449 319 5514 1)
338 5445 426 5502 abbas
435 5450 464 5502 S.
478 5449 614 5518 Dionysii
629 5453 654 5503 ei
671 5451 911 5520 arconapetloaos
930 5449 999 5504 obiit
1016 5467 1042 5503 a.
1056 5450 1114 5512 ass,
1134 5449 1170 5516 cs.
1183 5463 1247 5502 ono.
1258 5447 1451 5517 Mosellam,
1470 5443 1843 5510 Moseuao.784(ss.1‚3a,

190 5542 274 5606 XVI,
292 5543 368 5610 497),
387 5543 432 5597 die
450 5546 490 5597 16,
509 5544 580 5597 Iulii
596 5544 698 5599 menas
716 5544 945 5610 (Matrimonii).
1029 5547 1057 5612 2)
1078 5544 1171 5599 Caroli
1189 5543 1230 5596 M.
1248 5542 1422 5611 capellanus,
1449 5542 1499 5612 qai
1515 5539 1646 5595 coenobio
1663 5539 1691 5594 S.
1710 5539 1845 5610 Dionysii

186 5645 254 5708 post
274 5639 429 5694 Fulrodum
455 5637 542 5693 nobas
560 5639 723 5708 praefectos
746 5647 799 5705 cst,
824 5641 863 5710 cf.
881 5641 970 5695 Sictel
993 5643 1064 5693 Acta
1085 5639 1246 5693 Koralioor.
1265 5638 1291 5702 1,
1310 5637 1351 5690 77.
1455 5636 1483 5706 3)
1502 5635 1550 5691 Oc.
1570 5639 1630 5690 Art.
1650 5649 1702 5688 om.
1719 5632 1785 5698 ΙΙΙ,
1809 5633 1843 5686 62

191 5737 259 5789 eunt
276 5734 343 5790 anni
362 5749 437 5789 more
455 5733 567 5788 fluentis
585 5750 683 5802 aquae.
745 5736 773 5802 4)
794 5735 843 5790 οο.
862 5735 928 5789 Μει.
947 5731 1040 5796 ΧΙΙΙ,
1061 5731 1111 5784 199
1129 5730 1230 5786 Durior
1248 5746 1354 5785 annosa
1372 5746 1483 5800 quercu.
