4694 6428
630 407 768 469 VERSUS
786 411 833 470 DE
851 411 1001 473 SANCTIS
1020 413 1279 476 EUBORICENSIS
1298 417 1498 478 nontamen.
1826 429 1884 494 ¹87

650 589 758 673 Atque
782 591 890 676 aegris
914 591 1017 657 oculis
1040 601 1266 680 praestaverat
1289 597 1361 684 ipsa
1383 597 1555 663 medelam.

557 709 594 748 :ao
650 691 751 756 Istius
775 715 855 778 ergo
879 716 991 759 sacrae
1014 697 1201 782 praedictus
1223 699 1317 764 Beda
1338 703 1469 787 puellae
1685 705 1715 755 B.
1728 706 1748 755 Ι
1751 705 1779 768 V,
1788 718 1821 754 20·

650 795 688 859 In
712 797 843 861 laudem
866 799 945 862 fecit
967 802 1145 885 praeclaris
1167 804 1319 868 versibus
1343 804 1498 890 hymnum
1512 807 1534 884 ¹,

650 899 857 987 Quapropter
880 903 974 988 tetigi
997 907 1104 996 parcis
1127 906 1210 971 haee
1233 929 1337 993 pauca
1359 910 1491 980 libellis,

650 1003 773 1089 Utpote
797 1025 1055 1072 commemorans
1079 1011 1200 1074 veteris
1224 1011 1397 1096 proverbia
1419 1012 1512 1076 dicti:

650 1105 710 1170 ‘Tu
733 1128 774 1171 ne
797 1107 880 1172 forte
903 1109 990 1174 feras
1013 1111 1048 1174 in
1072 1113 1187 1176 silvam
1209 1114 1309 1198 ligna,
1334 1116 1483 1179 viator·².
1582 1167 1587 1178 .

554 1227 572 1264 v
650 1209 742 1272 Tunc
765 1231 894 1296 quoque
917 1212 1001 1277 forte
1025 1213 1086 1278 luit
1103 1215 1256 1300 quiddam
1271 1219 1484 1283 memorabile
1500 1224 1639 1302 gestum,
1685 1220 1824 1286 B.1V,22.

649 1312 798 1376 Aestima
822 1313 907 1398 qnod
930 1317 1041 1380 multis
1064 1317 1222 1402 prodesse
1240 1321 1433 1404 legentibus
1456 1323 1529 1394 ista,

649 1413 684 1477 Si
699 1421 811 1479 tamen
826 1416 907 1481 haec
932 1419 1104 1504 quisquam
1120 1422 1286 1507 reputabit
1307 1422 1408 1507 digna
1423 1423 1573 1507 legendo.

646 1516 819 1583 Extinctus
842 1521 930 1603 regis
952 1520 1053 1586 frater
1075 1522 1137 1586 luit
1159 1524 1322 1589 Aellvrine
1345 1526 1445 1608 bello,
1732 1529 1795 1590 679

647 1618 687 1683 In
709 1641 773 1704 quo
796 1622 891 1686 miles
914 1624 992 1687 item
1016 1625 1146 1710 quidam
1168 1636 1351 1714 prostratus
1375 1631 1409 1694 in
1431 1631 1530 1694 armis

553 1741 563 1777 v
646 1722 776 1787 Nobilis
799 1726 981 1804 occubuiti,
1006 1729 1129 1794 crudeli
1154 1739 1264 1816 strage
1285 1740 1485 1820 peremptus,

645 1826 883 1914 Exanimisque
906 1830 992 1895 diem
1016 1833 1109 1897 duxit
1132 1857 1204 1899 cum
1228 1845 1325 1901 nocte
1348 1841 1516 1924 sequenti3

646 1929 709 2003 Qui
733 1939 853 2012 tamen,
877 1935 1040 1999 extinctos
1057 1938 1166 2002 anima
1189 1938 1347 2005 redeunte
1369 1963 1430 2028 per
1452 1948 1552 2022 artus,

645 2031 806 2098 Redditus
830 2041 881 2098 est
903 2036 1004 2116 vitae,
1036 2043 1070 2102 et
1092 2046 1222 2125 sumpta
1243 2041 1365 2106 virtute
1387 2044 1571 2124 valescens,

646 2136 756 2220 Atque
781 2138 887 2222 ligans
912 2140 1045 2204 sibimet
1068 2142 1240 2207 refluentia
1261 2145 1408 2218 vulnera,
1431 2147 1517 2212 sesto

551 2259 561 2294 ῑ
649 2239 768 2326 Coepit
790 2242 881 2306 abire
903 2243 1017 2328 gradu,
1042 2245 1099 2310 sed
1118 2254 1232 2332 captus
1249 2249 1456 2333 ablhostibus
1472 2258 1570 2336 atque

644 2343 697 2407 Ad
721 2345 873 2409 comitem
896 2345 1058 2430 quendam
1081 2350 1205 2414 reflexo
1229 2359 1280 2416 est
1302 2354 1386 2417 ealle
1400 2353 1571 2428 reductum

580 2465 582 2471 ·
644 2448 703 2511 Cui
726 2469 835 2514 comes
858 2451 999 2514 instituit
1021 2450 1062 2516 de
1087 2473 1122 2517 se
1145 2475 1288 2532 narrare,
1312 2456 1385 2541 quis
1409 2464 1508 2521 esset.

643 2550 705 2614 Ille
729 2559 839 2616 tamen
862 2554 980 2618 metuit
1002 2556 1090 2619 clara
1113 2577 1149 2619 se
1173 2558 1275 2643 stirpe
1298 2559 1394 2624 fateri

642 2654 865 2738 Progenitum,
878 2655 1005 2721 dicens:
1028 2657 1169 2744 ‘Pauper
1184 2682 1256 2724 sum
1272 2667 1306 2726 et
1321 2665 1463 2728 rusticus
1475 2687 1569 2747 uuus,

644 2761 754 2845 Atque
777 2761 917 2825 maritali
939 2762 1090 2827 vivebam
1109 2764 1180 2827 iure
1203 2764 1344 2848 ligatus'.

644 2864 750 2937 Quem
773 2885 884 2930 comes
907 2867 1072 2952 accipiens
1095 2867 1200 2952 primo
1224 2889 1337 2932 curare
1361 2870 1497 2953 sategit;

643 2967 693 3030 Ne
716 2975 827 3032 tamen
850 2968 1033 3052 aufugeret,
1056 2970 1172 3034 vinciri
1195 2971 1299 3052 iussit,
1322 2978 1356 3035 at
1378 2973 1434 3036 illo

643 3071 770 3135 Vinciri
793 3093 957 3158 nunquam
980 3075 1096 3160 potuit,
1119 3095 1194 3138 nam
1218 3081 1335 3139 cuncta
1357 3077 1478 3140 resolvi

642 3175 784 3240 Vincula
808 3182 925 3262 sponte
950 3197 1009 3241 sua
1031 3176 1178 3240 mirando
1201 3197 1291 3242 moro
1315 3179 1474 3244 solebant.

644 3279 738 3345 Haec
761 3278 838 3344 dum
855 3279 1033 3344 cernebant
1054 3281 1246 3366 stupefactis
1263 3283 1428 3347 mentibus
1443 3284 1567 3366 hostes,

642 3383 777 3448 Artibus
801 3405 843 3449 ex
866 3384 1003 3468 magicis
1027 3405 1086 3448 seu
1110 3385 1240 3469 scriptis
1265 3405 1339 3450 esse
1363 3395 1528 3472 putantes,
1613 3437 1620 3474 ‚

643 3488 782 3574 Saepius
805 3485 971 3552 addebant
992 3487 1108 3572 priscis
1133 3508 1218 3551 nova
1241 3489 1371 3553 vincula
1394 3491 1520 3555 vinclis.

641 3591 715 3654 Hoc
738 3611 847 3655 comes
870 3590 1046 3653 ammirans
1070 3597 1199 3654 secrete
1223 3599 1383 3655 convocat
1405 3593 1508 3676 illum,

641 3694 684 3758 ut
707 3716 764 3758 cur
786 3714 851 3757 non
873 3700 987 3779 posset
1009 3694 1137 3768 vinciri,
1161 3694 1294 3780 inquirit
1317 3695 1358 3758 ab
1381 3696 1449 3776 illo,

552 3821 553 3824 ¹
641 3798 694 3861 An
716 3798 806 3882 prius
829 3802 886 3860 aut
908 3797 1052 3881 magicas
1077 3796 1246 3862 didicisset
1268 3799 1404 3863 forsitan
1426 3807 1537 3866 artes?

638 3900 745 3964 Nosse
768 3899 849 3964 nibil
872 3898 987 3964 studiis
1011 3921 1047 3964 se
1070 3921 1112 3965 ex
1135 3901 1255 3966 talibus
1277 3903 1332 3966 ille
1355 3902 1489 3967 latetur:

641 4003 712 4067 ‘Est
734 4004 814 4067 mihi
838 4002 897 4068 sed
919 4003 1042 4068 frater*
1064 4003 1175 4068 devoti
1198 4007 1362 4091 pectoris',
1386 4007 1500 4092 inquit,

640 4106 756 4181 ‘Quem
780 4108 848 4171 seio
871 4106 957 4192 quod
974 4106 1106 4172 Christo
1122 4129 1181 4194 pro
1199 4130 1251 4174 me
1268 4110 1440 4174 sollemnia
1456 4117 1566 4174 cantat

638 4209 824 4290 Missarum,
848 4212 1000 4296 quoniam
1022 4233 1128 4277 meme
1147 4220 1240 4298 putat
1256 4233 1330 4278 esse
1346 4220 1563 4300 peremptum.

640 4313 684 4378 Et
707 4313 735 4376 si
758 4313 841 4377 lorte
864 4314 1005 4378 animam
1029 4336 1114 4380 nune
1137 4316 1242 4380 altera'
1263 4317 1331 4380 vita
1354 4322 1493 4398 teneret,

638 4418 731 4482 Illius
754 4418 811 4480 illa
833 4438 949 4503 preces
971 4425 1106 4504 propter
1128 4419 1312 4504 missasque
1335 4419 1526 4504 trequentes

638 4521 768 4600 Libera,
791 4519 900 4601 credo,
923 4521 1018 4602 foret,
1042 4543 1230 4608 poenasque
1254 4520 1410 4587 evaderet
1431 4525 1567 4588 omnes'.

638 4625 730 4689 Tunc
753 4625 908 4710 cognovit
930 4645 1005 4688 eum
1028 4626 1195 4711 responsis
1218 4626 1274 4690 ille
1297 4626 1441 4710 receptis

639 4729 716 4794 Dux
740 4727 809 4792 lore
833 4729 1001 4813 praeclara
1023 4730 1171 4813 genitum
1194 4728 1236 4794 de
1256 4730 1359 4815 stirpe
1374 4735 1568 4816 parentum:

328 4907 713 4918 ————--·----.-
722 4907 832 4912 -..-...,-..
844 4905 992 4912 ———-—-..
1003 4905 1112 4911 ...-..-.-
1121 4907 1130 4911 ..
1148 4907 1170 4912 -,
1180 4907 1238 4912 .-.-......
1248 4907 1288 4912 ,.--
1298 4907 1420 4912 ..------.
1430 4907 1508 4912 ---....

322 5028 374 5080 814
392 5047 473 5080 meme
491 5031 591 5096 scripsit
616 5028 777 5081 Wottenbacb
795 5037 823 5078 nt
841 5029 914 5095 infra
931 5046 954 5080 o.
965 5027 1017 5080 898
1035 5030 1139 5095 lapiton·
1157 5047 1197 5080 me
1218 5030 1290 5080 date.

322 5219 349 5284 1)
367 5217 483 5272 Baetice
500 5218 616 5288 manus
635 5217 669 5270 de
681 5214 854 5284 Ediltliryda
872 5215 970 5284 sepino
982 5215 1089 5284 oirqine
1101 5214 1223 5268 inlibris
1236 5213 1434 5282 manuscriptis
1446 5213 1559 5282 saeptus
1571 5213 1699 5266 occurrit.
1736 5213 1873 5266 Atestinus

220 5323 280 5390 ipse
305 5323 404 5390 postea
421 5321 532 5374 Antoni
550 5319 759 5389 archiepiscopo
782 5317 858 5371 misit
883 5317 1016 5384 hymnum
1039 5333 1150 5385 quoque
1169 5316 1372 5370 nobilissimum
1397 5316 1521 5386 elegiaco
1539 5319 1627 5370 metro
1646 5315 1820 5386 conpositum
1838 5316 1873 5368 de

219 5423 340 5492 quadam
358 5423 456 5493 regina
476 5421 627 5490 ltdildryde
645 5421 757 5474 nomine
776 5421 890 5489 (epam
905 5436 935 5488 p.
946 5420 1015 5487 749).
1093 5419 1121 5487 2)
1142 5419 1210 5473 Hor.
1224 5419 1245 5472 I
1261 5421 1321 5472 Sat.
1335 5418 1376 5482 10,
1389 5419 1436 5472 34:
1455 5419 1487 5471 ln
1506 5419 1604 5472 silvam
1622 5437 1678 5473 non
1698 5419 1775 5488 ligna
1793 5421 1872 5475 seras.

220 5527 263 5595 Cf.
281 5526 396 5581 Alesiai
413 5528 491 5595 epist.
511 5527 542 5580 11
567 5526 693 5596 (p.163):
723 5527 819 5578 contra
837 5524 1060 5593 philosophicum
1080 5522 1255 5592 proverbium
1274 5522 1353 5591 ligna
1371 5521 1400 5575 in
1419 5521 1518 5574 silvam
1536 5523 1633 5580 ferens.
1652 5523 1804 5577 stillicidiis
1822 5525 1872 5578 llu-

218 5631 294 5686 minn
317 5631 457 5700 inriguam
484 5647 525 5700 ep.
538 5632 572 5684 83
596 5633 636 5700 (p.
649 5631 724 5696 363):
751 5629 851 5684 veteris
876 5629 1012 5682 inmemor
1030 5627 1168 5697 proverbii
1195 5631 1260 5680 ‘non
1277 5627 1347 5680 seres
1366 5626 1445 5696 ligna
1463 5626 1492 5680 in
1511 5623 1626 5677 silvam'.
1713 5627 1741 5696 3)
1760 5627 1873 5682 Irmrmm

217 5736 339 5806 appellat
358 5735 464 5788 Boeda.
533 5734 560 5800 l)
583 5734 681 5788 Tum
695 5731 843 5802 presbyter
861 5738 887 5786 et
904 5729 999 5786 abbas.

1613 5825 1664 5879 24*
