4612 6414
619 420 668 477 AD
687 423 940 480 HLUDOWICUM
959 427 1158 484 CAESAREM.
1195 431 1243 485 AD
1263 432 1513 490 PRUDENTIUM.

686 922 852 988 Albinus²
874 923 1028 1010 precibus
1051 929 1196 1012 postulet
1219 930 1291 1015 ipse
1314 930 1392 996 suis.

603 1025 650 1090 Ut
671 1024 754 1091 felix
775 1026 867 1090 vivas
891 1027 1045 1092 instantis
1068 1030 1199 1096 turbine
1222 1032 1344 1114 muudi,

686 1130 780 1196 Haec
802 1137 860 1195 tua
881 1130 1031 1217 deposcit
1054 1136 1190 1199 vernula
1212 1137 1309 1201 turba
1333 1136 1445 1215 deum3

535 1255 547 1290 s
605 1231 768 1320 Tempora
790 1240 865 1319 post
888 1235 989 1299 saecli
1012 1235 1168 1322 paradysi
1190 1239 1224 1301 in
1247 1239 1326 1304 sede
1350 1240 1476 1306 locatus

685 1336 836 1401 Praemia
859 1337 1031 1424 percipias,
1056 1360 1139 1425 quae
1163 1342 1234 1408 siue
1260 1343 1326 1407 fine
1350 1351 1493 1409 manent.

603 1439 691 1504 Huic
715 1440 888 1504 coniuncta
909 1442 979 1506 viro
1001 1441 1245 1528 hirmengardis,
1268 1445 1419 1512 amabilis
1441 1448 1546 1514 uxor³

688 1542 740 1606 Sis
763 1543 877 1628 regina
900 1545 1014 1610 valens
1038 1553 1167 1633 tempus
1191 1549 1225 1612 in
1248 1570 1343 1614 omne
1366 1550 1462 1632 bene,

604 1644 686 1710 Cum
709 1667 773 1732 quo
797 1649 998 1733 permultos
1021 1650 1114 1714 vivas
1137 1650 1278 1718 feliciter
1301 1675 1404 1720 anuos

692 1746 810 1834 Deque
833 1755 890 1813 tua
913 1750 1060 1815 sobolem
1084 1773 1219 1836 eernere
1242 1754 1335 1840 prole
1359 1778 1471 1842 queas.
1531 1741 1533 1752 ¹

602 1851 653 1916 Tu
675 1850 776 1916 decus
799 1873 819 1916 o
842 1853 946 1938 regni,
971 1854 1100 1941 imperii
1122 1855 1281 1922 fidissima
1303 1880 1455 1946 spesque,

687 1956 745 2021 Sat
766 1956 862 2036 bene,
886 1956 1066 2040 Hlotheri4,
1090 1960 1226 2044 pulcher
1248 1963 1409 2049 ephoebo,
1432 1964 1516 2030 vale.

603 2059 716 2144 Teque
739 2066 813 2125 tuos
837 2058 959 2125 Christi
982 2067 1093 2126 uectat
1116 2061 1248 2129 dilectio
1270 2065 1425 2148 fratres⁸,

688 2161 734 2227 Ut
756 2173 884 2227 vosmet
905 2163 1015 2227 nullus
1039 2164 1143 2229 hostis
1168 2166 1258 2234 adire
1283 2177 1391 2253 queat.

513 2317 514 2320 η
603 2265 657 2330 Sic
681 2266 795 2331 mundi
817 2287 954 2352 reguum
977 2267 1088 2332 mundi
1111 2271 1251 2336 teneatis
1275 2272 1308 2336 in
1330 2273 1428 2354 arvis,

685 2371 731 2435 Ut
753 2391 811 2434 vos
834 2376 909 2456 post
932 2378 1070 2436 mortem
1094 2393 1197 2458 regna
1219 2395 1361 2460 superna
1383 2375 1537 2444 habeant.

1548 1497 1556 1528 i

986 2813 1141 2879 LXXIX.

601 2955 715 3020 Carior
737 2955 771 3019 iu
795 2955 944 3020 cunctis⁶
966 2955 1115 3020 mihimet
1138 2956 1194 3040 qui
1216 2963 1345 3022 constat
1367 2959 1519 3041 alumnis,

681 3058 781 3122 Porto
805 3059 853 3122 illi
876 3057 974 3140 dulei,
999 3059 1133 3140 cartula,
1157 3056 1253 3126 dulce
1276 3060 1397 3136 melos;

598 3161 739 3226 Nomine
763 3161 818 3246 qui
841 3162 946 3248 patrio
970 3161 1084 3246 fulget,
1108 3164 1322 3248 praenomine
1345 3171 1473 3229 nostro:

686 3264 773 3329 Hine
796 3264 909 3329 rutilat
930 3263 1090 3346 Prudens,
1115 3265 1190 3330 inde
1214 3265 1354 3333 Galindo
1377 3268 1487 3333 nitetl.

604 3369 669 3444 Qui
693 3370 811 3434 merito
835 3369 934 3434 rebus
957 3369 1063 3436 radiat
1084 3369 1284 3436 Prudentius
1304 3372 1386 3460 ipsis

681 3471 846 3558 Perpetuo
870 3477 988 3554 certus,
1013 3477 1121 3536 certus
1143 3473 1265 3559 ubique
1287 3496 1378 3559 puer.

600 3576 683 3641 (lum
706 3598 766 3642 sua
788 3582 820 3642 te
843 3578 967 3642 teneris
990 3579 1138 3643 tractarit
1161 3576 1299 3644 dextera
1321 3579 1450 3665 palmis,

680 3678 844 3745 Continuo
866 3687 996 3747 nostros
1020 3681 1131 3767 profer
1153 3681 1194 3746 ab
1219 3702 1275 3747 ore
1300 3703 1408 3748 sonos.

600 3780 713 3847 Adde:
752 3781 857 3864 ‘Vale
880 3783 1002 3864 valeas,
1026 3788 1118 3869 optet
1140 3782 1192 3847 bis
1215 3783 1304 3848 mille
1328 3784 1462 3864 salutes,

688 3884 751 3959 Qui
776 3884 928 3949 dominus
950 3886 1110 3966 mihimet,
1135 3886 1189 3970 qui
1211 3892 1306 3973 pater
1331 3907 1409 3952 ecce
1433 3892 1519 3953 tuus.

600 3988 735 4053 Scilicet
757 3989 871 4074 exigui
893 3988 972 4053 fulsi
995 3990 1091 4054 modo
1116 3990 1263 4076 corporis
1287 3995 1395 4072 auctu,

680 4091 726 4156 At
746 4092 854 4156 minor
876 4091 1019 4177 iugenio,
1043 4093 1122 4157 artis
1146 4099 1180 4158 et
1203 4114 1265 4179 ope
1289 4093 1404 4159 minor.

598 4194 702 4280 Optat
725 4201 759 4259 et
781 4201 818 4259 ut
840 4195 963 4276 valeas,
986 4196 1091 4282 magis
1114 4201 1150 4260 ut
1173 4194 1363 4262 condiscere
1387 4202 1504 4278 certes,

682 4296 735 4376 Et,
759 4298 878 4362 mentis
902 4297 1006 4363 nitida
1029 4299 1095 4363 siut
1117 4299 1179 4364 tibi
1203 4320 1339 4382 summa,
1362 4307 1484 4364 monet.

303 4589 457 4660 [LXXVIII]
476 4593 530 4644 rinc
548 4591 619 4642 mico
635 4592 659 4642 Ο
675 4589 716 4657 (S.
738 4591 811 4643 Galli
828 4587 889 4655 899)
902 4608 931 4657 p.
950 4589 1001 4644 123
1107 4590 1141 4643 10
1158 4611 1238 4659 queas
1253 4595 1277 4644 0

305 4695 436 4764 [LXXIX]
455 4698 509 4749 siae
528 4697 599 4748 titulo
612 4695 646 4746 Η
652 4691 809 4762 fiac-51⁴
884 4692 899 4745 ‘l
919 4697 1002 4759 Quam
1020 4695 1117 4761 suaH,
1135 4714 1171 4748 oar
1184 4699 1267 4761 Quam
1279 4693 1348 4750 cito?
1422 4693 1454 4747 12
1472 4693 1644 4747 EtminorH
1712 4691 1745 4744 14
1756 4699 1842 4745 manet
1854 4689 1887 4743 H

337 4867 362 4934 l)
381 4866 491 4921 initium
503 4863 685 4918 desideratur.
755 4861 783 4931 2)
798 4863 918 4919 Sanctus
932 4865 979 4920 ille
990 4864 1124 4934 sortasse,
1142 4865 1188 4921 cui
1199 4837 1391 4920 monastirium
1403 4864 1435 4917 ia
1446 4861 1515 4918 arbe
1525 4862 1720 4934 Andeqoocusi
1730 4861 1885 4917 dedicatam

140 4971 141 4974 ’
232 4975 301 5035 mat,
318 4969 356 5038 cf.
374 4984 463 5037 supra
475 4966 606 5037 panon.
619 4968 643 5021 1.
696 4967 723 5034 3)
743 4965 906 5022 Hladcwics'
919 4967 976 5036 Pit,
992 4966 1026 5023 dc
1044 4969 1125 5024 coins
1143 4969 1219 5023 obito
1237 4969 1275 5038 cf.
1287 4969 1359 5040 Ano.
1373 4964 1515 5020 Eiahardi
1533 4983 1559 5020 a.
1572 4965 1624 5020 818
1641 4965 1710 5021 Cum
1723 4965 1884 5036 imperator,

232 5070 346 5126 dimisso
369 5070 505 5131 exercitu,
533 5069 696 5124 Andecavos
718 5069 862 5124 civitatem
886 5074 959 5126 esset
979 5088 1118 5137 reversus,
1148 5071 1330 5142 luningardis
1351 5069 1462 5140 regina,
1487 5068 1588 5124 coniux
1606 5067 1677 5132 eius,
1700 5085 1784 5138 quam
1802 5069 1883 5140 proli·

232 5173 336 5228 eiscens
354 5173 394 5227 ibi
412 5175 605 5243 aegrotantem
622 5172 778 5238 dimiserat,
796 5172 904 5228 duobus
921 5173 1020 5229 diebus
1038 5177 1186 5244 postquam
1205 5175 1266 5244 ipse
1284 5175 1321 5229 ad
1341 5190 1402 5228 eam
1421 5171 1511 5238 venit,
1530 5171 1626 5226 morbo
1643 5171 1831 5226 invalescente
1849 5171 1883 5226 V.

231 5277 326 5331 Nonas
345 5276 442 5331 Octob.
461 5275 587 5330 decessit.
662 5278 689 5346 4)
707 5278 764 5332 iam
780 5294 854 5333 uano
871 5279 922 5333 817
939 5279 1049 5349 imperii
1064 5280 1156 5336 socius
1173 5281 1347 5336 constitutur.
1418 5279 1446 5346 h)
1466 5275 1618 5347 Pippiaum
1635 5281 1660 5331 et
1679 5275 1883 5331 Hladoscicrau.

230 5371 258 5447 c)
288 5379 330 5449 Os.
349 5396 437 5451 supro
454 5398 482 5450 p.
500 5381 551 5434 519
568 5397 592 5434 v.
610 5383 651 5435 56.
730 5382 757 5450 7)
780 5382 823 5450 Cfi
843 5382 989 5438 Hincnors'
1006 5399 1072 5438 aaa.
1090 5385 1140 5439 861
1160 5384 1222 5454 [SS.
1244 5386 1268 5450 I,
1285 5381 1349 5451 455)
1368 5379 1488 5436 Galindo
1507 5382 1691 5466 cognomento
1708 5377 1884 5443 Prudentius,

231 5483 406 5538 Tricassinae
431 5483 554 5537 civitatis
580 5482 739 5554 episcopus,
767 5485 883 5540 natione
901 5487 1053 5556 Hispanus,
1081 5487 1207 5558 adprime
1228 5485 1331 5541 litteris
1351 5483 1476 5538 eruditus
1563 5481 1689 5538 moritur.
1728 5483 1803 5537 Eam
1820 5488 1884 5538 onte

231 5589 420 5656 episcopatum
443 5592 600 5656 susceptum
623 5589 654 5641 ia
674 5588 743 5642 nula
765 5587 871 5658 decess
894 5605 929 5644 en
951 5589 1147 5659 epistolarius
1168 5595 1243 5659 potet
1266 5587 1394 5657 (Roritrc
1412 5585 1528 5641 Reeues
1545 5585 1593 5641 des
1609 5586 1742 5656 formides
1755 5603 1785 5658 p.
1805 5587 1883 5654 1100)

230 5691 345 5758 repente
364 5689 411 5742 vix
430 5688 542 5742 tandem
561 5709 578 5745 a
600 5691 732 5760 palatinis
751 5692 883 5756 excubiis,
902 5692 1004 5762 quibus
1023 5693 1071 5748 diu
1091 5693 1223 5747 inservire
1242 5695 1354 5746 coaetus
1371 5691 1486 5755 lucram,
1504 5689 1657 5744 absolutus.

1626 5784 1681 5838 ts*
