4666 6406
1090 429 1297 484 THEODULFI
1316 431 1490 484 CARMINA.

834 602 908 676 Quo
932 603 1004 669 aine
1026 603 1120 668 nulla
1142 604 1212 688 geri
1234 603 1331 685 bona,
1354 625 1428 670 cum
1452 624 1515 690 quo
1537 603 1678 689 plurima
1698 612 1847 691 possunt,

916 706 1013 774 Velle
1039 715 1073 774 et
1094 728 1193 794 posse
1217 707 1297 771 mihi
1319 714 1355 771 tu
1378 706 1466 788 dato,
1489 727 1621 791 quaeso,
1643 706 1775 773 bonum.

765 884 777 921 s
835 860 917 927 (lum
940 867 973 928 te
996 863 1100 927 maior
1122 861 1200 944 adit,
1224 869 1290 928 stet
1311 863 1416 948 plebs,
1439 862 1500 927 tibi
1522 863 1629 928 iunior
1651 862 1747 944 adsit,

914 966 958 1031 Et
981 967 1231 1032 circumstantes
1254 966 1376 1032 lamine
1397 987 1497 1052 posce
1519 967 1585 1053 pio.

833 1069 883 1134 Sit
905 1070 967 1135 tibi
986 1092 1079 1136 mens
1102 1069 1245 1150 humilis,
1269 1068 1413 1156 prudens
1437 1091 1492 1134 cor
1514 1076 1548 1134 et
1570 1071 1655 1135 aetio
1679 1070 1809 1152 munda,

916 1174 1033 1239 Sessar
1055 1180 1089 1239 et
1110 1173 1247 1239 adsiduo
1270 1180 1380 1238 mente
1403 1160 1501 1238 tuere'
1519 1172 1626 1238 deum.

832 1329 988 1416 Quisquis
1012 1351 1047 1395 es
1070 1329 1124 1393 hie
1147 1327 1290 1409 adstans,
1314 1329 1480 1393 hominem
1503 1350 1545 1394 ne
1569 1328 1706 1396 detrahe
1730 1350 1936 1416 quemquam,

754 1455 778 1493 ιο
923 1432 1106 1499 Absentum
1130 1432 1230 1496 vitam
1252 1430 1362 1496 rodier
1384 1437 1436 1495 est
1458 1431 1610 1496 lacinus¹.

833 1537 963 1600 Parcite
987 1536 1042 1620 qui
1066 1536 1170 1615 statis,
1192 1533 1285 1597 vanis
1308 1533 1431 1598 instare
1453 1534 1605 1618 loquelis,

917 1639 968 1704 Ne
992 1660 1049 1703 vos
1073 1639 1128 1723 qui
1150 1635 1282 1715 residet,
1305 1643 1440 1702 censeat
1462 1637 1510 1700 ire
1533 1636 1632 1701 foras.

1227 2082 1351 2148 LXIII.

1097 2208 1253 2283 SUPER
1278 2207 1479 2282 IANUAM.

831 2342 1037 2429 Pauperibus
1060 2348 1181 2429 pateat,
1204 2342 1347 2426 praesul,
1371 2346 1427 2405 tua
1448 2341 1547 2405 ianua
1569 2361 1709 2428 semper,

916 2446 997 2511 (lum
1020 2446 1151 2510 miseris
1177 2443 1328 2509 Christus
1351 2445 1450 2509 intret
1473 2450 1507 2510 et
1528 2445 1599 2530 ipse
1623 2444 1729 2509 simul.

831 2549 949 2634 Deque
972 2551 1037 2614 tuis
1061 2549 1166 2635 epulis
1187 2557 1341 2635 pascatur
1362 2570 1489 2635 pauper
1510 2569 1645 2633 egenus,

912 2653 958 2717 Ut
981 2653 1119 2718 conviva
1142 2673 1242 2739 queas
1265 2653 1371 2718 lectus
1394 2651 1512 2717 adesse
1535 2650 1607 2716 deo.

1085 2862 1313 2869 ...ῃ-...ῆ-
1322 2861 1496 2868 ----..-

1224 3080 1345 3146 LXIV.

978 3205 1135 3280 SUPER
1163 3206 1578 3282 PROPINATORIUM.

829 3337 892 3411 Qui
915 3337 1031 3403 latices
1053 3336 1216 3423 quondam
1238 3338 1307 3402 vini
1330 3339 1490 3403 convertit
1512 3339 1545 3402 in
1568 3361 1674 3422 usum,

913 3439 957 3505 Et
979 3441 1079 3506 fontis
1104 3441 1249 3527 speciem
1271 3442 1351 3506 fecit
1372 3441 1493 3506 habere
1517 3442 1608 3524 meri,

828 3543 906 3629 Ipsa
929 3544 992 3629 piis
1015 3544 1167 3608 manibus
1190 3543 1364 3610 benedicat
1385 3545 1504 3630 pocula
1525 3553 1645 3626 nostra,

914 3645 957 3711 Et
978 3649 1099 3712 laetum
1122 3648 1221 3715 faciat
1242 3657 1371 3713 nosmet
1393 3648 1515 3714 habere
1539 3648 1635 3715 diem.

1235 4077 1338 4142 LXV.

944 4202 993 4276 m
1020 4202 1215 4276 annana
1241 4203 1414 4277 sanem
1440 4199 1638 4279 amiur.

825 4335 931 4421 Hane
944 4336 1015 4417 tibi,
1039 4336 1247 4416 celsitonans,
1272 4357 1362 4401 aram
1385 4337 1566 4403 Teudulfus
1589 4337 1722 4419 adorno,

907 4439 953 4504 At
974 4439 1086 4504 faveas
1109 4441 1194 4504 votis
1216 4461 1277 4506 rex
1300 4440 1381 4507 deus
1404 4441 1476 4528 ipse
1499 4441 1592 4506 meis.

825 4541 983 4629 Quisquis
1006 4565 1042 4608 aa
1065 4543 1149 4608 banc
1173 4565 1321 4625 cernens,
1347 4552 1380 4610 et
1402 4552 1437 4610 tu
1461 4544 1666 4610 sanctissima
1689 4545 1820 4630 praesul

906 4644 1046 4726 Aniene,
1069 4645 1182 4730 exigui
1206 4647 1251 4711 sis
1275 4668 1409 4728 memor,
1433 4667 1501 4728 oro,
1523 4647 1616 4712 mei³.

1852 4785 2000 4793 ——---

529 4871 756 4941 [LXIII—LXIV]
774 4890 805 4925 a
822 4873 881 4925 aaa.
900 4871 1033 4924 sammaa
1045 4891 1074 4938 p.
1093 4869 1144 4922 aaa
1162 4873 1180 4922 ι.
1199 4872 1234 4922 vr
1251 4890 1272 4923 ο.
1291 4874 1387 4933 xxm,
1405 4874 1479 4924 xxx

529 4959 617 5028 [axv]
648 4979 678 5014 a
703 4961 762 5013 aare
781 4960 915 5013 acimaas
932 4977 960 5025 p.
982 4956 1032 5010 174
1055 4961 1071 5009 ι.
1091 4961 1115 5009 11
1134 4960 1195 5010 av

472 5157 473 5160 Ἴ
565 5097 591 5165 1)
614 5097 698 5151 Aatlr.
716 5096 763 5149 lat.
784 5095 870 5158 769,1
890 5094 1020 5163 Quisquis
1039 5097 1117 5148 amat
1134 5093 1217 5148 dietis
1226 5093 1372 5148 absentum
1390 5094 1486 5148 rodere
1497 5094 1593 5149 vitam.
1654 5095 1680 5162 2)
1700 5093 1930 5163 Sciat—Aipaun
1947 5093 1975 5146 α’
1986 5093 2109 5148 Ortians.

456 5202 484 5269 3)
509 5201 550 5270 tf.
572 5217 643 5270 quaa
664 5199 797 5256 Letoides
819 5200 973 5268 (Miraealu
997 5200 1024 5253 S.
1049 5199 1199 5255 Maximini
1221 5214 1242 5253 c.
1262 5202 1325 5264 111,
1351 5199 1486 5254 Matilica
1508 5201 1580 5255 Actu
1598 5200 1651 5254 SS.
1674 5214 1746 5254 suec.
1768 5200 1793 5266 1,
1805 5197 1868 5264 601)
1892 5196 1925 5250 de
1957 5195 2108 5264 Ibeodulso

455 5305 601 5359 umorue
624 5303 765 5374 prodidit:
801 5301 952 5356 'leodulfus
980 5301 1069 5370 igitur
1094 5301 1240 5370 episcopus
1266 5301 1340 5356 inter
1361 5306 1470 5356 caetera
1496 5319 1608 5357 suorum
1630 5318 1744 5371 operum
1767 5299 1912 5353 basilicam
1935 5298 1998 5352 miri
2017 5299 2107 5368 operis

458 5406 548 5460 instar
565 5406 698 5461 videlieet
716 5404 783 5469 eius,
801 5421 873 5473 quae
886 5396 981 5473 Aquis'
992 5407 1035 5458 est
1053 5405 1215 5467 consituta,
1233 5405 1392 5459 aedificavit
1408 5405 1439 5459 in
1457 5404 1525 5459 villa
1536 5423 1608 5474 quae
1620 5405 1722 5460 dicitur
1734 5403 1933 5468 (taumiacus,
1951 5420 2006 5470 quo
2022 5403 2107 5456 etiam

456 5509 499 5562 his
516 5509 642 5564 versibus
665 5508 708 5563 sui
727 5507 888 5562 memoriam
906 5507 1050 5577 eleganter
1069 5508 1215 5577 expressit:

818 5611 893 5664 Haec
911 5609 1063 5664 inhonore
1082 5611 1128 5664 dei
1147 5610 1297 5665 Teodullus
1315 5613 1421 5681 templa
1439 5613 1554 5677 sacravi,

905 5697 981 5764 Quae
999 5696 1065 5749 dum
1084 5697 1210 5766 quisquis
1228 5699 1296 5754 adis.
1314 5715 1370 5762 oro,
1388 5701 1527 5751 memento
1545 5699 1607 5752 mei.
