4628 6428
1057 485 1065 494 ι
1091 413 1242 469 incurri
1260 411 1436 468 cremus.

806 589 872 655 Hic
896 589 1073 675 requiescit
1095 610 1196 654 ovans
1219 589 1321 653 ebbas
1346 609 1510 672 sanusque
1534 592 1695 670 resurgat,

890 694 994 767 Quer'n
1018 699 1075 757 tua
1098 697 1271 756 conservet
1294 691 1442 769 dextera,
1467 691 1597 755 Christe
1619 696 1749 776 potens.

807 795 857 859 sit
880 796 940 859 tibi
963 795 1112 859 Christus
1135 815 1239 874 amor,
1263 802 1378 880 potus,
1402 795 1495 859 cibus
1520 794 1629 857 omnia
1652 793 1803 858 Christus
1818 793 1840 860 ιι

888 899 973 980 Lux,
997 899 1061 975 via,
1084 898 1161 976 vita,
1185 899 1283 978 salus,
1308 899 1389 977 laus,
1412 897 1599 962 venerande
1623 904 1726 983 pater.

1064 1051 1212 1058 ‚...-..—....
1217 1050 1474 1058 ——-----——--—--

1211 1214 1334 1280 CXIII.

895 1341 1206 1433 [EPITAPHIUM
1233 1341 1378 1414 PAULI
1405 1331 1650 1437 MONACHI.]

810 1474 860 1538 Tu
883 1477 1079 1560 quicumque
1103 1476 1195 1560 cupis
1220 1475 1349 1558 requies
1374 1493 1571 1558 cognoscere
1595 1471 1742 1549 fratrum,

894 1579 938 1644 Et
961 1580 1033 1644 loca
1055 1599 1120 1664 quo
1145 1579 1282 1663 quisque
1306 1584 1434 1663 spectat
1456 1577 1497 1641 ab
1521 1597 1595 1640 arce
1619 1575 1734 1640 deum:

810 1682 951 1746 Nomina
972 1702 1067 1745 curre
1090 1681 1205 1765 legens
1228 1679 1409 1743 lacrimosis
1434 1679 1555 1763 scripta
1578 1678 1733 1755 camenis,

893 1785 1119 1868 Perlectisque
1142 1783 1239 1847 simul
1261 1782 1359 1846 funde
1383 1802 1500 1867 preces
1524 1781 1665 1862 domino,

743 1913 754 1948 s
814 1889 860 1953 Ut
882 1888 955 1974 pius
979 1888 1186 1972 omnipotens
1210 1887 1335 1949 animas
1359 1884 1515 1949 defendat
1536 1885 1577 1948 ab
1600 1884 1707 1964 hoste,

896 1991 1042 2055 Felicem
1065 1990 1213 2054 tribuens
1237 1990 1327 2075 pacis
1351 1990 1384 2052 in
1407 2010 1481 2053 aree
1505 1988 1602 2054 diem.

813 2095 856 2159 Et
879 2115 953 2158 curu
976 2093 1150 2178 pervenies
1173 2092 1214 2156 ad
1237 2093 1319 2156 haec
1342 2113 1417 2156 mea
1440 2092 1592 2172 carmina,
1617 2113 1750 2176 quaeso,

896 2196 960 2260 Dic
985 2196 1142 2282 supplex:
1166 2195 1279 2260 ‘Paulo
1303 2196 1368 2260 iarn
1390 2195 1557 2275 miserere,
1580 2194 1683 2258 deus'.

814 2299 858 2363 Et
880 2299 1032 2377 Martiae,
1056 2298 1156 2363 decus
1183 2297 1304 2378 muudi,
1327 2305 1422 2384 pater
1444 2299 1565 2384 optime
1589 2304 1701 2362 nostor
1712 2299 1735 2378 ²,

609 2403 619 2414 ’
733 2423 758 2462 rc
900 2401 1071 2466 Auxiliare
1094 2402 1169 2486 piis,
1192 2407 1224 2465 te
1248 2423 1373 2486 precor,
1397 2407 1431 2465 et
1452 2401 1615 2487 precibus,

815 2504 914 2570 Cuius
939 2525 1029 2568 eram
1052 2505 1146 2568 vivus
1172 2525 1302 2590 semper
1326 2503 1464 2568 devotus
1487 2525 1608 2574 amore,

897 2608 1001 2693 Inque
1026 2607 1088 2672 deo
1112 2606 1244 2671 Christo
1268 2628 1344 2692 spes
1368 2607 1449 2670 mihi
1471 2629 1564 2672 sacra
1586 2607 1657 2670 tuit.

814 2712 937 2776 Paulus
960 2731 1049 2776 eram
1073 2711 1189 2789 dictus,
1213 2709 1345 2774 Martini
1368 2709 1508 2774 famulus
1531 2711 1618 2790 almi,

907 2814 1099 2878 Transcurri
1122 2814 1284 2877 modicum
1307 2820 1436 2899 tempus
1459 2813 1492 2877 in
1516 2815 1594 2878 orbe
1616 2834 1736 2878 meum.

736 2939 759 2976 a
805 2915 869 2982 'Me
892 2918 1032 3003 primum
1054 2917 1137 2980 felix
1158 2916 1350 3001 Burgundio
1372 2917 1485 2980 matris
1508 2916 1549 2979 ab
1573 2917 1645 2980 alvo

899 3020 1035 3084 Viderst
1056 3020 1195 3084 effusum
1218 3027 1252 3083 et
1274 3020 1405 3084 fletibus
1427 3020 1595 3104 irriguum.

814 3126 894 3190 Mox
916 3125 1077 3189 Martinus
1101 3144 1192 3186 amor
1214 3123 1321 3208 rapuit
1339 3144 1391 3187 me
1413 3123 1545 3187 inclitus
1568 3129 1682 3187 auctor

899 3228 981 3292 Post
1003 3234 1134 3291 teneros
1157 3247 1260 3290 annos
1282 3227 1315 3290 in
1339 3227 1495 3290 famulum
1519 3227 1659 3292 sibimet.

817 3331 946 3415 Perque
971 3351 1047 3394 suos
1071 3351 1184 3394 servos
1206 3328 1411 3394 venerandos
1434 3337 1532 3415 atque
1555 3331 1731 3415 magistros

734 3455 760 3492 κο
906 3432 1083 3518 Scripturis
1107 3440 1228 3498 memet
1250 3433 1367 3497 imbuit
1389 3441 1486 3518 atque
1510 3435 1621 3498 sacris.

817 3537 978 3622 Septenos
1003 3536 1074 3600 vixi
1097 3535 1238 3600 decadas
1262 3557 1365 3600 novus
1389 3536 1510 3623 hospes
1534 3538 1567 3600 in
1591 3536 1679 3612 orbe,

899 3639 1058 3703 Fraterno
1081 3640 1211 3703 iunctus
1236 3660 1366 3724 semper
1389 3660 1499 3703 amore
1522 3639 1579 3720 fui,

815 3741 1016 3828 Languidus,
1039 3749 1194 3827 aegrotus
1218 3742 1385 3806 solvebam
1409 3741 1519 3806 debita
1541 3742 1655 3821 donec,

899 3847 1010 3931 Atque
1033 3855 1123 3910 artus
1147 3845 1255 3922 anima
1277 3846 1418 3930 liquerat
1440 3845 1512 3931 ipsa
1535 3867 1620 3910 suos.

733 3973 758 4010 as
819 3950 988 4014 Fraternis
1011 3950 1137 4014 fueram
1160 3949 1311 4013 manibus
1336 3971 1412 4014 mox
1436 3949 1584 4014 conditus
1607 3950 1679 4030 ista,

900 4052 966 4117 Hic
989 4053 1070 4116 mihi
1091 4059 1252 4140 perpetua
1276 4058 1327 4117 est
1349 4051 1464 4116 domus
1489 4059 1522 4117 et
1544 4053 1685 4138 requies,
1770 4098 1773 4104 ·

819 4156 1035 4241 Omnipotens
1059 4155 1185 4220 animas
1208 4155 1320 4220 iubeat
1342 4177 1488 4220 remeare
1513 4177 1681 4242 quousque

899 4257 952 4323 Ad
976 4258 1104 4322 cineres
1128 4258 1257 4336 iterum,
1281 4264 1358 4321 tunc
1382 4280 1437 4322 cro
1460 4258 1583 4324 Paulus
1607 4282 1679 4346 ego.

817 4361 923 4440 Nunc,
947 4362 1076 4442 fratres,
1100 4362 1241 4425 animam
1265 4361 1417 4447 precibus
1442 4363 1658 4428 commendite
1682 4363 1823 4445 Christo,

735 4487 761 4526 so
903 4464 1038 4549 Vosque
1060 4465 1168 4530 valete
1192 4465 1257 4530 mei
1280 4486 1412 4550 semper
1433 4464 1554 4550 ubique
1577 4467 1648 4530 deo.

1218 4772 1338 4837 CXIV.

1275 4899 1285 4941 1

871 4981 1041 5046 Vexillum
1065 4967 1203 5046 sublime
1227 4981 1333 5044 crucis
1356 5001 1525 5061 venerare,
1549 4979 1666 5060 fidelis,

954 5088 1027 5161 Qua
1050 5087 1105 5173 qui
1129 5108 1165 5152 se
1188 5088 1302 5167 munit,
1325 5087 1433 5150 tristia
1455 5108 1519 5150 nou
1542 5088 1668 5152 metuit.

555 5311 589 5364 12
633 5312 740 5364 xteraG

521 5321 631 5466 [exuli
657 5398 736 5449 edidit
750 5399 772 5461 Q
783 5417 812 5464 p.
827 5396 892 5449 1741
917 5417 942 5449 a.
965 5400 1104 5450 CCLXVII
1243 5395 1429 5450 131rimbibus
1452 5416 1518 5448 corr.
1537 5398 1564 5447 iu
1582 5399 1729 5460 famulusQ
1866 5395 1900 5448 14
1922 5397 2110 5458 TranscursiQ

455 5481 485 5533 ll
504 5502 591 5536 ceraue
608 5491 744 5548 cormpau
848 5482 882 5533 22
900 5485 941 5536 sui
953 5485 983 5549 Q,
1002 5485 1078 5535 fuiF
1087 5482 1177 5550 2223ss

521 5568 626 5638 [CXIV]
662 5571 741 5621 edidit
761 5572 824 5638 Qp.
843 5569 911 5622 1683
937 5590 962 5622 n.
981 5573 1069 5622 XVIII
1081 5573 1202 5622 -XXIII

558 5723 583 5790 1)
603 5723 645 5791 Cf.
660 5736 748 5789 supra
761 5737 793 5791 p.
806 5721 859 5776 204
876 5723 994 5789 v.1580;
1009 5740 1040 5792 p.
1049 5723 1101 5776 337
1113 5740 1136 5778 o.
1146 5723 1188 5776 22.
1240 5722 1267 5788 2)
1286 5721 1396 5776 Paulus
1414 5722 1501 5790 igitur
1517 5723 1665 5776 monachus
1680 5721 1709 5775 S.
1723 5721 1842 5777 Martini
1858 5719 2027 5776 Turonensis
2043 5720 2111 5788 fcit.
