4666 6406
1049 427 1257 488 THEODULFI
1276 425 1452 487 CARMINA.

1205 726 1299 792 XIX.

449 852 512 926 DE
537 851 600 926 ΕΟ
628 852 761 943 QUOD
787 853 1029 930 TEMPORIS
1057 853 1244 929 STATUS
1270 853 1331 927 ET
1358 852 1514 928 LOCUS
1539 853 1602 927 ET
1629 853 1789 928 CAUSA
1815 853 1876 927 ΕΤ
1902 853 2056 929 ΜΟΤΙΟ

819 975 1051 1050 INGENIUM
1077 974 1423 1050 TRACTATORIS
1451 976 1680 1078 ADIUVAT.

792 1107 964 1198 Temporis
987 1131 1067 1197 ergo
1090 1117 1206 1192 status,
1229 1111 1332 1188 locus,
1356 1131 1437 1175 aura
1459 1116 1493 1176 et
1514 1111 1626 1192 motio,
1649 1117 1763 1196 gestae

873 1213 951 1280 Sive
974 1215 1024 1280 rei
1046 1215 1163 1280 modus
1186 1220 1298 1301 aptum
1320 1213 1455 1280 adiuvet
1477 1215 1655 1301 ingenium.

791 1315 941 1403 Vespere
964 1317 1118 1403 florigera
1139 1322 1333 1404 peccantem
1355 1316 1389 1380 in
1412 1315 1491 1382 sede
1515 1317 1661 1403 requirit,

873 1419 984 1507 Atque
1007 1421 1065 1486 ubi
1088 1421 1145 1503 sit,
1168 1421 1315 1506 rogitat¹
1338 1419 1487 1485 conditor
1509 1419 1597 1486 orbis
1619 1420 1731 1487 herus.

723 1543 734 1580 ⁵
795 1521 967 1611 Temporis
988 1523 1043 1589 hic
1067 1530 1173 1590 status
1197 1530 1263 1605 est,
1293 1524 1360 1590 dici
1383 1525 1460 1611 quie
1481 1526 1554 1591 luce
1577 1525 1701 1608 relicta,

876 1625 916 1691 In
938 1627 1094 1693 tenebras
1116 1627 1224 1694 noctis
1248 1628 1313 1692 iam
1336 1629 1503 1694 revolutus
1526 1635 1607 1695 erat.

794 1727 901 1806 Quem
924 1731 986 1796 scit
1007 1731 1065 1796 ubi
1088 1731 1231 1817 quaerit,
1255 1731 1418 1817 quianon
1440 1731 1487 1796 ibi
1509 1739 1645 1798 noverat
1666 1733 1769 1814 illum,
1839 1795 1843 1804 ,

875 1834 947 1910 Quo
970 1835 1056 1901 bene
1079 1842 1256 1923 praecepto
1279 1836 1421 1901 iusserat
1443 1856 1517 1901 esse
1541 1835 1628 1902 dato.

791 1936 933 2004 Nescius
956 1945 1080 2025 utque
1104 1940 1147 2004 sit
1170 1940 1312 2025 quaerit,
1335 1939 1395 2005 sed
1416 1939 1529 2006 nescio
1553 1939 1685 2006 tandem

713 2062 737 2100 1⁰
882 2041 970 2117 Quid
997 2043 1126 2108 nescire
1149 2042 1204 2109 dei
1226 2043 1261 2108 ni
1282 2042 1460 2130 reprobare
1482 2044 1572 2109 velit.
1668 2101 1672 2108 .

794 2144 865 2212 Nec
887 2145 994 2211 minus
1017 2146 1146 2212 interea
1168 2145 1318 2234 sapidum
1341 2166 1473 2212 sensum
1495 2147 1578 2212 hora
1600 2147 1757 2232 locusque

874 2247 1017 2336 Eloquia
1039 2249 1074 2314 in
1097 2271 1190 2316 sacro
1214 2249 1336 2316 dedere
1361 2271 1460 2337 saepe
1484 2250 1602 2316 solent.

663 2429 664 2434 ἵ
791 2351 915 2419 Montis
938 2352 1061 2419 Oliveti
1084 2354 1222 2420 veniens
1245 2353 1287 2420 de
1308 2353 1432 2419 vertice
1456 2352 1617 2434 Christus,

875 2456 972 2524 Mane
995 2456 1078 2522 adiit
1099 2457 1214 2545 templi
1235 2457 1349 2522 limine
1371 2463 1485 2523 sancte
1506 2456 1560 2523 dei
1571 2457 1594 2522 ².

595 2611 599 2618 ,
709 2581 733 2620 u
793 2559 930 2627 Liberat
952 2561 1097 2628 oblatam
1119 2561 1290 2627 moecham
1311 2561 1484 2626 fallacibus
1507 2560 1583 2641 illis,

879 2665 985 2743 Quam
1007 2666 1082 2753 pius
1106 2671 1140 2732 et
1161 2667 1267 2730 iustus
1291 2665 1335 2731 sit
1356 2665 1454 2731 doeet
1474 2666 1580 2730 almue
1603 2665 1637 2728 in
1659 2663 1730 2730 hac.

791 2767 877 2833 Nam
899 2768 973 2855 pius
996 2769 1082 2834 hane
1106 2770 1224 2850 salvat,
1247 2768 1380 2835 damnat
1402 2769 1592 2855 peccamina
1613 2768 1729 2848 iuetus,

875 2872 1001 2952 ‘Vade',
1024 2874 1071 2937 ait
1093 2876 1140 2938 ‘et
1161 2872 1228 2938 noli
1250 2873 1298 2938 nil
1320 2894 1417 2959 mage
1440 2873 1506 2939 tale
1529 2873 1665 2958 sequi'i.

791 2974 887 3042 Mons
912 2976 1005 3042 oleae
1028 2997 1171 3062 namque
1194 2982 1247 3042 est
1268 2975 1391 3042 domini
1414 2977 1581 3042 miseratio
1604 2977 1704 3057 celsa,

710 3099 736 3138 m
881 3077 954 3153 Quo
977 3101 1038 3145 nos
1061 3079 1229 3166 inquirens
1252 3081 1343 3146 venit
1364 3081 1405 3146 ab
1428 3101 1503 3146 arce
1527 3080 1604 3166 poli.

794 3182 868 3258 Qua
889 3182 1055 3250 delibutos
1078 3189 1206 3250 recreat
1229 3206 1289 3250 nos
1311 3185 1456 3271 unguine
1480 3189 1603 3266 saneto,

859 3285 1009 3352 Luminis
1033 3287 1204 3353 attribuit
1226 3295 1261 3353 et
1282 3287 1415 3375 pietatis
1437 3307 1545 3375 opem.

793 3386 892 3454 Mane
915 3387 1003 3455 diem
1025 3410 1183 3454 revocans
1205 3389 1338 3455 advenit
1359 3394 1455 3455 nocte
1477 3389 1600 3474 fugata,

875 3489 947 3565 Quo
970 3513 1055 3558 nova
1079 3494 1138 3557 lux
1160 3492 1250 3574 adiit,
1273 3492 1357 3578 legis
1381 3499 1415 3558 et
1436 3491 1553 3556 umbra
1575 3489 1666 3556 abiit.

708 3612 734 3652 2⁵
786 3593 896 3683 Saepe
919 3596 1019 3662 etiam
1044 3617 1162 3663 sensus
1186 3597 1292 3682 aperit
1313 3595 1400 3661 bene
1422 3595 1554 3661 mobilis
1576 3615 1643 3675 aer,

873 3698 958 3764 Nam
981 3701 1071 3765 calor
1093 3705 1127 3766 et
1150 3700 1253 3784 frigus
1275 3700 1414 3784 mystica
1435 3699 1539 3764 multa
1560 3703 1704 3762 monent.

790 3801 979 3868 Extiterunt
1002 3802 1166 3889 quondam
1190 3801 1333 3889 Solymis
1357 3803 1515 3868 encaenia
1536 3801 1633 3883 facta,

874 3904 991 3988 Teste,
1014 3905 1111 3992 baec,
1136 3905 1298 3993 scriptura
1307 3907 1330 3986 ⁴,
1353 3905 1424 3970 dira
1446 3903 1618 3992 premebat
1640 3903 1755 3968 hiems.

804 4007 942 4095 Frigora
964 4015 1041 4074 sunt
1062 4009 1182 4075 hiemis
1205 4009 1349 4075 Iudaeae
1371 4006 1541 4074 incredula
1563 4005 1662 4072 corda

709 4132 735 4171 ³0
877 4113 1004 4196 Plebis,
1029 4135 1113 4200 quae
1136 4113 1214 4179 fidei
1236 4113 1324 4180 nuda
1347 4114 1454 4178 oalore
1476 4111 1614 4177 inerant.

789 4213 864 4281 Hoc
888 4237 1017 4303 quoque
1040 4217 1144 4302 trigue
1168 4225 1254 4296 erat,
1277 4217 1402 4303 geritur
1425 4237 1499 4281 oum
1520 4215 1631 4303 paesio
1656 4211 1789 4292 Christi,

874 4320 985 4403 Petre,
1008 4321 1159 4408 negando
1183 4322 1282 4408 riges,
1306 4322 1387 4388 flens
1409 4319 1586 4387 recalendo
1609 4318 1712 4405 riges.

791 4421 905 4490 Sessio
929 4447 989 4491 seu
1011 4426 1109 4491 statio
1133 4425 1266 4508 domini,
1290 4447 1350 4492 seu
1372 4425 1473 4491 motio
1497 4444 1613 4490 sensue

874 4527 1065 4595 Producunt
1087 4530 1194 4612 vivos,
1208 4541 1292 4596 ‘cum
1315 4530 1402 4596 bene
1424 4529 1496 4594 visa
1517 4533 1659 4593 manent.

708 4649 733 4688 ³⁵
794 4628 890 4696 Stare
913 4632 1007 4698 illum
1032 4632 1230 4720 Stephanus,
1254 4633 1385 4699 Marcus
1408 4631 1555 4698 residere
1578 4629 1733 4716 profatur,

871 4735 927 4800 Nil
949 4735 1004 4802 hic
1026 4737 1192 4802 diversum
1214 4743 1281 4819 est,
1304 4758 1389 4802 unus
1411 4743 1585 4819 utrumque
1608 4731 1703 4817 gerit.

791 4835 904 4903 Sessio
927 4841 1111 4927 regnantis,
1141 4842 1239 4906 statio
1262 4840 1438 4928 pugnantis
1461 4837 1563 4903 habet
1584 4835 1665 4901 vim:

873 4941 937 5008 Pro
953 4943 1004 5008 his
1020 4950 1155 5031 pugnat,
1176 4945 1262 5031 regit
1276 4944 1348 5026 hos,
1364 4944 1508 5030 complet
1521 4947 1696 5024 utrumque
1712 4936 1818 5002 simul.

789 5041 941 5128 Angelus
963 5045 1049 5113 huno
1072 5047 1188 5113 stando
1210 5053 1401 5114 nascentem
1423 5046 1558 5112 nuntius
1581 5044 1696 5122 almus,

707 5171 735 5213 ro
805 5237 809 5242 Ι
876 5151 1041 5237 Huncque
1064 5162 1292 5238 resurgentem
1314 5153 1379 5217 iem
1401 5149 1576 5217 residendo
1599 5147 1697 5214 canit.

491 5379 575 5450 [XIX]
592 5399 626 5436 eu
641 5381 699 5435 edit
717 5381 853 5436 Sir-maadi
864 5399 895 5448 p.
913 5377 964 5432 172
982 5382 999 5433 l.
1018 5383 1043 5432 11
1060 5399 1081 5433 c.
1100 5382 1136 5432 1v
1239 5379 1274 5434 28
1291 5381 1424 5449 hyemsS
1524 5378 1559 5433 29
1577 5383 1717 5450 hyemisS
1818 5382 1852 5436 39
1870 5384 1977 5437 hancS

526 5536 553 5604 1)
580 5533 629 5591 Oe.
651 5535 719 5590 Met.
749 5535 794 5599 VI,
810 5533 863 5587 656
886 5533 979 5600 Atque
1000 5529 1049 5587 ubi
1071 5533 1120 5602 sit,
1143 5533 1261 5603 quaerit.
1349 5535 1376 5602 2)
1401 5535 1459 5589 lot.
1478 5534 1528 5598 8‚1
1556 5534 1631 5589 lesus
1653 5537 1748 5590 eutem
1765 5538 1888 5606 perrexit
1905 5537 1935 5591 in
1953 5539 2076 5590 ruentem

422 5636 539 5703 Oliveti;
564 5637 583 5692 2
601 5639 631 5692 et
652 5637 775 5692 diluculo
798 5636 901 5691 iterum
923 5635 1001 5690 venit
1023 5635 1054 5691 in
1076 5635 1219 5706 templum.
1307 5637 1335 5706 3)
1358 5636 1418 5692 Iob.
1436 5638 1460 5702 8,
1471 5639 1502 5692 11
1523 5637 1601 5692 Vade
1619 5642 1648 5693 et
1665 5639 1721 5694 iam
1740 5641 1861 5710 amplius
1878 5641 1936 5694 noli
1955 5657 2075 5711 peccare.

420 5739 449 5811 3)
469 5741 528 5797 Iob.
546 5740 635 5807 rum
652 5739 738 5795 Facta
756 5742 933 5796 enatantem
952 5741 1085 5796 encaenia
1103 5741 1132 5795 in
1151 5742 1325 5812 ierosolymis
1344 5745 1373 5796 et
1391 5742 1479 5796 hiems
1497 5745 1563 5797 erat.
