4574 6442
582 426 720 481 VERSUS
739 429 785 481 DE
804 428 954 484 SrlNCTlS
974 428 1233 482 EUBCRICENSIS
1252 429 1451 483 ECCLESIAE.

607 603 801 688 Exsurgens
824 601 918 666 avido
943 602 1100 687 carpebat
1121 623 1259 666 amoena
1282 602 1405 666 virecta
1416 606 1436 669 ¹.

607 708 776 771 Intellexit
798 728 899 791 equos
923 706 1094 791 quiequam
1117 707 1338 791 praestantius
1361 708 1417 770 illo

609 810 695 874 Esse
719 811 806 882 loco;
831 811 961 873 titulum
984 832 1110 894 ponens
1135 811 1304 895 equitabat
1326 811 1368 875 ab
1392 810 1467 874 inde

608 914 797 1000 Hospitium
821 914 1043 998 veniensque
1067 912 1228 979 tenderat.
1272 913 1359 978 Ecce
1383 915 1494 1001 puella

513 1040 543 1076 a
610 1017 735 1082 Tabida
757 1016 918 1104 paralysis
941 1016 1050 1102 gelido
1074 1019 1232 1102 languore
1256 1018 1396 1096 iacebat,

608 1122 733 1186 Ultima
756 1121 988 1206 congeminans
1011 1121 1151 1186 miserae
1175 1121 1315 1207 suspiria
1338 1123 1440 1194 vitae;
1574 1203 1576 1206 Ι

610 1226 757 1310 Cumque
781 1225 895 1288 domus
917 1224 1041 1310 neptim
1065 1225 1166 1310 patris
1190 1224 1318 1289 turbata
1341 1226 1505 1309 gemebat,

610 1328 765 1412 Suggerit
787 1328 908 1414 hospes
933 1349 1005 1392 eam
1029 1327 1103 1391 duci
1126 1349 1190 1413 quo
1213 1327 1297 1393 forte
1321 1329 1468 1393 caballus

609 1431 750 1495 Sanatus
773 1431 896 1504 fuerat;
920 1451 1078 1515 carroque
1103 1431 1245 1516 imposta
1267 1432 1379 1516 puella

513 1581 516 1590 -
545 1591 547 1594 .
607 1535 757 1614 Ducitur,
780 1540 816 1598 ut
838 1534 935 1597 iussit
957 1540 1142 1598 monstrans
1164 1535 1237 1598 loca
1260 1540 1374 1598 sancta
1395 1535 1510 1612 viator,

608 1637 651 1700 ut
674 1637 737 1700 sita
759 1658 876 1721 corpus
900 1636 988 1700 humi
1012 1637 1144 1721 paulum
1168 1635 1319 1701 dormivit
1340 1637 1474 1716 ibidem,

609 1741 843 1825 Evigilansque
867 1761 960 1804 suam
983 1740 1147 1825 persensit
1171 1739 1288 1804 adesse
1313 1741 1461 1806 salutem.

609 1845 690 1909 Inde
714 1844 832 1930 petivit
854 1865 982 1928 aquam,
1005 1843 1124 1908 faeiem
1147 1843 1209 1907 sibi
1232 1844 1322 1916 lavit,
1346 1850 1380 1908 et
1402 1845 1492 1929 ipsos

610 1947 803 2032 Composuit
826 1948 942 2024 crines,
966 1952 1063 2031 caput
1086 1952 1120 2010 et
1142 1946 1303 2010 velamine
1326 1948 1419 2026 texit,

514 2098 546 2111 .,
609 2051 837 2135 Ductoresque
861 2072 938 2114 suos
962 2050 1080 2113 alacris
1103 2048 1221 2114 deindo
1246 2057 1361 2114 secuta
1383 2059 1443 2115 est.

611 2155 706 2219 Alter
727 2155 790 2218 iter
811 2153 936 2218 faciens
958 2152 1125 2238 praefatae
1148 2175 1209 2237 per
1232 2154 1304 2216 loca
1326 2176 1466 2239 pugnae,
1637 2154 1782 2214 B.1H‚ro.

609 2256 697 2320 Ecce
720 2256 784 2320 loci
807 2256 948 2341 spatium
973 2276 1088 2340 campo
1111 2253 1284 2318 iocundius
1309 2257 1397 2319 omni
1763 2237 1771 2252 ⁸

609 2361 714 2424 Unius
737 2360 891 2446 inspexit,
914 2358 1073 2442 viridique
1096 2358 1266 2422 venustius
1288 2359 1402 2424 herba.

610 2465 703 2529 Haeo
726 2469 857 2550 reputat
879 2479 1006 2527 secum:
1030 2460 1169 2525 ‘Cecidit
1192 2461 1240 2524 vir
1264 2462 1407 2527 sanctior
1429 2464 1512 2545 istic,

516 2615 520 2624 .
548 2623 549 2628 ,
612 2568 774 2648 Arbitror,
798 2567 920 2631 idcirco
943 2564 1077 2652 prodest
1099 2565 1181 2630 haee
1204 2571 1292 2629 terra
1316 2567 1433 2631 saluti'.

610 2671 720 2755 Atque
744 2671 850 2755 ligans
873 2690 981 2754 panno
1005 2670 1125 2733 tulerat
1146 2667 1187 2732 de
1209 2670 1345 2753 pulvere
1370 2692 1491 2750 secum,

611 2774 714 2838 Venit
736 2779 769 2837 ct
791 2770 834 2836 ad
856 2771 1019 2857 quandam
1041 2773 1229 2836 lascescens
1252 2793 1391 2858 vespere
1415 2774 1535 2841 villam.

611 2878 711 2942 Plebs
735 2878 869 2963 epulare
893 2896 1002 2940 casam
1024 2876 1122 2940 villae
1152 2881 1229 2940 tuno
1259 2876 1405 2940 venitin
1427 2900 1535 2959 unam,

611 2980 684 3055 Qua
705 3002 834 3066 qnoque
859 2984 1029 3066 susceptus
1051 2979 1187 3044 veniens
1211 2979 1390 3044 intraverat
1404 2982 1535 3068 hospes,

517 3130 524 3145 .,
613 3085 764 3150 Pulveris
788 3105 826 3148 ao
848 3105 992 3170 pannum
1014 3089 1110 3169 posta
1133 3083 1303 3168 suspendit
1326 3085 1360 3148 in
1383 3086 1458 3150 alta.

613 3189 759 3274 Contigit
781 3195 817 3252 ut
841 3187 949 3252 subito
972 3188 1111 3251 flammis
1134 3188 1346 3252 volitantibus
1370 3191 1470 3254 altum

611 3292 702 3377 Ignis
726 3291 834 3356 edax²
857 3291 986 3355 culmen
1009 3297 1150 3376 raperet,
1173 3312 1234 3355 neo
1258 3291 1382 3356 viribus
1405 3295 1481 3358 ullis

613 3396 771 3480 Extingui
793 3393 905 3472 valuit,
929 3393 1033 3458 donee
1056 3392 1209 3457 incendia
1231 3399 1333 3458 totam

615 3500 855 3584 Consumpsere
879 3496 1021 3577 domum,
1044 3497 1180 3560 nimium
1204 3518 1257 3561 res
1279 3498 1361 3563 mira
1384 3500 1442 3564 sed
1465 3507 1538 3564 acta
1561 3509 1622 3566 est.

519 3648 525 3663 .
550 3626 559 3656 r
615 3602 756 3667 Pulvere
780 3607 941 3666 sacratam
965 3605 1092 3685 postam
1114 3600 1209 3664 timet
1232 3601 1350 3685 igneus
1373 3602 1470 3667 ardor

614 3704 776 3790 Tangere,
801 3704 859 3768 sed
881 3703 1014 3789 penitus
1037 3703 1175 3767 flammis
1199 3704 1321 3768 intacta
1343 3706 1510 3770 remansit.

615 3807 687 3881 Qua
709 3809 828 3872 virtute
851 3806 983 3892 quidem
1006 3806 1077 3870 visa
1107 3812 1220 3893 stupor
1250 3808 1401 3872 omnibus
1424 3809 1539 3894 ingens

614 3913 767 3978 Incubuit
790 3913 918 3983 statim:
941 3919 1018 3975 tunc
1041 3932 1235 3996 cognovere,
1259 3912 1346 3998 quod
1369 3912 1425 3979 ille

613 4017 726 4081 Pulvis
750 4023 821 4081 erat
843 4037 935 4080 sacro
959 4016 1046 4100 regis
1070 4036 1144 4079 cum
1168 4016 1327 4100 sanguine
1350 4017 1473 4082 mixtus

519 4145 558 4182 aa
616 4120 771 4200 Oswaldi,
794 4121 904 4184 multis
927 4119 1035 4184 fuerat
1056 4120 1112 4204 qui
1135 4141 1235 4184 causa
1257 4121 1382 4186 salutis.

617 4225 741 4290 Claruit
763 4224 815 4287 his
839 4224 941 4308 signis
964 4229 1138 4310 postquam
1160 4224 1253 4288 loeus
1276 4225 1340 4290 iste
1363 4226 1516 4312 peractis,
1643 4225 1788 4290 RHLU·

616 4328 776 4394 Ecclesiis
800 4326 922 4392 Christi
946 4327 1089 4392 iocunda
1110 4333 1144 4391 et
1167 4327 1296 4392 reddita
1318 4351 1384 4415 pax
1407 4335 1468 4408 cst,

615 4433 718 4518 Regis
740 4431 896 4497 Edelredi
918 4433 1033 4517 regina
1056 4431 1248 4496 osthfrida⁸
1271 4431 1388 4510 fidelis,

618 4536 710 4611 Quae
733 4535 794 4600 fuit
816 4535 963 4600 Oswaldi
986 4537 1090 4601 sancti
1113 4536 1176 4600 iam
1200 4536 1267 4600 filia
1289 4536 1410 4618 fratris,

521 4662 560 4700 aa
617 4640 751 4704 Curavit
774 4639 879 4703 sancti
903 4639 1004 4703 sacris
1026 4638 1183 4704 inducere
1207 4639 1327 4704 tectis*

615 4743 798 4827 Rolliquias
820 4742 937 4828 patrui,
959 4740 1124 4827 dignoque
1147 4742 1325 4809 recondere
1348 4745 1481 4809 honore.

618 4844 757 4910 Ossibus
779 4845 887 4909 allatis
911 4846 1036 4930 stupuit
1057 4845 1216 4909 miracula
1238 4847 1305 4912 late

617 4949 741 5014 Accola
762 4947 945 5024 Lindissae,
970 4969 1110 5013 cernens
1134 4971 1233 5034 super
1255 4950 1312 5015 illa
1334 4951 1517 5015 columnam

618 5053 704 5118 Ossa
727 5027 787 5115 viii
811 5052 915 5116 sancti
938 5051 1055 5116 summi
1079 5050 1121 5116 ad
1143 5051 1275 5137 fastigia
1297 5053 1380 5119 caeli

304 5345 355 5398 357
373 5365 423 5416 pax
441 5355 481 5399 est
498 5347 597 5412 rcrbrrrl
616 5345 778 5396 llattcnbaclr
796 5364 845 5412 pro
865 5362 934 5412 paee,
953 5346 1022 5411 qrtod
1036 5347 1105 5413 ferri
1122 5346 1214 5412 neqrrit

306 5519 331 5584 1)
353 5517 395 5585 Cf.
420 5515 497 5585 Vero,
516 5517 584 5568 Ara.
608 5515 657 5584 VI,
674 5516 734 5569 638.
805 5518 832 5584 2)
852 5517 894 5585 Of.
920 5516 998 5584 Verp.
1017 5519 1085 5569 Aea.
1104 5513 1148 5576 ΙΙ,
1167 5513 1225 5566 758.
1304 5514 1331 5580 3)
1352 5512 1484 5566 Oalhrida
1503 5513 1539 5567 cl.
1558 5512 1673 5580 Oltrtdc
1691 5515 1806 5568 vocatur
1823 5512 1853 5566 in

202 5619 370 5675 editionibus
388 5619 502 5673 Bcedac
519 5618 615 5686 regina
633 5617 799 5673 Marciorum
818 5619 877 5683 filio
897 5619 990 5674 Oswir'.
1060 5619 1089 5688 4)
1108 5616 1270 5671 incarrere·
1287 5616 1466 5685 Pcardaneu,
1484 5631 1556 5670 naar
1574 5616 1718 5689 Butrium,
1735 5617 1767 5671 ia
1787 5632 1852 5686 pro·

201 5726 292 5780 ninom
310 5722 443 5792 Liadaey.

271 5841 375 5889 Porrus
387 5849 470 5888 narrar
482 5849 541 5886 srvi
552 5835 677 5886 cineam
690 5837 710 5886 1.
1613 5831 1648 5885 23
