4666 6406
666 440 712 498 DE
729 441 958 500 HYPOCRITIS·
993 443 1040 498 DE
1058 441 1231 500 TEMPORE
1249 444 1492 503 nuulcflnrs'rl.

1012 751 1139 819 XVIH.

327 875 460 967 QUOD
487 875 784 967 PLERUMQUE
810 878 931 953 MALI
957 878 1095 954 MALA
1122 879 1405 956 PATIUNTUR
1430 881 1492 955 ET
1519 882 1580 957 DE
1606 882 1839 958 TEMPORE

438 1051 447 1056 a
922 999 1245 1077 ANTICHRISTI.

618 1131 683 1207 Qui
704 1133 824 1200 virtute
846 1133 933 1220 regit
954 1133 1120 1216 muudum,
1143 1134 1267 1221 pietate
1290 1135 1462 1222 gubernat,

700 1237 815 1304 Rebus
839 1257 913 1304 cum
935 1237 1086 1303 humanis
1109 1245 1187 1304 tunc
1210 1239 1296 1305 bene
1318 1239 1423 1326 gessit
1445 1260 1557 1322 ovans,

618 1341 701 1408 (lum
723 1343 800 1408 tulit
821 1341 954 1408 infando
977 1341 1073 1408 ierali
1095 1343 1229 1408 hostilia
1250 1346 1423 1426 monstro¹,
1522 1353 1523 1358 ’

700 1445 912 1533 Expleudum
933 1445 976 1511 ad
998 1445 1125 1511 lacinus
1147 1447 1267 1513 mentis
1289 1453 1327 1512 ut
1347 1447 1454 1535 impos
1479 1455 1543 1514 eat.

548 1571 560 1607 s
617 1548 734 1636 Deque
756 1550 843 1615 malo
867 1548 1032 1636 placidum
1055 1549 1169 1615 tribuit
1190 1549 1397 1616 medicamen
1420 1552 1542 1637 iniquo,

698 1652 876 1740 Temperat
898 1659 997 1740 atque
1020 1653 1117 1718 bonis
1140 1652 1260 1718 damna
1281 1652 1432 1739 pavenda
1454 1655 1533 1723 suis.

618 1753 774 1842 Scorpius
797 1756 831 1820 in
854 1754 959 1820 nitido
983 1756 1011 1821 si
1033 1761 1110 1820 trux
1132 1756 1313 1843 perimatur
1335 1757 1431 1839 olivo,

702 1857 892 1946 Exsuperat
913 1859 1002 1924 virus
1026 1859 1114 1924 illius
1137 1859 1200 1926 iste
1223 1859 1339 1945 liquor.

616 1959 774 2027 Delibuta
796 1982 913 2028 recens
935 1962 999 2028 isto
1024 1962 1051 2026 si
1074 1963 1172 2049 plaga
1193 1962 1319 2046 liquore
1343 1969 1403 2044 est,

537 2086 561 2124 ιο
702 2065 754 2131 Ne
776 2066 883 2152 possit
905 2066 996 2131 virus
1019 2065 1151 2132 laedere
1174 2065 1264 2131 virus
1286 2065 1366 2152 agit.

618 2166 673 2232 Sic
695 2169 776 2234 vitio
799 2169 924 2252 vitium,
950 2169 998 2234 sic
1020 2168 1135 2235 morbo
1158 2167 1292 2234 morbus
1316 2167 1431 2250 abibit,

707 2268 818 2334 Unum
842 2271 890 2336 sic
912 2271 969 2335 uni
993 2270 1111 2337 cedere
1135 2290 1236 2356 saepe
1260 2271 1355 2335 solet.

614 2371 660 2438 Et
682 2393 822 2440 cuneum
845 2395 979 2456 cuneus,
1003 2395 1063 2441 seu
1085 2375 1213 2440 clavum
1237 2375 1348 2439 clavus
1372 2373 1524 2440 abactum

699 2475 845 2563 Impulit,
870 2477 933 2543 hoc
956 2477 1037 2543 illud
1059 2499 1138 2544 mox
1159 2477 1313 2543 veniente
1335 2478 1431 2565 perit.

535 2601 559 2638 rr
619 2577 674 2644 Sic
697 2579 781 2666 lapis
806 2586 840 2646 et
861 2580 1015 2668 lapidem,
1038 2602 1098 2647 seu
1120 2581 1247 2666 lignum
1269 2581 1360 2668 ligna
1382 2579 1571 2662 retundunt,

696 2682 807 2769 Atque
832 2682 967 2770 chalybs
991 2683 1163 2770 chalybem
1187 2683 1277 2749 cudit
1300 2691 1334 2750 et
1356 2689 1427 2749 arte
1450 2684 1542 2770 polit.

616 2785 690 2852 Hoc
714 2787 922 2874 reprimendo
945 2790 1067 2854 malum
1090 2789 1205 2854 tribuit
1228 2788 1346 2855 solatia
1368 2787 1530 2870 Christus,

700 2891 915 2974 Antichristo,
939 2899 1013 2958 tuos
1037 2913 1098 2958 seu
1119 2891 1302 2958 breviando
1325 2891 1407 2959 dies.

615 2993 666 3059 Ne
687 2994 792 3061 ferale
813 2996 935 3061 malum
958 2995 1099 3062 modulis
1122 2996 1322 3062 inolesceret
1343 2995 1435 3078 atris,

533 3119 559 3158 eo
705 3097 877 3164 Clauditur
899 3098 1064 3185 angusto²
1086 3099 1244 3185 temporis
1268 3098 1303 3163 id
1325 3098 1442 3186 spatio.

615 3201 788 3289 Temporis
811 3201 900 3266 illius
923 3202 1083 3288 probrosa
1104 3203 1253 3288 pericula
1274 3202 1384 3289 prodit

698 3303 871 3370 Vatidicus
894 3304 1006 3386 lituus,
1030 3324 1090 3370 rex
1112 3306 1165 3391 pie
1191 3304 1332 3387 Ohriste,
1356 3313 1443 3371 tuus.

616 3407 719 3472 ‘Tunc
741 3407 822 3489 erit',
845 3412 958 3472 auctor
980 3408 1026 3472 ait
1035 3405 1059 3489 ⁸,
1083 3409 1202 3472 ‘rerum
1225 3407 1394 3474 tribulatio
1418 3413 1561 3494 magua,¹

699 3513 775 3596 Pro,
798 3533 860 3579 uec
882 3522 954 3579 erat
975 3534 1037 3579 uec
1060 3514 1124 3579 erit
1146 3515 1252 3599 qualis
1276 3513 1444 3598 abusque
1468 3513 1560 3579 chao.

533 3637 558 3675 ss
618 3614 684 3690 Qui
705 3616 943 3682 breviabuntur
964 3616 1113 3703 perfecto
1136 3617 1288 3683 examine
1313 3617 1411 3698 soles,
1491 3635 1494 3640 ·

686 3717 745 3788 sin
767 3719 859 3801 alias,
883 3719 989 3785 omnis
1011 3741 1077 3785 uon
1100 3740 1175 3786 caro
1199 3721 1291 3784 salva
1312 3719 1419 3785 foret!

615 3820 689 3887 Hoc
713 3823 797 3888 bene
821 3829 975 3909 respectu
998 3823 1121 3889 domini
1144 3844 1209 3909 quo
1232 3828 1349 3888 cuncta
1372 3825 1539 3907 geruntur,

698 3923 852 4012 (longina
873 3925 1034 4013 disposito
1057 3933 1206 4014 tempore
1230 3947 1345 3992 cursus
1368 3931 1455 4010 aget.

616 4026 765 4094 Tertium
787 4035 824 4094 ut
846 4029 998 4113 excedat,
1021 4037 1172 4116 quartum
1195 4050 1260 4095 non
1283 4029 1419 4115 impleat
1442 4045 1573 4109 annum,

533 4152 559 4191 so
699 4131 805 4218 Impia
826 4138 1006 4218 tempestas
1029 4139 1063 4199 st
1085 4131 1271 4198 truculenta
1292 4133 1375 4196 lues.

614 4233 769 4321 Tempus,
788 4234 839 4298 ‘ait
860 4232 980 4299 Daniel
989 4234 1012 4316 ⁴,
1035 4255 1095 4300 seu
1117 4239 1276 4320 tempora,
1300 4232 1567 4318 semivagumque

696 4336 871 4404 Volvenda
893 4338 981 4402 illius
1004 4344 1154 4425 tempora
1176 4357 1276 4403 saeva
1297 4337 1385 4402 mali.

602 4441 734 4528 dicque
756 4442 967 4528 quaterdenis
990 4443 1073 4510 haec
1095 4443 1265 4509 mensibus
1288 4448 1386 4529 atque
1410 4440 1538 4507 duobus

697 4545 772 4611 Hoc
794 4547 903 4633 ipsum
925 4567 1062 4612 narrans
1087 4547 1232 4635 explicat
1255 4553 1354 4632 atque
1377 4544 1476 4611 cauit.

533 4671 558 4710 a
615 4648 725 4715 Unum
747 4671 808 4737 per
829 4657 976 4738 tempus,
999 4651 1150 4737 geminos
1173 4671 1233 4738 per
1255 4657 1405 4735 tempora
1428 4648 1572 4733 signans,

696 4753 762 4819 Per
785 4775 911 4820 semum
934 4774 1067 4820 meuses
1091 4776 1152 4821 sex
1174 4755 1244 4820 fore
1267 4754 1330 4819 rite
1352 4752 1460 4818 docet.

617 4855 815 4943 Summaque
844 4857 891 4923 sic
918 4879 1069 4924 mensum
1091 4879 1263 4924 numerum
1287 4857 1450 4924 concurrit
1472 4854 1514 4920 ad
1536 4854 1648 4936 istum,

697 4959 781 5026 Tres
804 4962 881 5026 anni
904 4969 938 5026 et
961 4963 1077 5044 semis,
1100 4962 1147 5027 nil
1169 4983 1266 5048 mage
1289 4960 1377 5026 nilve
1400 4959 1520 5025 minus.

316 5259 423 5330 [xum]
441 5279 473 5316 a
489 5261 548 5315 edit.
567 5261 704 5314 Sirmondi
717 5279 749 5328 p.
767 5258 819 5313 278
838 5263 855 5314 l.
874 5265 909 5316 Vl
927 5281 947 5316 c.
966 5265 1055 5316 XXIII

350 5413 377 5482 1)
395 5411 531 5468 Pradan.
554 5411 654 5483 Psycb
675 5412 727 5466 565
744 5416 898 5469 monstrum
916 5415 1008 5471 ferale.
1100 5417 1128 5486 2)
1148 5415 1197 5472 Oc.
1215 5415 1282 5472 Met.
1301 5417 1386 5483 XIII,
1395 5413 1446 5470 407
1464 5414 1495 5470 in
1514 5417 1665 5488 angumum
1684 5431 1741 5486 qua
1758 5415 1905 5472 clauditur.

246 5513 274 5583 3)
293 5513 393 5572 Mane.
410 5515 496 5582 ram
516 5514 577 5569 Erit
591 5515 665 5569 enim
684 5517 751 5570 tunc
769 5517 915 5575 tribulatio
933 5537 1048 5591 magna,
1067 5520 1158 5590 qualis
1176 5538 1233 5576 non
1250 5521 1307 5576 fuit
1323 5521 1359 5576 ab
1378 5520 1461 5576 initio
1480 5519 1577 5575 mundi
1594 5519 1797 5589 usquemodo,
1815 5535 1905 5589 neque

247 5617 302 5672 fiet.
337 5617 373 5672 22
390 5617 426 5672 ut
442 5617 497 5673 nisi
516 5617 636 5674 breviati
654 5617 772 5675 fixissent
789 5621 848 5678 dies
866 5623 918 5690 illi,
935 5641 993 5680 non
1010 5624 1089 5680 fieret
1106 5625 1183 5680 salva
1201 5625 1291 5680 omnis
1309 5641 1382 5692 caro,
1400 5623 1448 5678 sed
1464 5624 1578 5694 propter
1590 5621 1692 5678 electos
1705 5621 1906 5678 breviabuntur

247 5719 306 5774 dics
324 5718 377 5774 illi.
446 5721 475 5788 4)
494 5720 569 5776 Dea.
590 5722 667 5786 127.

1643 5821 1698 5874 00*
