4598 6414
996 415 1182 472 HIBERNICI
1201 413 1330 468 EXULIS
1349 413 1524 467 CARMINA.

807 591 857 655 Ae
880 597 956 678 post
979 590 1168 653 innumeros
1192 593 1305 673 captos
1330 608 1373 652 ex
1395 585 1490 651 hoste
1513 584 1705 672 triumphos,

808 694 891 759 (lum
913 695 1037 758 victore
1061 712 1120 757 suo
1144 691 1261 756 victrix
1283 692 1405 756 letetur
1428 695 1461 754 et
1483 690 1564 775 ipsa.

724 819 750 858 cc
807 797 887 862 Post
909 803 1000 862 tenta
1022 796 1056 860 iu
1078 795 1185 875 terris,
1208 799 1283 880 post
1306 800 1354 858 tot
1376 793 1528 858 sublimia
1542 792 1645 872 lacta,

806 901 910 966 Pleno
933 907 1002 964 tum
1025 897 1156 963 demum
1180 898 1342 983 completo
1364 896 1520 983 temporis
1544 916 1636 975 aevo,

806 1003 910 1068 Felici
934 1008 1091 1068 centenos
1116 1022 1213 1066 cursu
1235 1006 1368 1066 evectus
1393 1000 1426 1063 in
1448 1019 1562 1079 annos,

804 1107 903 1171 Alma
923 1105 1006 1170 fides
1029 1105 1169 1178 obviam,
1192 1103 1369 1168 comitante
1393 1101 1527 1167 cohorte
1551 1121 1698 1165 sororum

805 1210 984 1292 Virtutum,
1006 1211 1142 1274 veniens
1164 1206 1322 1272 Karolum
1347 1227 1446 1293 super
1468 1212 1557 1271 astra
1578 1204 1712 1278 levabit,

724 1335 749 1374 as
804 1314 1004 1401 Perpetuam
1027 1312 1174 1378 tribuens
1199 1311 1329 1376 Christo
1353 1316 1542 1398 praestante
1566 1329 1730 1373 coronam.

807 1417 967 1482 Versibus
989 1417 1175 1503 incomptis,
1199 1437 1325 1480 summo
1349 1413 1408 1480 sed
1431 1415 1550 1478 mentis
1574 1433 1695 1492 amore,

803 1522 898 1588 Haec
921 1523 982 1587 tibi
1005 1522 1193 1602 conficiens,
1217 1520 1355 1585 Caesar:
1379 1520 1514 1604 dignare
1539 1539 1680 1603 superne

803 1624 952 1707 Munera,
977 1645 1109 1710 quaeso,
1133 1624 1181 1688 tui
1204 1621 1315 1688 devoti
1339 1643 1468 1686 sumere
1492 1622 1588 1686 servi.

803 1795 866 1894 llis
890 1850 952 1914 ego
974 1829 1127 1893 litterulis
1151 1827 1274 1892 domini
1295 1827 1439 1914 deposco
1464 1829 1604 1891 salutem

886 1933 1085 2019 Perpetuam
1107 1931 1223 1996 Keroli
1246 1933 1395 1996 servulus
1420 1932 1490 2017 ipse
1514 1931 1575 1995 sui.

799 2035 863 2101 His
885 2042 929 2118 te,
951 2037 1120 2122 praeclara
1142 2034 1330 2116 Gundrada,
1353 2035 1470 2112 saluto,
1493 2034 1603 2119 puello
1612 2033 1633 2112 ¹,

886 2140 980 2214 Quae
1004 2162 1059 2205 ore
1083 2141 1192 2205 nitens
1214 2140 1362 2226 pulchro,
1386 2139 1611 2226 pulchriores
1635 2140 1763 2203 merito.

735 2265 747 2301 o
803 2243 939 2326 Littera,
963 2244 1085 2309 festina
1107 2242 1258 2308 dominae
1281 2243 1430 2307 conferre
1455 2243 1593 2306 salutem

887 2345 1084 2411 Gundradoe
1107 2347 1261 2432 egregiae
1285 2346 1430 2410 moribus
1454 2353 1486 2410 et
1509 2345 1628 2410 faciet

1061 2595 1470 2602 -υ--ῄ--φ-η-ᾐ

1240 2831 1285 2896 ΙΙ.

656 2954 774 3028 HOS
800 2954 1001 3030 KAROLO
1028 2956 1143 3030 REGI
1171 2957 1357 3031 VERSUS
1384 2955 1673 3028 HlBERNlCUS
1702 2953 1842 3026 EXUL.

803 3087 900 3153 ‘Dum
923 3108 1077 3175 proceres
1101 3088 1212 3154 mundi
1234 3111 1348 3176 regem
1370 3111 1529 3154 venerare
1553 3088 1703 3153 videntur

801 3191 1009 3257 Ponderibus
1032 3194 1134 3257 vastis
1158 3193 1305 3279 ingentia
1327 3193 1413 3258 dona
1435 3193 1589 3270 ferentes,

802 3294 993 3360 Inmensum
1016 3297 1145 3381 argenti
1167 3295 1306 3383 pondus,
1328 3296 1485 3380 fulgentis
1509 3303 1542 3360 et
1563 3295 1644 3376 euri,

802 3397 1012 3464 Gemmarum
1036 3400 1183 3464 cumulos
1207 3421 1299 3464 secro
1324 3400 1465 3484 stipante
1489 3398 1632 3477 metallo,

731 3524 743 3561 s
800 3502 951 3589 Purpura
975 3502 1187 3589 splendentes
1211 3510 1325 3567 aurato
1348 3503 1494 3588 tegmine
1517 3507 1638 3581 restes,

800 3605 997 3693 spumantes
1021 3613 1054 3672 et
1077 3628 1179 3692 equos
1203 3608 1286 3671 flavo
1311 3607 1491 3691 stringente
1515 3605 1656 3692 capistro

799 3710 913 3776 Ardua
934 3710 1105 3775 barbarico
1129 3717 1299 3797 gestantes
1323 3711 1407 3774 colla
1431 3710 1490 3774 sub
1514 3731 1591 3773 auro
1617 3745 1656 3754 -

798 3814 920 3878 Annua
943 3813 1075 3878 sublimi
1098 3812 1181 3878 haec
1203 3813 1366 3878 debentur
1388 3833 1525 3877 munera
1546 3812 1642 3896 regi³
1664 3833 1719 3874 —:

798 3916 862 3981 Dic
884 3915 975 3996 mihi,
999 3937 1082 4001 quae
1105 3918 1229 4003 pariter
1252 3915 1435 3996 reddemus,
1460 3917 1590 4000 garrula
1612 3915 1715 3996 Musa,

719 4041 743 4079 ro
801 4018 852 4084 Ne
875 4019 959 4084 forte
983 4019 1157 4084 iuvenum
1182 4020 1253 4103 regi
1277 4020 1399 4084 servire
1423 4019 1581 4098 videmur,

800 4122 892 4196 Quae
916 4123 1036 4187 taliae
1059 4129 1150 4187 tauto
1174 4124 1259 4209 patri
1282 4124 1477 4187 munuscula
1498 4121 1645 4186 demusl'

535 4378 569 4432 18
586 4382 721 4436 mnumero
734 4382 765 4448 P,
782 4383 1000 4436 innumerositas·
1078 4381 1111 4434 19
1128 4385 1229 4436 uoctrix
1242 4383 1268 4433 P
1343 4382 1374 4434 21
1395 4381 1535 4450 cornplccto
1545 4383 1571 4432 P
1646 4381 1681 4433 22
1698 4391 1815 4434 tentsnos
1827 4383 1853 4432 P
1929 4381 1963 4434 23
1981 4381 2083 4432 commi·

430 4466 536 4519 tanteP
626 4465 660 4520 24
677 4469 790 4521 carolum
803 4469 830 4520 P
912 4467 1146 4536 25Perpetuumt2
1241 4467 1281 4535 ΙΙ2
1298 4471 1375 4521 caroli
1389 4469 1414 4519 P
1497 4466 1514 4519 4
1530 4471 1601 4533 Quae
1614 4470 1673 4521 licet
1688 4486 1731 4520 ore
1741 4469 1798 4520 Mai
1806 4470 1915 4537 pulchro
1925 4469 2025 4531 coemto,
2037 4465 2083 4517 sed

430 4553 523 4606 restim
535 4553 594 4620 lcpit
605 4553 726 4608 Murteae
737 4557 846 4623 pulchro
857 4556 988 4624 pulchrior

501 4637 544 4705 [Il]
583 4641 684 4692 tinctum
703 4659 752 4693 cm.
770 4642 829 4693 Mai
933 4640 968 4694 10
984 4641 1142 4694 uidenturP

533 4793 560 4861 1)
589 4794 685 4849 Caroli
711 4794 812 4866 Mapm'
839 4795 1015 4859 consobrino,
1046 4796 1079 4849 de
1111 4813 1167 4865 quo
1198 4796 1234 4865 cs.
1263 4811 1351 4864 supro
1373 4812 1404 4864 p.
1432 4795 1496 4858 30&
1529 4793 1677 4848 Paschasii
1702 4793 1793 4849 Vitem
1820 4791 1977 4845 Adoltardi
2003 4804 2025 4842 c.
2049 4789 2083 4842 33

431 4895 493 4964 (SS.
512 4896 556 4962 ΙΙ,
566 4897 643 4966 527)ε
670 4897 822 4953 Gundruda
917 4898 996 4969 virgo
1015 4897 1179 4953 familiarior
1201 4898 1273 4969 regi,
1291 4897 1427 4952 nobilium
1445 4896 1630 4962 nobilissima,
1654 4913 1725 4966 quae
1743 4897 1818 4950 inter
1834 4912 1965 4950 venereos
1983 4891 2083 4962 palatii

429 5105 488 5159 sola
500 5106 602 5160 meruit
620 5107 663 5176 (ut
675 5107 822 5178 credimus)
841 5111 983 5179 reportare
1004 5107 1160 5178 pudicitiae
1182 5108 1318 5178 palmam,
1343 5110 1372 5162 et
1394 5106 1488 5176 potuit
1506 5108 1551 5173 (ut
1569 5105 1684 5173 dicitur)
1703 5105 1793 5159 carnis
1811 5103 1959 5172 spurcities
1978 5101 2083 5154 inlaeso

429 5209 499 5264 calle
517 5210 647 5276 transire
679 5226 701 5266 c.
728 5213 763 5266 35
789 5213 916 5282 praefate
943 5212 1095 5267 Gundrada
1120 5213 1157 5266 ad
1184 5216 1309 5268 sanctam
1336 5210 1537 5281 Redegundem
1563 5210 1705 5279 quondam
1732 5208 1858 5278 reginam
1886 5206 2010 5260 mittitur
2033 5211 2083 5260 etc.

428 5310 455 5379 2)
476 5312 519 5381 Os.
537 5331 639 5380 ceraus,
658 5331 727 5385 quos
747 5315 899 5387 Despectus
922 5314 1108 5379 Tteodradce,
1129 5316 1223 5369 t'arob'
1239 5315 1418 5384 imperatoris
1437 5314 1510 5379 filiae
1526 5315 1601 5368 misit
1619 5313 1708 5383 (Mon.
1729 5313 1819 5366 Caret.
1837 5311 1913 5376 430J:

839 5419 915 5472 Haec
933 5421 961 5472 te
980 5435 1107 5473 caesareo
1125 5421 1289 5488 generatam
1307 5417 1412 5472 semine
1430 5417 1520 5481 karte,

840 5503 964 5558 Moribus
984 5508 1013 5558 et
1030 5504 1121 5574 specie
1140 5508 1276 5570 ornatum,
1295 5502 1468 5566 Theodrada
1487 5502 1599 5557 salutet.

425 5607 453 5676 3)
472 5605 708 5661 Dememorans
732 5607 814 5663 donis
837 5607 987 5662 annuerim
1010 5609 1047 5676 cf.
1071 5607 1163 5662 Woita
1186 5607 1324 5664 Deutactc
1344 5607 1621 5676 Ver-sassunpspcsct.
1645 5605 1697 5671 IV,
1714 5605 1828 5669 91-94‚
1854 5603 1964 5658 Dicuili
1980 5618 2077 5657 ceram

426 5709 533 5780 (Neues
551 5709 632 5766 Aret.
651 5710 704 5777 IV,
713 5710 783 5780 257).
