<?xml version="1.0" encoding="UTF-8"?>
<!DOCTYPE html PUBLIC "-//W3C//DTD XHTML 1.0 Transitional//EN"
    "http://www.w3.org/TR/xhtml1/DTD/xhtml1-transitional.dtd">
<html xmlns="http://www.w3.org/1999/xhtml" xml:lang="en" lang="en">
 <head>
  <title>
</title>
<meta http-equiv="Content-Type" content="text/html;charset=utf-8" />
  <meta name='ocr-system' content='tesseract 3.04.00' />
  <meta name='ocr-capabilities' content='ocr_page ocr_carea ocr_par ocr_line ocrx_word'/>
</head>
<body>
  <div class='ocr_page' id='page_1' title='image "./monumentagerman01unkngoog/monumentagerman01unkngoog_0301.png"; bbox 0 0 4628 6428; ppageno 0'>
   <div class='ocr_carea' id='block_1_1' title="bbox 1137 392 1484 450">
    <p class='ocr_par' dir='ltr' id='par_1_1' title="bbox 1137 392 1484 450">
     <span class='ocr_line' id='line_1_1' title="bbox 1137 392 1484 450; baseline -0.003 -2"><span class='ocrx_word' id='word_1_1' title='bbox 1137 393 1289 450; x_wconf 81' lang='lat' dir='ltr'><strong>ALCUINI</strong></span> <span class='ocrx_word' id='word_1_2' title='bbox 1307 392 1484 450; x_wconf 77' lang='lat' dir='ltr'><strong>CARMINA.</strong></span> 
     </span>
    </p>
   </div>
   <div class='ocr_carea' id='block_1_2' title="bbox 849 589 2014 2732">
    <p class='ocr_par' dir='ltr' id='par_1_2' title="bbox 849 589 2014 2732">
     <span class='ocr_line' id='line_1_2' title="bbox 1301 589 1322 632; baseline 0 0"><span class='ocrx_word' id='word_1_3' title='bbox 1301 589 1322 632; x_wconf 87' lang='lat'><strong>11</strong></span> 
     </span>
     <span class='ocr_line' id='line_1_3' title="bbox 849 670 1827 752; baseline -0.001 -17"><span class='ocrx_word' id='word_1_4' title='bbox 849 671 944 737; x_wconf 86' lang='lat' dir='ltr'><strong>Haec</strong></span> <span class='ocrx_word' id='word_1_5' title='bbox 966 671 1082 736; x_wconf 91' lang='lat' dir='ltr'><strong>domus</strong></span> <span class='ocrx_word' id='word_1_6' title='bbox 1105 671 1192 735; x_wconf 89' lang='lat' dir='ltr'><strong>alma</strong></span> <span class='ocrx_word' id='word_1_7' title='bbox 1212 671 1282 752; x_wconf 85' lang='lat' dir='ltr'><strong>dei,</strong></span> <span class='ocrx_word' id='word_1_8' title='bbox 1307 671 1432 736; x_wconf 82' lang='lat' dir='ltr'><strong>Christi</strong></span> <span class='ocrx_word' id='word_1_9' title='bbox 1455 677 1489 734; x_wconf 92' lang='lat' dir='ltr'><strong>et</strong></span> <span class='ocrx_word' id='word_1_10' title='bbox 1510 670 1707 735; x_wconf 82' lang='lat' dir='ltr'><strong>venerabilis</strong></span> <span class='ocrx_word' id='word_1_11' title='bbox 1732 671 1827 742; x_wconf 81' lang='lat' dir='ltr'><strong>aula,</strong></span> 
     </span>
     <span class='ocr_line' id='line_1_4' title="bbox 851 774 1599 862; baseline 0.003 -24"><span class='ocrx_word' id='word_1_12' title='bbox 851 775 1013 862; x_wconf 82' lang='lat' dir='ltr'>Tempore</span> <span class='ocrx_word' id='word_1_13' title='bbox 1037 776 1217 861; x_wconf 85' lang='lat' dir='ltr'><strong>praelongo</strong></span> <span class='ocrx_word' id='word_1_14' title='bbox 1240 775 1334 840; x_wconf 87' lang='lat' dir='ltr'><strong>viluit</strong></span> <span class='ocrx_word' id='word_1_15' title='bbox 1357 774 1464 838; x_wconf 89' lang='lat' dir='ltr'><strong>diruta</strong></span> <span class='ocrx_word' id='word_1_16' title='bbox 1486 774 1599 840; x_wconf 89' lang='lat' dir='ltr'><strong>ruinis.</strong></span> 
     </span>
     <span class='ocr_line' id='line_1_5' title="bbox 851 876 1792 964; baseline -0.002 -22"><span class='ocrx_word' id='word_1_17' title='bbox 851 877 917 943; x_wconf 81' lang='lat' dir='ltr'><strong>Sed</strong></span> <span class='ocrx_word' id='word_1_18' title='bbox 940 878 1017 942; x_wconf 93' lang='lat' dir='ltr'><strong>dum</strong></span> <span class='ocrx_word' id='word_1_19' title='bbox 1040 877 1211 942; x_wconf 84' lang='lat' dir='ltr'><strong>Gerfridus</strong></span> <span class='ocrx_word' id='word_1_20' title='bbox 1236 879 1369 964; x_wconf 88' lang='lat' dir='ltr'><strong>praesul</strong></span> <span class='ocrx_word' id='word_1_21' title='bbox 1392 878 1610 963; x_wconf 87' lang='lat' dir='ltr'><strong>simulatque</strong></span> <span class='ocrx_word' id='word_1_22' title='bbox 1635 876 1792 942; x_wconf 83' lang='lat' dir='ltr'><strong>sacerdos</strong></span> 
     </span>
     <span class='ocr_line' id='line_1_6' title="bbox 850 981 1666 1066; baseline -0.002 -21"><span class='ocrx_word' id='word_1_23' title='bbox 850 981 1022 1046; x_wconf 79' lang='lat' dir='ltr'><strong>Ecclesiae</strong></span> <span class='ocrx_word' id='word_1_24' title='bbox 1046 982 1192 1066; x_wconf 85' lang='lat' dir='ltr'><strong>regimen</strong></span> <span class='ocrx_word' id='word_1_25' title='bbox 1216 988 1408 1066; x_wconf 82' lang='lat' dir='ltr'><strong>susceperat</strong></span> <span class='ocrx_word' id='word_1_26' title='bbox 1431 981 1526 1046; x_wconf 85' lang='lat' dir='ltr'><strong>istius</strong></span> <span class='ocrx_word' id='word_1_27' title='bbox 1549 983 1666 1058; x_wconf 80' lang='lat' dir='ltr'><strong>almae,</strong></span> 
     </span>
     <span class='ocr_line' id='line_1_7' title="bbox 852 1083 1689 1149; baseline -0.001 -1"><span class='ocrx_word' id='word_1_28' title='bbox 852 1084 980 1148; x_wconf 85' lang='lat' dir='ltr'><strong>Ductus</strong></span> <span class='ocrx_word' id='word_1_29' title='bbox 1003 1104 1114 1148; x_wconf 91' lang='lat' dir='ltr'><strong>amore</strong></span> <span class='ocrx_word' id='word_1_30' title='bbox 1139 1083 1192 1148; x_wconf 90' lang='lat' dir='ltr'><strong>dei</strong></span> <span class='ocrx_word' id='word_1_31' title='bbox 1215 1089 1318 1147; x_wconf 88' lang='lat' dir='ltr'><strong>totam</strong></span> <span class='ocrx_word' id='word_1_32' title='bbox 1341 1091 1557 1149; x_wconf 83' lang='lat' dir='ltr'><strong>renovaverat</strong></span> <span class='ocrx_word' id='word_1_33' title='bbox 1578 1084 1689 1147; x_wconf 87' lang='lat' dir='ltr'><strong>illum1</strong></span> 
     </span>
     <span class='ocr_line' id='line_1_8' title="bbox 850 1186 1672 1272; baseline -0.002 -20"><span class='ocrx_word' id='word_1_34' title='bbox 850 1186 1055 1268; x_wconf 77' lang='lat' dir='ltr'><strong>Parietibus,</strong></span> <span class='ocrx_word' id='word_1_35' title='bbox 1078 1187 1192 1264; x_wconf 86' lang='lat' dir='ltr'><strong>tectis,</strong></span> <span class='ocrx_word' id='word_1_36' title='bbox 1222 1186 1357 1272; x_wconf 85' lang='lat' dir='ltr'><strong>picturis</strong></span> <span class='ocrx_word' id='word_1_37' title='bbox 1380 1193 1477 1271; x_wconf 91' lang='lat' dir='ltr'><strong>atque</strong></span> <span class='ocrx_word' id='word_1_38' title='bbox 1501 1188 1672 1266; x_wconf 86' lang='lat' dir='ltr'><strong>columnis,</strong></span> 
     </span>
     <span class='ocr_line' id='line_1_9' title="bbox 850 1290 1683 1373; baseline -0.001 -16"><span class='ocrx_word' id='word_1_39' title='bbox 850 1291 1007 1357; x_wconf 87' lang='lat' dir='ltr'><strong>Vestibus</strong></span> <span class='ocrx_word' id='word_1_40' title='bbox 1031 1298 1064 1356; x_wconf 92' lang='lat' dir='ltr'><strong>et</strong></span> <span class='ocrx_word' id='word_1_41' title='bbox 1085 1291 1190 1372; x_wconf 83' lang='lat' dir='ltr'><strong>vasis,</strong></span> <span class='ocrx_word' id='word_1_42' title='bbox 1219 1290 1299 1354; x_wconf 87' lang='lat' dir='ltr'><strong>cleri</strong></span> <span class='ocrx_word' id='word_1_43' title='bbox 1323 1291 1418 1354; x_wconf 92' lang='lat' dir='ltr'><strong>simul</strong></span> <span class='ocrx_word' id='word_1_44' title='bbox 1442 1291 1555 1356; x_wconf 90' lang='lat' dir='ltr'><strong>ordine</strong></span> <span class='ocrx_word' id='word_1_45' title='bbox 1579 1313 1683 1373; x_wconf 77' lang='lat' dir='ltr'><strong>sacro,</strong></span> 
     </span>
     <span class='ocr_line' id='line_1_10' title="bbox 850 1392 2014 1482; baseline -0.001 -23"><span class='ocrx_word' id='word_1_46' title='bbox 850 1395 925 1459; x_wconf 85' lang='lat' dir='ltr'><strong>Non</strong></span> <span class='ocrx_word' id='word_1_47' title='bbox 947 1416 1085 1482; x_wconf 88' lang='lat' dir='ltr'><strong>parcens</strong></span> <span class='ocrx_word' id='word_1_48' title='bbox 1108 1394 1248 1480; x_wconf 88' lang='lat' dir='ltr'><strong>propriis</strong></span> <span class='ocrx_word' id='word_1_49' title='bbox 1273 1392 1402 1478; x_wconf 91' lang='lat' dir='ltr'><strong>opibus.</strong></span> <span class='ocrx_word' id='word_1_50' title='bbox 1448 1393 1533 1458; x_wconf 89' lang='lat' dir='ltr'><strong>Nam</strong></span> <span class='ocrx_word' id='word_1_51' title='bbox 1556 1395 1713 1480; x_wconf 92' lang='lat' dir='ltr'><strong>quidquid</strong></span> <span class='ocrx_word' id='word_1_52' title='bbox 1727 1395 1897 1478; x_wconf 84' lang='lat' dir='ltr'><strong>habebat,</strong></span> <span class='ocrx_word' id='word_1_53' title='bbox 2007 1407 2014 1414; x_wconf 86' lang='lat'><strong><em>‘</em></strong></span> 
     </span>
     <span class='ocr_line' id='line_1_11' title="bbox 850 1497 1645 1584; baseline 0 -22"><span class='ocrx_word' id='word_1_54' title='bbox 850 1499 1027 1565; x_wconf 87' lang='lat' dir='ltr'><strong>Distribuit</strong></span> <span class='ocrx_word' id='word_1_55' title='bbox 1049 1499 1141 1584; x_wconf 83' lang='lat' dir='ltr'><strong>larga</strong></span> <span class='ocrx_word' id='word_1_56' title='bbox 1163 1505 1272 1563; x_wconf 88' lang='lat' dir='ltr'><strong>mente</strong></span> <span class='ocrx_word' id='word_1_57' title='bbox 1296 1499 1330 1561; x_wconf 93' lang='lat' dir='ltr'><strong>in</strong></span> <span class='ocrx_word' id='word_1_58' title='bbox 1353 1497 1489 1562; x_wconf 88' lang='lat' dir='ltr'><strong>donaria</strong></span> <span class='ocrx_word' id='word_1_59' title='bbox 1512 1497 1645 1572; x_wconf 82' lang='lat' dir='ltr'><strong>Christi,</strong></span> 
     </span>
     <span class='ocr_line' id='line_1_12' title="bbox 852 1603 1719 1690; baseline -0.001 -22"><span class='ocrx_word' id='word_1_60' title='bbox 852 1603 986 1669; x_wconf 82' lang='lat' dir='ltr'><strong>Viribus</strong></span> <span class='ocrx_word' id='word_1_61' title='bbox 1009 1604 1145 1667; x_wconf 87' lang='lat' dir='ltr'><strong>intentis</strong></span> <span class='ocrx_word' id='word_1_62' title='bbox 1170 1608 1303 1667; x_wconf 88' lang='lat' dir='ltr'><strong>ornaret</strong></span> <span class='ocrx_word' id='word_1_63' title='bbox 1324 1609 1361 1666; x_wconf 89' lang='lat' dir='ltr'><strong>ut</strong></span> <span class='ocrx_word' id='word_1_64' title='bbox 1382 1603 1525 1688; x_wconf 93' lang='lat' dir='ltr'><strong>undique</strong></span> <span class='ocrx_word' id='word_1_65' title='bbox 1551 1605 1719 1690; x_wconf 88' lang='lat' dir='ltr'><strong>templum.</strong></span> 
     </span>
     <span class='ocr_line' id='line_1_13' title="bbox 851 1706 1688 1792; baseline 0.001 -21"><span class='ocrx_word' id='word_1_66' title='bbox 851 1707 897 1771; x_wconf 89' lang='lat' dir='ltr'><strong>Ut</strong></span> <span class='ocrx_word' id='word_1_67' title='bbox 919 1707 1020 1772; x_wconf 88' lang='lat' dir='ltr'><strong>decus</strong></span> <span class='ocrx_word' id='word_1_68' title='bbox 1043 1707 1213 1792; x_wconf 86' lang='lat' dir='ltr'><strong>egregium</strong></span> <span class='ocrx_word' id='word_1_69' title='bbox 1237 1706 1360 1770; x_wconf 92' lang='lat' dir='ltr'><strong>domini</strong></span> <span class='ocrx_word' id='word_1_70' title='bbox 1383 1707 1531 1771; x_wconf 87' lang='lat' dir='ltr'><strong>fulsisset</strong></span> <span class='ocrx_word' id='word_1_71' title='bbox 1553 1707 1688 1788; x_wconf 80' lang='lat' dir='ltr'><strong>honore,</strong></span> 
     </span>
     <span class='ocr_line' id='line_1_14' title="bbox 851 1809 1627 1884; baseline 0.003 -11"><span class='ocrx_word' id='word_1_72' title='bbox 851 1809 980 1874; x_wconf 87' lang='lat' dir='ltr'><strong>Divinis</strong></span> <span class='ocrx_word' id='word_1_73' title='bbox 1003 1817 1194 1875; x_wconf 86' lang='lat' dir='ltr'><strong>resonasset</strong></span> <span class='ocrx_word' id='word_1_74' title='bbox 1216 1831 1345 1874; x_wconf 88' lang='lat' dir='ltr'><strong>necnon</strong></span> <span class='ocrx_word' id='word_1_75' title='bbox 1366 1810 1519 1875; x_wconf 91' lang='lat' dir='ltr'><strong>laudibus</strong></span> <span class='ocrx_word' id='word_1_76' title='bbox 1542 1812 1627 1884; x_wconf 75' lang='lat' dir='ltr'><strong>aula,</strong></span> 
     </span>
     <span class='ocr_line' id='line_1_15' title="bbox 852 1913 1678 2000; baseline 0.001 -22"><span class='ocrx_word' id='word_1_77' title='bbox 852 1914 991 1978; x_wconf 84' lang='lat' dir='ltr'><strong>Fecerat</strong></span> <span class='ocrx_word' id='word_1_78' title='bbox 1012 1921 1049 1980; x_wconf 91' lang='lat' dir='ltr'><strong>ut</strong></span> <span class='ocrx_word' id='word_1_79' title='bbox 1071 1913 1194 1978; x_wconf 92' lang='lat' dir='ltr'><strong>domini</strong></span> <span class='ocrx_word' id='word_1_80' title='bbox 1218 1921 1373 2000; x_wconf 88' lang='lat' dir='ltr'><strong>septenas</strong></span> <span class='ocrx_word' id='word_1_81' title='bbox 1397 1921 1466 1978; x_wconf 87' lang='lat' dir='ltr'><strong>tota</strong></span> <span class='ocrx_word' id='word_1_82' title='bbox 1488 1936 1548 2000; x_wconf 86' lang='lat' dir='ltr'><strong>per</strong></span> <span class='ocrx_word' id='word_1_83' title='bbox 1568 1915 1678 1979; x_wconf 88' lang='lat' dir='ltr'><strong>horas.</strong></span> 
     </span>
     <span class='ocr_line' id='line_1_16' title="bbox 853 2017 1829 2105; baseline 0 -23"><span class='ocrx_word' id='word_1_84' title='bbox 853 2017 1010 2105; x_wconf 81' lang='lat' dir='ltr'><strong>Suscipe‚</strong></span> <span class='ocrx_word' id='word_1_85' title='bbox 1034 2018 1164 2084; x_wconf 84' lang='lat' dir='ltr'><strong>Christe</strong></span> <span class='ocrx_word' id='word_1_86' title='bbox 1188 2018 1288 2094; x_wconf 77' lang='lat' dir='ltr'><strong>deus,</strong></span> <span class='ocrx_word' id='word_1_87' title='bbox 1318 2019 1463 2082; x_wconf 89' lang='lat' dir='ltr'><strong>clemens</strong></span> <span class='ocrx_word' id='word_1_88' title='bbox 1487 2018 1569 2082; x_wconf 87' lang='lat' dir='ltr'><strong>haec</strong></span> <span class='ocrx_word' id='word_1_89' title='bbox 1592 2020 1700 2083; x_wconf 88' lang='lat' dir='ltr'><strong>omnia</strong></span> <span class='ocrx_word' id='word_1_90' title='bbox 1722 2025 1829 2104; x_wconf 81' lang='lat' dir='ltr'><strong>grate,</strong></span> 
     </span>
     <span class='ocr_line' id='line_1_17' title="bbox 853 2122 1781 2209; baseline -0.002 -21"><span class='ocrx_word' id='word_1_91' title='bbox 853 2122 969 2209; x_wconf 90' lang='lat' dir='ltr'><strong>Deque</strong></span> <span class='ocrx_word' id='word_1_92' title='bbox 992 2125 1040 2188; x_wconf 87' lang='lat' dir='ltr'><strong>tui</strong></span> <span class='ocrx_word' id='word_1_93' title='bbox 1062 2124 1176 2189; x_wconf 87' lang='lat' dir='ltr'><strong>famuli</strong></span> <span class='ocrx_word' id='word_1_94' title='bbox 1199 2123 1351 2188; x_wconf 86' lang='lat' dir='ltr'><strong>manibus</strong></span> <span class='ocrx_word' id='word_1_95' title='bbox 1374 2123 1457 2188; x_wconf 89' lang='lat' dir='ltr'><strong>haee</strong></span> <span class='ocrx_word' id='word_1_96' title='bbox 1480 2129 1570 2204; x_wconf 87' lang='lat' dir='ltr'><strong>vota,</strong></span> <span class='ocrx_word' id='word_1_97' title='bbox 1599 2144 1781 2208; x_wconf 87' lang='lat' dir='ltr'><strong>precamur.</strong></span> 
     </span>
     <span class='ocr_line' id='line_1_18' title="bbox 852 2228 1706 2314; baseline -0.001 -21"><span class='ocrx_word' id='word_1_98' title='bbox 852 2229 968 2314; x_wconf 80' lang='lat' dir='ltr'><strong>Tuque</strong></span> <span class='ocrx_word' id='word_1_99' title='bbox 994 2229 1047 2294; x_wconf 89' lang='lat' dir='ltr'><strong>dei</strong></span> <span class='ocrx_word' id='word_1_100' title='bbox 1071 2229 1225 2314; x_wconf 77' lang='lat' dir='ltr'><strong>genitrix,</strong></span> <span class='ocrx_word' id='word_1_101' title='bbox 1249 2229 1456 2293; x_wconf 88' lang='lat' dir='ltr'><strong>sanctissima</strong></span> <span class='ocrx_word' id='word_1_102' title='bbox 1478 2230 1569 2313; x_wconf 83' lang='lat' dir='ltr'><strong>virgo</strong></span> <span class='ocrx_word' id='word_1_103' title='bbox 1593 2228 1706 2308; x_wconf 79' lang='lat' dir='ltr'><strong>Maria,</strong></span> 
     </span>
     <span class='ocr_line' id='line_1_19' title="bbox 854 2332 1698 2418; baseline 0 -22"><span class='ocrx_word' id='word_1_104' title='bbox 854 2333 1027 2398; x_wconf 79' lang='lat' dir='ltr'><strong>Auxiliare</strong></span> <span class='ocrx_word' id='word_1_105' title='bbox 1051 2354 1167 2418; x_wconf 91' lang='lat' dir='ltr'><strong>preces</strong></span> <span class='ocrx_word' id='word_1_106' title='bbox 1191 2332 1401 2414; x_wconf 86' lang='lat' dir='ltr'><strong>famulorum,</strong></span> <span class='ocrx_word' id='word_1_107' title='bbox 1425 2333 1534 2418; x_wconf 81' lang='lat' dir='ltr'><strong>virgo,</strong></span> <span class='ocrx_word' id='word_1_108' title='bbox 1557 2340 1698 2410; x_wconf 77' lang='lat' dir='ltr'><strong>tuorum,</strong></span> 
     </span>
     <span class='ocr_line' id='line_1_20' title="bbox 853 2436 1762 2522; baseline -0.002 -22"><span class='ocrx_word' id='word_1_109' title='bbox 853 2436 947 2501; x_wconf 87' lang='lat' dir='ltr'><strong>Haec</strong></span> <span class='ocrx_word' id='word_1_110' title='bbox 972 2443 1101 2501; x_wconf 86' lang='lat' dir='ltr'><strong>saerata</strong></span> <span class='ocrx_word' id='word_1_111' title='bbox 1122 2444 1178 2501; x_wconf 91' lang='lat' dir='ltr'><strong>tuo</strong></span> <span class='ocrx_word' id='word_1_112' title='bbox 1202 2438 1355 2521; x_wconf 91' lang='lat' dir='ltr'><strong>quoniam</strong></span> <span class='ocrx_word' id='word_1_113' title='bbox 1379 2443 1454 2500; x_wconf 92' lang='lat' dir='ltr'><strong>sunt</strong></span> <span class='ocrx_word' id='word_1_114' title='bbox 1477 2437 1607 2501; x_wconf 92' lang='lat' dir='ltr'><strong>nomine</strong></span> <span class='ocrx_word' id='word_1_115' title='bbox 1631 2436 1762 2522; x_wconf 89' lang='lat' dir='ltr'><strong>templa.</strong></span> 
     </span>
     <span class='ocr_line' id='line_1_21' title="bbox 852 2539 1865 2626; baseline 0.004 -22"><span class='ocrx_word' id='word_1_116' title='bbox 852 2540 918 2605; x_wconf 90' lang='lat' dir='ltr'><strong>Hic</strong></span> <span class='ocrx_word' id='word_1_117' title='bbox 940 2542 1027 2620; x_wconf 83' lang='lat' dir='ltr'><strong>laus,</strong></span> <span class='ocrx_word' id='word_1_118' title='bbox 1050 2541 1174 2622; x_wconf 87' lang='lat' dir='ltr'><strong>cultus,</strong></span> <span class='ocrx_word' id='word_1_119' title='bbox 1198 2540 1302 2604; x_wconf 90' lang='lat' dir='ltr'><strong>honor</strong></span> <span class='ocrx_word' id='word_1_120' title='bbox 1323 2546 1478 2604; x_wconf 87' lang='lat' dir='ltr'><strong>maneant</strong></span> <span class='ocrx_word' id='word_1_121' title='bbox 1500 2561 1560 2626; x_wconf 90' lang='lat' dir='ltr'><strong>per</strong></span> <span class='ocrx_word' id='word_1_122' title='bbox 1582 2541 1693 2604; x_wconf 88' lang='lat' dir='ltr'><strong>seculo</strong></span> <span class='ocrx_word' id='word_1_123' title='bbox 1715 2539 1865 2609; x_wconf 83' lang='lat' dir='ltr'><strong>Christo,</strong></span> 
     </span>
     <span class='ocr_line' id='line_1_22' title="bbox 856 2645 1784 2732; baseline -0.001 -21"><span class='ocrx_word' id='word_1_124' title='bbox 856 2646 935 2727; x_wconf 86' lang='lat' dir='ltr'><strong>Die,</strong></span> <span class='ocrx_word' id='word_1_125' title='bbox 961 2668 1058 2732; x_wconf 79' lang='lat' dir='ltr'><strong>rogo,</strong></span> <span class='ocrx_word' id='word_1_126' title='bbox 1081 2653 1117 2710; x_wconf 91' lang='lat' dir='ltr'><strong>tu</strong></span> <span class='ocrx_word' id='word_1_127' title='bbox 1139 2647 1264 2728; x_wconf 82' lang='lat' dir='ltr'><strong>lector,</strong></span> <span class='ocrx_word' id='word_1_128' title='bbox 1287 2646 1470 2726; x_wconf 83' lang='lat' dir='ltr'><strong>‘Albinum‚</strong></span> <span class='ocrx_word' id='word_1_129' title='bbox 1500 2645 1647 2726; x_wconf 71' lang='lat' dir='ltr'><strong>Christe,</strong></span> <span class='ocrx_word' id='word_1_130' title='bbox 1670 2646 1784 2710; x_wconf 83' lang='lat' dir='ltr'><strong>tuere&#39;.</strong></span> 
     </span>
    </p>
   </div>
   <div class='ocr_carea' id='block_1_3' title="bbox 1240 3076 1380 3141">
    <p class='ocr_par' dir='ltr' id='par_1_3' title="bbox 1240 3076 1380 3141">
     <span class='ocr_line' id='line_1_23' title="bbox 1240 3076 1380 3141; baseline -0.007 0"><span class='ocrx_word' id='word_1_131' title='bbox 1240 3076 1380 3141; x_wconf 86' lang='lat' dir='ltr'>LXVII.</span> 
     </span>
    </p>
   </div>
   <div class='ocr_carea' id='block_1_4' title="bbox 787 3212 1846 4651">
    <p class='ocr_par' dir='ltr' id='par_1_4' title="bbox 850 3212 1846 4112">
     <span class='ocr_line' id='line_1_24' title="bbox 852 3212 1708 3282; baseline -0.005 0"><span class='ocrx_word' id='word_1_132' title='bbox 852 3218 951 3282; x_wconf 91' lang='lat' dir='ltr'><strong>Hune</strong></span> <span class='ocrx_word' id='word_1_133' title='bbox 975 3218 1094 3282; x_wconf 89' lang='lat' dir='ltr'><strong>ancilla</strong></span> <span class='ocrx_word' id='word_1_134' title='bbox 1116 3216 1170 3281; x_wconf 91' lang='lat' dir='ltr'><strong>dei</strong></span> <span class='ocrx_word' id='word_1_135' title='bbox 1192 3216 1257 3280; x_wconf 89' lang='lat' dir='ltr'><strong>iam</strong></span> <span class='ocrx_word' id='word_1_136' title='bbox 1280 3217 1423 3280; x_wconf 89' lang='lat' dir='ltr'><strong>iusserat</strong></span> <span class='ocrx_word' id='word_1_137' title='bbox 1444 3212 1540 3278; x_wconf 77' lang='lat' dir='ltr'><strong>Ava²</strong></span> <span class='ocrx_word' id='word_1_138' title='bbox 1562 3213 1708 3280; x_wconf 92' lang='lat' dir='ltr'><strong>libellum</strong></span> 
     </span>
     <span class='ocr_line' id='line_1_25' title="bbox 853 3317 1676 3406; baseline -0.002 -21"><span class='ocrx_word' id='word_1_139' title='bbox 853 3320 1005 3386; x_wconf 85' lang='lat' dir='ltr'><strong>Scribere</strong></span> <span class='ocrx_word' id='word_1_140' title='bbox 1029 3341 1228 3406; x_wconf 85' lang='lat' dir='ltr'><strong>praemagno</strong></span> <span class='ocrx_word' id='word_1_141' title='bbox 1252 3319 1374 3383; x_wconf 93' lang='lat' dir='ltr'><strong>domini</strong></span> <span class='ocrx_word' id='word_1_142' title='bbox 1397 3317 1538 3383; x_wconf 88' lang='lat' dir='ltr'><strong>deducta</strong></span> <span class='ocrx_word' id='word_1_143' title='bbox 1559 3319 1676 3383; x_wconf 90' lang='lat' dir='ltr'><strong>timore</strong></span> 
     </span>
     <span class='ocr_line' id='line_1_26' title="bbox 850 3423 1821 3510; baseline 0 -22"><span class='ocrx_word' id='word_1_144' title='bbox 850 3423 904 3488; x_wconf 80' lang='lat' dir='ltr'><strong>Ad</strong></span> <span class='ocrx_word' id='word_1_145' title='bbox 928 3424 1029 3490; x_wconf 89' lang='lat' dir='ltr'><strong>decus</strong></span> <span class='ocrx_word' id='word_1_146' title='bbox 1053 3425 1216 3490; x_wconf 90' lang='lat' dir='ltr'><strong>eeclesiae</strong></span> <span class='ocrx_word' id='word_1_147' title='bbox 1240 3425 1404 3510; x_wconf 89' lang='lat' dir='ltr'><strong>propriam</strong></span> <span class='ocrx_word' id='word_1_148' title='bbox 1428 3424 1525 3488; x_wconf 92' lang='lat' dir='ltr'><strong>simul</strong></span> <span class='ocrx_word' id='word_1_149' title='bbox 1548 3423 1646 3508; x_wconf 91' lang='lat' dir='ltr'><strong>inque</strong></span> <span class='ocrx_word' id='word_1_150' title='bbox 1670 3424 1821 3488; x_wconf 87' lang='lat' dir='ltr'><strong>salutem.</strong></span> 
     </span>
     <span class='ocr_line' id='line_1_27' title="bbox 852 3526 1621 3614; baseline -0.003 -22"><span class='ocrx_word' id='word_1_151' title='bbox 852 3527 972 3592; x_wconf 88' lang='lat' dir='ltr'><strong>Omnia</strong></span> <span class='ocrx_word' id='word_1_152' title='bbox 993 3529 1138 3614; x_wconf 85' lang='lat' dir='ltr'><strong>florigeri</strong></span> <span class='ocrx_word' id='word_1_153' title='bbox 1161 3527 1276 3614; x_wconf 89' lang='lat' dir='ltr'><strong>pandit</strong></span> <span class='ocrx_word' id='word_1_154' title='bbox 1299 3527 1476 3613; x_wconf 89' lang='lat' dir='ltr'><strong>primordia</strong></span> <span class='ocrx_word' id='word_1_155' title='bbox 1498 3526 1621 3606; x_wconf 84' lang='lat' dir='ltr'><strong>mundi,</strong></span> 
     </span>
     <span class='ocr_line' id='line_1_28' title="bbox 851 3630 1703 3717; baseline -0.001 -22"><span class='ocrx_word' id='word_1_156' title='bbox 851 3630 1064 3717; x_wconf 83' lang='lat' dir='ltr'><strong>Eventusque</strong></span> <span class='ocrx_word' id='word_1_157' title='bbox 1088 3632 1185 3696; x_wconf 86' lang='lat' dir='ltr'><strong>simul</strong></span> <span class='ocrx_word' id='word_1_158' title='bbox 1208 3631 1312 3695; x_wconf 88' lang='lat' dir='ltr'><strong>seculi</strong></span> <span class='ocrx_word' id='word_1_159' title='bbox 1336 3653 1395 3717; x_wconf 91' lang='lat' dir='ltr'><strong>per</strong></span> <span class='ocrx_word' id='word_1_160' title='bbox 1419 3636 1568 3716; x_wconf 87' lang='lat' dir='ltr'><strong>tempora</strong></span> <span class='ocrx_word' id='word_1_161' title='bbox 1590 3631 1703 3715; x_wconf 87' lang='lat' dir='ltr'><strong>longa:</strong></span> 
     </span>
     <span class='ocr_line' id='line_1_29' title="bbox 851 3733 1840 3819; baseline -0.001 -21"><span class='ocrx_word' id='word_1_162' title='bbox 851 3733 943 3807; x_wconf 82' lang='lat' dir='ltr'><strong>Quae</strong></span> <span class='ocrx_word' id='word_1_163' title='bbox 967 3733 1058 3798; x_wconf 89' lang='lat' dir='ltr'><strong>dedit</strong></span> <span class='ocrx_word' id='word_1_164' title='bbox 1081 3735 1288 3819; x_wconf 88' lang='lat' dir='ltr'><strong>omnipotens</strong></span> <span class='ocrx_word' id='word_1_165' title='bbox 1311 3733 1433 3797; x_wconf 92' lang='lat' dir='ltr'><strong>homini</strong></span> <span class='ocrx_word' id='word_1_166' title='bbox 1458 3741 1490 3796; x_wconf 94' lang='lat' dir='ltr'><strong>et</strong></span> <span class='ocrx_word' id='word_1_167' title='bbox 1512 3740 1689 3819; x_wconf 88' lang='lat' dir='ltr'><strong>praecepta</strong></span> <span class='ocrx_word' id='word_1_168' title='bbox 1713 3734 1840 3814; x_wconf 88' lang='lat' dir='ltr'><strong>salutis,</strong></span> 
     </span>
     <span class='ocr_line' id='line_1_30' title="bbox 851 3835 1671 3914; baseline -0.004 -12"><span class='ocrx_word' id='word_1_169' title='bbox 851 3837 971 3902; x_wconf 90' lang='lat' dir='ltr'><strong>Omnia</strong></span> <span class='ocrx_word' id='word_1_170' title='bbox 993 3837 1184 3902; x_wconf 88' lang='lat' dir='ltr'><strong>celsithroni</strong></span> <span class='ocrx_word' id='word_1_171' title='bbox 1207 3858 1335 3900; x_wconf 89' lang='lat' dir='ltr'><strong>necnon</strong></span> <span class='ocrx_word' id='word_1_172' title='bbox 1356 3837 1514 3900; x_wconf 86' lang='lat' dir='ltr'><strong>miracula</strong></span> <span class='ocrx_word' id='word_1_173' title='bbox 1538 3835 1671 3914; x_wconf 83' lang='lat' dir='ltr'><strong>Christi,</strong></span> 
     </span>
     <span class='ocr_line' id='line_1_31' title="bbox 850 3943 1846 4030; baseline 0 -22"><span class='ocrx_word' id='word_1_174' title='bbox 850 3943 896 4008; x_wconf 84' lang='lat' dir='ltr'><strong>Et</strong></span> <span class='ocrx_word' id='word_1_175' title='bbox 918 3965 1011 4030; x_wconf 91' lang='lat' dir='ltr'><strong>spem</strong></span> <span class='ocrx_word' id='word_1_176' title='bbox 1034 3951 1213 4030; x_wconf 88' lang='lat' dir='ltr'><strong>perpetuae</strong></span> <span class='ocrx_word' id='word_1_177' title='bbox 1238 3943 1418 4029; x_wconf 86' lang='lat' dir='ltr'><strong>posthaec</strong></span> <span class='ocrx_word' id='word_1_178' title='bbox 1442 3964 1569 4027; x_wconf 89' lang='lat' dir='ltr'><strong>qnoque</strong></span> <span class='ocrx_word' id='word_1_179' title='bbox 1594 3945 1726 4008; x_wconf 87' lang='lat' dir='ltr'><strong>saecula</strong></span> <span class='ocrx_word' id='word_1_180' title='bbox 1747 3943 1846 4022; x_wconf 72' lang='lat' dir='ltr'><strong>vitae,</strong></span> 
     </span>
     <span class='ocr_line' id='line_1_32' title="bbox 853 4046 1731 4112; baseline -0.001 -1"><span class='ocrx_word' id='word_1_181' title='bbox 853 4047 1007 4112; x_wconf 86' lang='lat' dir='ltr'><strong>Continet</strong></span> <span class='ocrx_word' id='word_1_182' title='bbox 1029 4048 1092 4112; x_wconf 92' lang='lat' dir='ltr'><strong>iste</strong></span> <span class='ocrx_word' id='word_1_183' title='bbox 1117 4048 1215 4111; x_wconf 88' lang='lat' dir='ltr'><strong>etiam</strong></span> <span class='ocrx_word' id='word_1_184' title='bbox 1238 4046 1344 4111; x_wconf 83' lang='lat' dir='ltr'><strong>codex</strong></span> <span class='ocrx_word' id='word_1_185' title='bbox 1366 4046 1448 4110; x_wconf 86' lang='lat' dir='ltr'><strong>haec</strong></span> <span class='ocrx_word' id='word_1_186' title='bbox 1471 4047 1579 4110; x_wconf 90' lang='lat' dir='ltr'><strong>omnia</strong></span> <span class='ocrx_word' id='word_1_187' title='bbox 1602 4047 1731 4110; x_wconf 78' lang='lat' dir='ltr'><strong>solus³2</strong></span> 
     </span>
    </p>

    <p class='ocr_par' dir='ltr' id='par_1_5' title="bbox 787 4149 1845 4651">
     <span class='ocr_line' id='line_1_33' title="bbox 787 4149 1668 4236; baseline 0.001 -23"><span class='ocrx_word' id='word_1_188' title='bbox 787 4173 788 4176; x_wconf 45' lang='lat'>¹</span> <span class='ocrx_word' id='word_1_189' title='bbox 853 4149 980 4214; x_wconf 90' lang='lat' dir='ltr'><strong>Idcirco</strong></span> <span class='ocrx_word' id='word_1_190' title='bbox 1003 4151 1036 4214; x_wconf 94' lang='lat' dir='ltr'><strong>in</strong></span> <span class='ocrx_word' id='word_1_191' title='bbox 1057 4172 1176 4235; x_wconf 84' lang='lat' dir='ltr'><strong>magno</strong></span> <span class='ocrx_word' id='word_1_192' title='bbox 1201 4171 1331 4236; x_wconf 87' lang='lat' dir='ltr'><strong>semper</strong></span> <span class='ocrx_word' id='word_1_193' title='bbox 1353 4150 1514 4214; x_wconf 87' lang='lat' dir='ltr'><strong>habeatur</strong></span> <span class='ocrx_word' id='word_1_194' title='bbox 1536 4149 1668 4214; x_wconf 92' lang='lat' dir='ltr'><strong>honore.</strong></span> 
     </span>
     <span class='ocr_line' id='line_1_34' title="bbox 851 4253 1833 4340; baseline 0 -23"><span class='ocrx_word' id='word_1_195' title='bbox 851 4253 917 4334; x_wconf 82' lang='lat' dir='ltr'><strong>Da,</strong></span> <span class='ocrx_word' id='word_1_196' title='bbox 949 4275 1044 4339; x_wconf 85' lang='lat' dir='ltr'><strong>roge,</strong></span> <span class='ocrx_word' id='word_1_197' title='bbox 1073 4254 1204 4319; x_wconf 86' lang='lat' dir='ltr'><strong>Christo</strong></span> <span class='ocrx_word' id='word_1_198' title='bbox 1227 4261 1360 4340; x_wconf 82' lang='lat' dir='ltr'><strong>potens,</strong></span> <span class='ocrx_word' id='word_1_199' title='bbox 1391 4262 1546 4319; x_wconf 87' lang='lat' dir='ltr'><strong>aeternae</strong></span> <span class='ocrx_word' id='word_1_200' title='bbox 1569 4254 1715 4339; x_wconf 88' lang='lat' dir='ltr'><strong>praemia</strong></span> <span class='ocrx_word' id='word_1_201' title='bbox 1736 4254 1833 4330; x_wconf 74' lang='lat' dir='ltr'><strong>vitae,</strong></span> 
     </span>
     <span class='ocr_line' id='line_1_35' title="bbox 851 4357 1845 4444; baseline 0 -23"><span class='ocrx_word' id='word_1_202' title='bbox 851 4357 967 4442; x_wconf 90' lang='lat' dir='ltr'><strong>Daque</strong></span> <span class='ocrx_word' id='word_1_203' title='bbox 990 4365 1067 4422; x_wconf 83' lang='lat' dir='ltr'><strong>tuac</strong></span> <span class='ocrx_word' id='word_1_204' title='bbox 1090 4359 1248 4436; x_wconf 74' lang='lat' dir='ltr'><strong>famulae,</strong></span> <span class='ocrx_word' id='word_1_205' title='bbox 1273 4381 1355 4444; x_wconf 88' lang='lat' dir='ltr'><strong>quae</strong></span> <span class='ocrx_word' id='word_1_206' title='bbox 1380 4357 1522 4422; x_wconf 90' lang='lat' dir='ltr'><strong>seribere</strong></span> <span class='ocrx_word' id='word_1_207' title='bbox 1547 4358 1689 4421; x_wconf 87' lang='lat' dir='ltr'><strong>iusserat</strong></span> <span class='ocrx_word' id='word_1_208' title='bbox 1712 4359 1810 4421; x_wconf 92' lang='lat' dir='ltr'><strong>istum</strong></span> <span class='ocrx_word' id='word_1_209' title='bbox 1821 4358 1845 4437; x_wconf 72' lang='lat'><strong>⁴,</strong></span> 
     </span>
     <span class='ocr_line' id='line_1_36' title="bbox 853 4460 1727 4548; baseline -0.001 -22"><span class='ocrx_word' id='word_1_210' title='bbox 853 4462 899 4526; x_wconf 88' lang='lat' dir='ltr'><strong>Ut</strong></span> <span class='ocrx_word' id='word_1_211' title='bbox 922 4462 1068 4546; x_wconf 89' lang='lat' dir='ltr'><strong>requiem</strong></span> <span class='ocrx_word' id='word_1_212' title='bbox 1091 4462 1273 4548; x_wconf 91' lang='lat' dir='ltr'><strong>posthanc</strong></span> <span class='ocrx_word' id='word_1_213' title='bbox 1296 4464 1395 4526; x_wconf 83' lang='lat' dir='ltr'><strong>vitam</strong></span> <span class='ocrx_word' id='word_1_214' title='bbox 1419 4467 1584 4525; x_wconf 90' lang='lat' dir='ltr'><strong>mereatur</strong></span> <span class='ocrx_word' id='word_1_215' title='bbox 1606 4460 1727 4525; x_wconf 86' lang='lat' dir='ltr'><strong>habere</strong></span> 
     </span>
     <span class='ocr_line' id='line_1_37' title="bbox 853 4565 1809 4651; baseline -0.001 -21"><span class='ocrx_word' id='word_1_216' title='bbox 853 4565 1071 4651; x_wconf 80' lang='lat' dir='ltr'><strong>Perpetuam,</strong></span> <span class='ocrx_word' id='word_1_217' title='bbox 1095 4587 1232 4631; x_wconf 90' lang='lat' dir='ltr'><strong>numero</strong></span> <span class='ocrx_word' id='word_1_218' title='bbox 1256 4572 1442 4630; x_wconf 88' lang='lat' dir='ltr'><strong>sanctorum</strong></span> <span class='ocrx_word' id='word_1_219' title='bbox 1467 4567 1578 4629; x_wconf 91' lang='lat' dir='ltr'><strong>iuncta</strong></span> <span class='ocrx_word' id='word_1_220' title='bbox 1600 4587 1659 4650; x_wconf 89' lang='lat' dir='ltr'><strong>per</strong></span> <span class='ocrx_word' id='word_1_221' title='bbox 1682 4587 1809 4630; x_wconf 86' lang='lat' dir='ltr'><strong>aevum.</strong></span> 
     </span>
    </p>
   </div>
   <div class='ocr_carea' id='block_1_5' title="bbox 596 4743 2062 4765">
    <p class='ocr_par' dir='ltr' id='par_1_6' title="bbox 596 4743 2062 4765">
     <span class='ocr_line' id='line_1_38' title="bbox 596 4743 2062 4765; baseline -0.003 -14"><span class='ocrx_word' id='word_1_222' title='bbox 596 4745 863 4754; x_wconf 47' lang='lat'><strong>-.-.------„</strong></span> <span class='ocrx_word' id='word_1_223' title='bbox 872 4743 1072 4750; x_wconf 49' lang='grc' dir='ltr'><strong>-.ΜΨ---</strong></span> <span class='ocrx_word' id='word_1_224' title='bbox 1081 4744 1217 4749; x_wconf 77' lang='grc'><strong>.----,</strong></span> <span class='ocrx_word' id='word_1_225' title='bbox 1228 4744 1272 4748; x_wconf 74' lang='grc'><strong>,.-,</strong></span> <span class='ocrx_word' id='word_1_226' title='bbox 1281 4744 1371 4748; x_wconf 66' lang='grc'>,..-.,.</span> <span class='ocrx_word' id='word_1_227' title='bbox 1387 4744 1461 4748; x_wconf 77' lang='grc'><strong>---,,</strong></span> <span class='ocrx_word' id='word_1_228' title='bbox 1477 4745 1485 4748; x_wconf 91' lang='grc'>.</span> <span class='ocrx_word' id='word_1_229' title='bbox 1545 4743 1592 4748; x_wconf 43' lang='lat' dir='ltr'><strong>m„</strong></span> <span class='ocrx_word' id='word_1_230' title='bbox 1602 4744 1622 4748; x_wconf 68' lang='grc'>-</span> <span class='ocrx_word' id='word_1_231' title='bbox 1640 4744 2062 4765; x_wconf 39' lang='lat' dir='ltr'><strong>*Q</strong></span> 
     </span>
    </p>
   </div>
   <div class='ocr_carea' id='block_1_6' title="bbox 481 4860 2178 5015">
    <p class='ocr_par' dir='ltr' id='par_1_7' title="bbox 481 4860 2178 5015">
     <span class='ocr_line' id='line_1_39' title="bbox 586 4860 2178 4942; baseline 0.006 -29"><span class='ocrx_word' id='word_1_232' title='bbox 586 4860 596 4929; x_wconf 77' lang='grc' dir='ltr'>Η</span> <span class='ocrx_word' id='word_1_233' title='bbox 617 4861 653 4929; x_wconf 84' lang='grc' dir='ltr'>[ιι]</span> <span class='ocrx_word' id='word_1_234' title='bbox 678 4862 783 4926; x_wconf 80' lang='lat' dir='ltr'><strong>Versus,</strong></span> <span class='ocrx_word' id='word_1_235' title='bbox 806 4863 850 4927; x_wconf 78' lang='lat' dir='ltr'><strong>pai</strong></span> <span class='ocrx_word' id='word_1_236' title='bbox 872 4871 1025 4928; x_wconf 65' lang='lat' dir='ltr'><strong>sequeremur,</strong></span> <span class='ocrx_word' id='word_1_237' title='bbox 1056 4880 1110 4912; x_wconf 80' lang='lat' dir='ltr'><strong>oon</strong></span> <span class='ocrx_word' id='word_1_238' title='bbox 1132 4862 1168 4911; x_wconf 85' lang='lat' dir='ltr'><strong>ad</strong></span> <span class='ocrx_word' id='word_1_239' title='bbox 1195 4862 1301 4923; x_wconf 76' lang='lat' dir='ltr'><strong>codicis,</strong></span> <span class='ocrx_word' id='word_1_240' title='bbox 1333 4862 1378 4912; x_wconf 75' lang='lat' dir='ltr'><strong>eccl</strong></span> <span class='ocrx_word' id='word_1_241' title='bbox 1401 4862 1437 4911; x_wconf 83' lang='lat' dir='ltr'><strong>ad</strong></span> <span class='ocrx_word' id='word_1_242' title='bbox 1459 4863 1577 4913; x_wconf 81' lang='lat' dir='ltr'><strong>ecclesiae</strong></span> <span class='ocrx_word' id='word_1_243' title='bbox 1601 4881 1619 4912; x_wconf 88' lang='lat' dir='ltr'><strong>a</strong></span> <span class='ocrx_word' id='word_1_244' title='bbox 1639 4863 1762 4927; x_wconf 70' lang='lat' dir='ltr'><strong>(lanfrido</strong></span> <span class='ocrx_word' id='word_1_245' title='bbox 1783 4872 1953 4919; x_wconf 79' lang='lat' dir='ltr'><strong>restauratae</strong></span> <span class='ocrx_word' id='word_1_246' title='bbox 1974 4872 2178 4942; x_wconf 64' lang='lat' dir='ltr'><strong>insci-:primm</strong></span> 
     </span>
     <span class='ocr_line' id='line_1_40' title="bbox 481 4946 1800 5015; baseline 0 -15"><span class='ocrx_word' id='word_1_247' title='bbox 481 4951 611 5015; x_wconf 77' lang='lat' dir='ltr'><strong>pertinere</strong></span> <span class='ocrx_word' id='word_1_248' title='bbox 632 4959 697 5000; x_wconf 82' lang='lat' dir='ltr'><strong>recte</strong></span> <span class='ocrx_word' id='word_1_249' title='bbox 714 4951 837 5000; x_wconf 77' lang='lat' dir='ltr'><strong>intelleoit</strong></span> <span class='ocrx_word' id='word_1_250' title='bbox 854 4949 998 4999; x_wconf 83' lang='lat' dir='ltr'><strong>Froberu&#39;us</strong></span> <span class='ocrx_word' id='word_1_251' title='bbox 1013 4967 1040 5014; x_wconf 86' lang='lat' dir='ltr'><strong>p.</strong></span> <span class='ocrx_word' id='word_1_252' title='bbox 1060 4946 1111 4998; x_wconf 78' lang='lat'><strong>204</strong></span> <span class='ocrx_word' id='word_1_253' title='bbox 1129 4967 1181 4998; x_wconf 76' lang='lat' dir='ltr'><strong>ine</strong></span> <span class='ocrx_word' id='word_1_254' title='bbox 1284 4947 1301 4998; x_wconf 90' lang='lat'><strong>3</strong></span> <span class='ocrx_word' id='word_1_255' title='bbox 1318 4950 1495 5015; x_wconf 83' lang='lat' dir='ltr'><strong>praesulisque</strong></span> <span class='ocrx_word' id='word_1_256' title='bbox 1513 4951 1629 5000; x_wconf 88' lang='lat' dir='ltr'><strong>sacerdos</strong></span> <span class='ocrx_word' id='word_1_257' title='bbox 1645 4949 1674 5014; x_wconf 81' lang='lat' dir='ltr'><strong>Q,</strong></span> <span class='ocrx_word' id='word_1_258' title='bbox 1692 4969 1758 5000; x_wconf 78' lang='lat' dir='ltr'><strong>corr.</strong></span> <span class='ocrx_word' id='word_1_259' title='bbox 1771 4949 1800 5000; x_wconf 82' lang='lat' dir='ltr'><em>F</em></span> 
     </span>
    </p>
   </div>
   <div class='ocr_carea' id='block_1_7' title="bbox 488 5033 2177 5188">
    <p class='ocr_par' dir='ltr' id='par_1_8' title="bbox 488 5033 2177 5188">
     <span class='ocr_line' id='line_1_41' title="bbox 556 5033 2177 5114; baseline 0.012 -30"><span class='ocrx_word' id='word_1_260' title='bbox 556 5033 675 5101; x_wconf 81' lang='lat' dir='ltr'>[LXVII]</span> <span class='ocrx_word' id='word_1_261' title='bbox 711 5036 750 5086; x_wconf 85' lang='lat' dir='ltr'><strong>ed.</strong></span> <span class='ocrx_word' id='word_1_262' title='bbox 772 5036 835 5101; x_wconf 81' lang='lat' dir='ltr'><strong>Qp.</strong></span> <span class='ocrx_word' id='word_1_263' title='bbox 847 5033 983 5086; x_wconf 72' lang='lat'>1724-25</span> <span class='ocrx_word' id='word_1_264' title='bbox 1001 5054 1026 5085; x_wconf 81' lang='lat' dir='ltr'><strong>a.</strong></span> <span class='ocrx_word' id='word_1_265' title='bbox 1045 5036 1120 5098; x_wconf 78' lang='lat' dir='ltr'><strong>CCII,</strong></span> <span class='ocrx_word' id='word_1_266' title='bbox 1140 5035 1165 5083; x_wconf 86' lang='lat' dir='ltr'><em>Z</em></span> <span class='ocrx_word' id='word_1_267' title='bbox 1172 5033 1261 5100; x_wconf 70' lang='lat' dir='ltr'><em>f2‘28</em></span> <span class='ocrx_word' id='word_1_268' title='bbox 1370 5033 1471 5086; x_wconf 79' lang='lat' dir='ltr'><strong>lhula</strong></span> <span class='ocrx_word' id='word_1_269' title='bbox 1486 5036 1515 5097; x_wconf 84' lang='lat' dir='ltr'><strong>Q,</strong></span> <span class='ocrx_word' id='word_1_270' title='bbox 1533 5036 1625 5086; x_wconf 80' lang='grc' dir='ltr'>ΑιίιΖ</span> <span class='ocrx_word' id='word_1_271' title='bbox 1725 5034 1885 5086; x_wconf 70' lang='grc' dir='ltr'>ἳιΙοᾶιιοιιιιι</span> <span class='ocrx_word' id='word_1_272' title='bbox 1901 5039 1963 5100; x_wconf 76' lang='grc' dir='ltr'><strong>ΟΖ</strong></span> <span class='ocrx_word' id='word_1_273' title='bbox 2038 5053 2177 5114; x_wconf 85' lang='lat' dir='ltr'><strong>amoreQ</strong></span> 
     </span>
     <span class='ocr_line' id='line_1_42' title="bbox 488 5118 1608 5188; baseline -0.002 -16"><span class='ocrx_word' id='word_1_274' title='bbox 488 5119 599 5172; x_wconf 72' lang='lat' dir='ltr'><strong>dsimul</strong></span> <span class='ocrx_word' id='word_1_275' title='bbox 617 5121 710 5188; x_wconf 81' lang='lat' dir='ltr'><strong>geriQ</strong></span> <span class='ocrx_word' id='word_1_276' title='bbox 771 5141 772 5144; x_wconf 46' lang='lat'>¹</span> <span class='ocrx_word' id='word_1_277' title='bbox 815 5121 883 5172; x_wconf 86' lang='lat' dir='ltr'><strong>8Et</strong></span> <span class='ocrx_word' id='word_1_278' title='bbox 900 5121 1038 5188; x_wconf 85' lang='lat' dir='ltr'><strong>semperZ</strong></span> <span class='ocrx_word' id='word_1_279' title='bbox 1144 5118 1176 5170; x_wconf 77' lang='lat'><strong>12</strong></span> <span class='ocrx_word' id='word_1_280' title='bbox 1195 5122 1305 5187; x_wconf 79' lang='lat' dir='ltr'><strong>deinque</strong></span> <span class='ocrx_word' id='word_1_281' title='bbox 1318 5121 1344 5170; x_wconf 84' lang='lat' dir='ltr'><em>Z</em></span> <span class='ocrx_word' id='word_1_282' title='bbox 1409 5124 1570 5188; x_wconf 79' lang='lat' dir='ltr'><strong>famulaeque</strong></span> <span class='ocrx_word' id='word_1_283' title='bbox 1583 5121 1608 5170; x_wconf 79' lang='lat' dir='ltr'><strong>&#39;A</strong></span> 
     </span>
    </p>
   </div>
   <div class='ocr_carea' id='block_1_8' title="bbox 589 5273 2177 5371">
    <p class='ocr_par' dir='ltr' id='par_1_9' title="bbox 589 5273 2177 5371">
     <span class='ocr_line' id='line_1_43' title="bbox 589 5273 2177 5371; baseline 0.006 -26"><span class='ocrx_word' id='word_1_284' title='bbox 589 5293 616 5359; x_wconf 83' lang='lat'><strong>1)</strong></span> <span class='ocrx_word' id='word_1_285' title='bbox 636 5290 714 5346; x_wconf 84' lang='lat' dir='ltr'><strong>Haec</strong></span> <span class='ocrx_word' id='word_1_286' title='bbox 731 5290 765 5344; x_wconf 83' lang='lat' dir='ltr'><strong>de</strong></span> <span class='ocrx_word' id='word_1_287' title='bbox 783 5289 899 5344; x_wconf 78' lang='lat' dir='ltr'><strong>basilica</strong></span> <span class='ocrx_word' id='word_1_288' title='bbox 917 5291 1066 5344; x_wconf 82' lang='lat' dir='ltr'><strong>salvatoris</strong></span> <span class='ocrx_word' id='word_1_289' title='bbox 1090 5290 1120 5343; x_wconf 87' lang='lat' dir='ltr'><strong>ia</strong></span> <span class='ocrx_word' id='word_1_290' title='bbox 1142 5290 1308 5344; x_wconf 77' lang='lat' dir='ltr'><strong>rrwnaslerio</strong></span> <span class='ocrx_word' id='word_1_291' title='bbox 1326 5289 1511 5343; x_wconf 76' lang='lat' dir='ltr'><strong>Warthiaeirsi</strong></span> <span class='ocrx_word' id='word_1_292' title='bbox 1532 5307 1550 5342; x_wconf 90' lang='lat' dir='ltr'><strong>a</strong></span> <span class='ocrx_word' id='word_1_293' title='bbox 1568 5291 1597 5344; x_wconf 81' lang='lat' dir='ltr'><strong>S.</strong></span> <span class='ocrx_word' id='word_1_294' title='bbox 1617 5291 1760 5361; x_wconf 82' lang='lat' dir='ltr'><strong>Liudpero</strong></span> <span class='ocrx_word' id='word_1_295' title='bbox 1782 5273 1942 5346; x_wconf 76' lang='lat' dir='ltr'><strong>constructa</strong></span> <span class='ocrx_word' id='word_1_296' title='bbox 1971 5297 2177 5371; x_wconf 72' lang='lat' dir='ltr'><strong>interpretari·</strong></span> 
     </span>
    </p>
   </div>
   <div class='ocr_carea' id='block_1_9' title="bbox 485 5392 2173 5774">
    <p class='ocr_par' dir='ltr' id='par_1_10' title="bbox 485 5392 2173 5774">
     <span class='ocr_line' id='line_1_44' title="bbox 485 5392 2173 5464; baseline 0.009 -19"><span class='ocrx_word' id='word_1_297' title='bbox 485 5407 542 5445; x_wconf 81' lang='lat' dir='ltr'><strong>aea</strong></span> <span class='ocrx_word' id='word_1_298' title='bbox 559 5393 647 5456; x_wconf 83' lang='lat' dir='ltr'><strong>licere,</strong></span> <span class='ocrx_word' id='word_1_299' title='bbox 669 5393 827 5447; x_wconf 79' lang='lat' dir='ltr'><strong>Frobenias</strong></span> <span class='ocrx_word' id='word_1_300' title='bbox 845 5393 901 5445; x_wconf 84' lang='lat' dir='ltr'><strong>ium</strong></span> <span class='ocrx_word' id='word_1_301' title='bbox 915 5393 1067 5462; x_wconf 81' lang='lat' dir='ltr'><strong>perspexit.</strong></span> <span class='ocrx_word' id='word_1_302' title='bbox 1138 5393 1165 5458; x_wconf 75' lang='lat'><strong>2)</strong></span> <span class='ocrx_word' id='word_1_303' title='bbox 1188 5393 1326 5447; x_wconf 81' lang='lat' dir='ltr'><strong>Alcuinus</strong></span> <span class='ocrx_word' id='word_1_304' title='bbox 1350 5392 1589 5462; x_wconf 64' lang='lat' dir='ltr'><strong>sermedaula,</strong></span> <span class='ocrx_word' id='word_1_305' title='bbox 1619 5393 1713 5446; x_wconf 84' lang='lat' dir='ltr'><strong>Caroli</strong></span> <span class='ocrx_word' id='word_1_306' title='bbox 1736 5393 1811 5461; x_wconf 80' lang='lat' dir='ltr'><strong>repis</strong></span> <span class='ocrx_word' id='word_1_307' title='bbox 1828 5396 1933 5449; x_wconf 81' lang='lat' dir='ltr'><strong>sorori:</strong></span> <span class='ocrx_word' id='word_1_308' title='bbox 1960 5399 2061 5459; x_wconf 77' lang='lat' dir='ltr'><strong>Credo</strong></span> <span class='ocrx_word' id='word_1_309' title='bbox 2082 5410 2173 5464; x_wconf 85' lang='lat' dir='ltr'><strong>tede</strong></span> 
     </span>
     <span class='ocr_line' id='line_1_45' title="bbox 486 5494 2173 5582; baseline 0.004 -36"><span class='ocrx_word' id='word_1_310' title='bbox 486 5494 658 5548; x_wconf 86' lang='lat' dir='ltr'><strong>orationibus</strong></span> <span class='ocrx_word' id='word_1_311' title='bbox 677 5497 753 5550; x_wconf 84' lang='lat' dir='ltr'><strong>Avae</strong></span> <span class='ocrx_word' id='word_1_312' title='bbox 771 5497 870 5550; x_wconf 88' lang='lat' dir='ltr'><strong>sororis</strong></span> <span class='ocrx_word' id='word_1_313' title='bbox 888 5499 1000 5550; x_wconf 88' lang='lat' dir='ltr'><strong>nostrae</strong></span> <span class='ocrx_word' id='word_1_314' title='bbox 1018 5495 1138 5549; x_wconf 85' lang='lat' dir='ltr'><strong>fideliter</strong></span> <span class='ocrx_word' id='word_1_315' title='bbox 1155 5496 1245 5549; x_wconf 86' lang='lat' dir='ltr'><strong>fucere</strong></span> <span class='ocrx_word' id='word_1_316' title='bbox 1263 5498 1314 5566; x_wconf 86' lang='lat' dir='ltr'><strong>(ep.</strong></span> <span class='ocrx_word' id='word_1_317' title='bbox 1329 5497 1378 5550; x_wconf 81' lang='lat'><strong>152</strong></span> <span class='ocrx_word' id='word_1_318' title='bbox 1393 5513 1422 5566; x_wconf 90' lang='lat' dir='ltr'><strong>p.</strong></span> <span class='ocrx_word' id='word_1_319' title='bbox 1438 5498 1508 5564; x_wconf 73' lang='lat'>572).</span> <span class='ocrx_word' id='word_1_320' title='bbox 1546 5497 1589 5565; x_wconf 82' lang='lat' dir='ltr'><strong>Cf.</strong></span> <span class='ocrx_word' id='word_1_321' title='bbox 1603 5496 1763 5550; x_wconf 80' lang='lat' dir='ltr'><strong>Mobillonii</strong></span> <span class='ocrx_word' id='word_1_322' title='bbox 1779 5498 1852 5550; x_wconf 82' lang='lat' dir='ltr'><strong>Ana.</strong></span> <span class='ocrx_word' id='word_1_323' title='bbox 1870 5499 1990 5562; x_wconf 73' lang='lat' dir='ltr'><strong><em>1L327.</em></strong></span> <span class='ocrx_word' id='word_1_324' title='bbox 2072 5512 2103 5579; x_wconf 77' lang='lat'><strong>3)</strong></span> <span class='ocrx_word' id='word_1_325' title='bbox 2126 5517 2173 5582; x_wconf 53' lang='lat' dir='ltr'><strong>cs,</strong></span> 
     </span>
     <span class='ocr_line' id='line_1_46' title="bbox 485 5597 2173 5674; baseline 0.005 -24"><span class='ocrx_word' id='word_1_326' title='bbox 485 5613 580 5652; x_wconf 80' lang='lat' dir='ltr'><strong>uersus</strong></span> <span class='ocrx_word' id='word_1_327' title='bbox 593 5597 727 5667; x_wconf 79' lang='lat' dir='ltr'><strong>Gersrido</strong></span> <span class='ocrx_word' id='word_1_328' title='bbox 744 5617 785 5669; x_wconf 87' lang='lat' dir='ltr'><strong>ep.</strong></span> <span class='ocrx_word' id='word_1_329' title='bbox 802 5601 900 5656; x_wconf 84' lang='lat' dir='ltr'><strong>missos</strong></span> <span class='ocrx_word' id='word_1_330' title='bbox 918 5618 941 5654; x_wconf 81' lang='lat' dir='ltr'><strong>a.</strong></span> <span class='ocrx_word' id='word_1_331' title='bbox 953 5601 994 5655; x_wconf 81' lang='lat'><strong>12.</strong></span> <span class='ocrx_word' id='word_1_332' title='bbox 1064 5601 1091 5666; x_wconf 84' lang='lat'><strong>4)</strong></span> <span class='ocrx_word' id='word_1_333' title='bbox 1119 5599 1201 5652; x_wconf 81' lang='lat' dir='ltr'><strong>Addo</strong></span> <span class='ocrx_word' id='word_1_334' title='bbox 1218 5599 1262 5653; x_wconf 75' lang='lat' dir='ltr'><strong>laic</strong></span> <span class='ocrx_word' id='word_1_335' title='bbox 1279 5617 1378 5654; x_wconf 81' lang='lat' dir='ltr'><strong>versus</strong></span> <span class='ocrx_word' id='word_1_336' title='bbox 1397 5601 1510 5663; x_wconf 82' lang='lat' dir='ltr'><strong>similes,</strong></span> <span class='ocrx_word' id='word_1_337' title='bbox 1530 5602 1578 5669; x_wconf 79' lang='lat' dir='ltr'><strong>qui</strong></span> <span class='ocrx_word' id='word_1_338' title='bbox 1596 5601 1626 5654; x_wconf 83' lang='lat' dir='ltr'><strong>in</strong></span> <span class='ocrx_word' id='word_1_339' title='bbox 1642 5601 1697 5665; x_wconf 73' lang='lat' dir='ltr'><strong>fiae</strong></span> <span class='ocrx_word' id='word_1_340' title='bbox 1716 5601 1899 5669; x_wconf 80' lang='lat' dir='ltr'><strong>euaapelicrii</strong></span> <span class='ocrx_word' id='word_1_341' title='bbox 1916 5603 2027 5663; x_wconf 78' lang='lat' dir='ltr'><strong>litteris</strong></span> <span class='ocrx_word' id='word_1_342' title='bbox 2047 5620 2173 5674; x_wconf 57' lang='lat' dir='ltr'><strong>aarum</strong></span> 
     </span>
     <span class='ocr_line' id='line_1_47' title="bbox 488 5701 2035 5774; baseline 0.01 -21"><span class='ocrx_word' id='word_1_343' title='bbox 488 5701 707 5769; x_wconf 80' lang='lat' dir='ltr'><strong>splendidissime</strong></span> <span class='ocrx_word' id='word_1_344' title='bbox 725 5719 795 5758; x_wconf 81' lang='lat' dir='ltr'><strong>saec.</strong></span> <span class='ocrx_word' id='word_1_345' title='bbox 815 5705 871 5758; x_wconf 84' lang='lat' dir='ltr'><strong>IX.</strong></span> <span class='ocrx_word' id='word_1_346' title='bbox 890 5705 994 5774; x_wconf 81' lang='lat' dir='ltr'><strong>scripti,</strong></span> <span class='ocrx_word' id='word_1_347' title='bbox 1014 5702 1152 5772; x_wconf 67' lang='lat' dir='ltr'><strong>quotidem</strong></span> <span class='ocrx_word' id='word_1_348' title='bbox 1171 5702 1200 5755; x_wconf 86' lang='lat' dir='ltr'><strong>S.</strong></span> <span class='ocrx_word' id='word_1_349' title='bbox 1220 5702 1378 5772; x_wconf 77' lang='lat' dir='ltr'><strong>Masimini,</strong></span> <span class='ocrx_word' id='word_1_350' title='bbox 1397 5721 1471 5758; x_wconf 73' lang='lat' dir='ltr'><strong>narce</strong></span> <span class='ocrx_word' id='word_1_351' title='bbox 1494 5705 1664 5761; x_wconf 77' lang='lat' dir='ltr'><strong>Treaircnsis</strong></span> <span class='ocrx_word' id='word_1_352' title='bbox 1681 5705 1716 5758; x_wconf 75' lang='lat'><strong>22</strong></span> <span class='ocrx_word' id='word_1_353' title='bbox 1734 5705 1880 5773; x_wconf 79' lang='lat' dir='ltr'><em>(CXLVI)</em></span> <span class='ocrx_word' id='word_1_354' title='bbox 1900 5713 2035 5769; x_wconf 75' lang='lat' dir='ltr'><strong>exstant:</strong></span> 
     </span>
    </p>
   </div>
   <div class='ocr_carea' id='block_1_10' title="bbox 0 0 2318 6420">
    <p class='ocr_par' dir='ltr' id='par_1_11' title="bbox 0 0 2318 6420">
     <span class='ocr_line' id='line_1_48' title="bbox 0 0 2318 6420; baseline 0 0"><span class='ocrx_word' id='word_1_355' title='bbox 0 0 2318 6420; x_wconf 95' lang='lat' dir='ltr'><strong> </strong></span> 
     </span>
    </p>
   </div>
  </div>
 </body>
</html>
