4574 6442
990 411 1114 465 TITULI
1133 409 1271 467 CODlClS
1291 410 1474 465 PALATINI.

773 585 888 665 Roma,
911 590 1008 672 caput
1029 584 1116 666 fidei,
1139 585 1306 649 illustrant
1328 605 1425 668 quam
1447 583 1572 648 lumina
1594 583 1715 647 mundi.

703 712 714 748 s
772 687 865 774 Euge
889 695 1004 754 auctor
1027 689 1120 769 sacri,
1144 689 1298 775 princeps
1321 687 1542 768 Leutbrendc,
1565 687 1701 751 laboris!

773 791 821 856 Te
845 799 903 855 tua
925 791 1056 856 felicem
1080 792 1268 855 clamabunt
1290 799 1364 855 acta
1386 812 1446 878 per
1468 811 1596 868 aevum,

773 892 838 966 Qui
861 896 1012 982 propriae
1036 895 1144 979 gentis
1168 895 1304 980 cupiens
1328 915 1443 958 ornare
1467 894 1660 978 triumphos,

772 997 833 1062 llis
857 999 960 1062 titulis
983 998 1122 1084 patriam
1146 999 1283 1084 signasti
1307 998 1448 1082 donique
1471 1003 1583 1060 totam.

1096 1225 1129 1268 xr
1161 1203 1273 1269 ITEM
1294 1203 1368 1270 [Bl.

773 1333 928 1396 Continet
950 1333 1014 1396 ista
1037 1353 1152 1396 manus
1176 1333 1341 1415 mundum,
1364 1335 1542 1420 prosternit
1565 1334 1678 1412 elatos,

773 1437 816 1500 Et
838 1436 978 1500 humiles
1002 1437 1100 1521 erigit
1123 1437 1208 1500 iuste
1231 1438 1385 1503 miserata
1408 1439 1545 1522 roganti.

1090 1666 1133 1708 xn
1165 1643 1278 1709 ITEM
1299 1645 1374 1709 IBI.

763 1756 910 1846 'Quando
933 1774 1002 1838 Leo
1026 1775 1153 1854 cecidit,
1176 1776 1296 1840 misero
1320 1775 1451 1840 doctore
1476 1797 1603 1852 suasus,

774 1877 945 1944 scismatis
969 1880 1154 1944 inteream
1178 1887 1268 1944 recto
1292 1879 1332 1942 de
1357 1881 1498 1944 culmine
1523 1879 1678 1960 Cacsar¹‚

773 1981 865 2047 Tunc
889 2005 950 2068 ego
974 1984 1102 2069 regales
1125 1984 1225 2048 statui
1247 1984 1299 2047 his
1322 1984 1401 2048 mihi
1425 1983 1565 2048 condere
1588 1986 1730 2048 thermas

773 2085 990 2150 Marmoribus
1013 2086 1157 2172 pulchris
1180 2086 1362 2152 Leutbrant
1384 2108 1444 2151 rex
1466 2097 1565 2173 atque
1589 2088 1757 2152 columnis.

778 2187 844 2253 Sed
865 2188 1004 2254 Romam
1027 2209 1206 2276 properans
1228 2197 1401 2276 postquam
1424 2189 1563 2255 devotus
1587 2191 1627 2255 ad
1650 2193 1751 2278 ipsam

773 2292 913 2357 Perveni
937 2300 1034 2378 atque
1059 2315 1151 2358 sacro
1175 2294 1274 2379 capiti
1299 2315 1373 2357 mea
1395 2293 1488 2357 lrasia
1510 2294 1568 2356 fixi

777 2394 888 2458 Sancti
911 2394 1091 2476 Anastasii‚
1116 2416 1230 2459 servus
1255 2402 1341 2476 tuus,
1365 2417 1442 2459 cccc
1467 2403 1602 2480 repente

774 2496 917 2561 Paterna
938 2495 979 2560 de
1003 2497 1082 2561 sede
1105 2517 1177 2561 meo
1200 2497 1286 2561 haue
1308 2498 1341 2561 in
1364 2505 1508 2583 pectore,
1533 2497 1673 2574 Christe,

774 2599 981 2665 Praeclaram
1003 2599 1139 2665 fundare
1163 2600 1295 2666 domum
1318 2602 1378 2665 sub
1403 2602 1544 2666 culmine
1568 2611 1739 2666 monstras.

776 2703 912 2769 Talibus
936 2703 1022 2769 unde
1046 2727 1136 2770 meas
1160 2706 1299 2771 tendens
1322 2705 1364 2770 ad
1388 2705 1497 2770 sidera
1519 2707 1644 2792 palmas

772 2806 919 2872 Vocibus
943 2829 1016 2872 oro:
1042 2807 1116 2873 ‘Dei
1139 2809 1196 2888 fili,
1219 2831 1277 2895 pro
1300 2809 1397 2895 plebe
1420 2809 1521 2886 fideli,

775 2909 838 2983 Qui
860 2912 947 2996 regis
971 2912 1139 2996 angelicos
1163 2921 1286 2993 coetus,
1310 2913 1365 3000 qui
1389 2921 1506 2976 cuncta
1529 2913 1704 2996 gubernas,

773 3015 850 3096 Pac,
873 3037 998 3101 precor,
1023 3024 1058 3080 ut
1081 3023 1207 3080 oresoat
1228 3038 1356 3094 meeum
1380 3018 1562 3082 catholicus
1585 3019 1674 3101 ordo,

774 3117 817 3182 Et
840 3120 963 3205 templo
987 3119 1130 3184 concode
1153 3121 1209 3183 isti
1231 3126 1268 3184 ut
1292 3120 1459 3184 Salomoni
1482 3122 1632 3185 locutus’.

1062 3347 1117 3390 xm
1150 3325 1199 3390 IN
1221 3319 1414 3393 ALTARE.

772 3452 951 3518 'Caelcrum
974 3453 1135 3535 dominus,
1160 3455 1214 3540 qui
1237 3477 1310 3519 cum
1333 3463 1425 3542 patre
1449 3454 1594 3520 condidit
1617 3457 1740 3530 orbem,

859 3556 1014 3644 Disponit
1037 3566 1141 3624 terras
1164 3560 1291 3644 virgine
1314 3566 1410 3624 natus
1432 3560 1540 3624 homo.

774 3661 883 3746 thue
909 3661 1113 3727 sacerdotum
1135 3683 1316 3748 regumque
1340 3671 1391 3726 est
1415 3664 1515 3750 stirpe
1539 3670 1679 3742 crea-tua

858 3765 1019 3830 Providus
1042 3766 1118 3831 huic
1142 3766 1262 3831 mundo
1286 3774 1376 3830 curat
1398 3773 1571 3852 utrumque
1595 3768 1674 3851 geri.

707 3892 717 3927 s
776 3867 991 3935 'Proditores
1015 3869 1091 3934 fidei
1115 3871 1215 3935 Petro
1238 3877 1370 3956 pastore
1393 3871 1564 3956 regendas,

858 3969 947 4044 Quas
969 3975 1040 4038 vice
1064 3973 1258 4038 Hadrianc²
1280 3974 1429 4040 crederet
1451 3975 1599 4039 illosne.

775 4073 861 4146 Quin
885 4082 919 4138 et
941 4074 1126 4140 Romanum
1149 4078 1287 4162 largitur
1308 4079 1341 4141 in
1364 4079 1445 4142 urbe
1468 4078 1557 4143 fideli

861 4177 1039 4265 Imperium
1062 4181 1175 4244 famuli
1198 4181 1253 4267 qui
1274 4183 1429 4267 placuere
1454 4182 1526 4246 sibi.

776 4279 872 4354 Quod
895 4281 1032 4347 Carolus
1056 4284 1137 4349 mire
1161 4285 1495 4370 praecellentissimus
1518 4285 1571 4348 hio
1595 4307 1655 4348 rex

863 4385 1028 4474 Suscipict
1050 4388 1167 4454 dextra
1188 4390 1391 4474 glorificante
1414 4391 1513 4456 Petri.

776 4491 840 4556 Pro
864 4491 956 4556 ouius
981 4494 1049 4557 vita
1070 4493 1309 4580 triumphisque
1333 4495 1415 4560 haec
1438 4517 1572 4568 munera
1596 4517 1696 4581 regno

860 4597 990 4665 Obtulit
1013 4601 1149 4665 antistes
1174 4621 1319 4685 congrua
1342 4601 1403 4665 rite
1428 4600 1502 4665 sibi.

961 4830 1015 4873 xiv
1042 4807 1089 4872 IN
1112 4807 1276 4872 PALLIO
1300 4807 1505 4872 ALTARIS.

774 4939 892 5003 Pastor
915 4937 1001 5002 ovile
1025 4936 1079 5002 dei
1103 4957 1237 5000 servans
1261 4935 1332 5000 sine
1356 4935 1491 5001 crimine
1515 4936 1623 5012 Petra,

855 5039 919 5113 Qui
942 5040 1082 5127 praebes
1108 5038 1231 5102 Christi
1254 5038 1374 5125 pabula
1397 5045 1510 5103 sancta
1533 5039 1642 5124 gregi:

510 5375 695 5430 hlcutbmndo
710 5379 732 5428 C
808 5371 942 5441 ’lproprie
956 5373 979 5422 C
1056 5371 1172 5423 &totum
1187 5373 1209 5422 C
1294 5369 1698 5438 ll[x11]3ergocor·r.inego(}
1784 5370 1794 5433 ll
1808 5366 1870 5435 [xm]
1886 5368 2017 5435 e.r,Pul.s.
2031 5368 2067 5421 29

406 5457 422 5508 ll
442 5461 539 5528 lltqnoo
552 5465 574 5510 (l
656 5463 673 5514 8
686 5463 865 5515 Pontificatum
878 5461 904 5524 0,
923 5459 1056 5525 imperium
1069 5458 1173 5508 eunucu
1186 5457 1336 5523 Popeb-roch
1353 5475 1390 5506 aa
1408 5455 1530 5507 famulis?
1626 5455 1716 5510 9mira
1728 5459 1749 5508 C
1802 5457 1849 5510 hie
1858 5473 1905 5505 cm.
1919 5455 1946 5516 C,
1963 5457 2027 5507 mire
2038 5495 2061 5508 ..

406 5545 447 5596 hic
466 5545 610 5613 lbpehrorla
717 5548 748 5600 ll
770 5547 942 5613 triumphique
954 5545 981 5610 (Ὗ,
999 5545 1185 5612 triumphisque
1205 5543 1270 5610 Pop.
1290 5545 1367 5608 (Acta
1387 5543 1436 5594 SS.
1452 5544 1555 5608 proppl.
1574 5541 1636 5607 222)

511 5715 536 5782 l)
556 5717 612 5770 Leo
632 5717 687 5772 111
703 5717 896 5784 (Isauricus),
920 5715 969 5786 qut
992 5731 1018 5769 a.
1037 5715 1085 5767 717
1104 5715 1248 5782 carpenum
1267 5714 1385 5783 adeptam
1403 5719 1452 5766 rat.
1540 5713 1568 5770 2l
1587 5714 1617 5776 1,
1641 5713 1784 5766 rra-me.
