4666 6406
720 419 768 474 AD
786 419 918 475 REGEM.
950 421 998 474 AD
1015 419 1238 478 FARDULFUM
1258 421 1439 478 ΑΒΒΑΤΕΜ.

619 592 761 680 Surgere
785 594 861 680 quid
884 595 1029 681 prodest,
1053 597 1081 660 si
1105 597 1216 661 atatim
1240 604 1371 663 corruet
1393 598 1461 677 illa,

699 697 771 772 Qua
792 699 893 763 iacuit
916 700 1037 784 segnis,
1062 700 1134 785 quis
1157 699 1338 765 labefactus
1362 699 1482 766 humo?

549 822 560 859 a
619 799 738 866 Fertur
759 821 858 866 anum
881 807 977 866 uatus
1000 808 1137 868 matrem
1161 824 1318 869 exorasse
1341 805 1481 890 puellus,

703 903 812 989 Atque
837 905 885 968 illi
909 906 993 970 tales
1016 904 1209 991 deposuisse
1232 928 1363 993 preces:

621 1006 660 1071 ίΟ
683 1008 837 1092 genitrix,
862 1009 964 1072 nostri
988 1030 1085 1095 quam
1108 1031 1239 1097 semper
1261 1031 1338 1076 eura
1360 1009 1552 1090 remordet1,

704 1110 820 1177 Carior
843 1119 876 1179 et
899 1114 1025 1178 vitatu
1047 1115 1127 1178 mihi
1151 1136 1197 1195 es,
1221 1116 1291 1201 ipso
1313 1116 1384 1181 tibi.

618 1216 698 1280 Mox
723 1215 852 1282 dederit
874 1223 1006 1282 cantum
1029 1218 1111 1282 lueis
1134 1220 1347 1304 praenuntius
1370 1218 1467 1300 ales²,

539 1341 563 1378 ιο
708 1319 890 1386 Confestim
911 1329 1032 1386 memet
1056 1323 1212 1406 evigilare
1236 1323 1351 1389 stude?

618 1423 696 1487 Illa:
721 1423 851 1488 ‘Geram
869 1423 956 1509 quod
971 1446 1073 1506 amaa,
1089 1425 1147 1490 sed
1163 1447 1242 1511 ages
1257 1427 1344 1512 quid,
1367 1426 1524 1507 diomihi,
1541 1427 1649 1490 netel'

701 1523 931 1606 ‘Obdormire',
955 1526 1070 1610 iuquit,
1095 1527 1216 1591 ‘forsan
1239 1528 1317 1592 item
1341 1529 1476 1614 potero'

619 1627 689 1693 Neo
714 1628 822 1692 minor
844 1629 972 1693 interea
994 1628 1161 1694 dementia
1183 1637 1317 1716 ceperat
1337 1633 1440 1708 illum,

704 1731 854 1796 Venatus
878 1732 990 1796 retulit
1011 1733 1066 1817 qui
1088 1733 1175 1797 bona
1197 1734 1285 1798 nulla
1308 1735 1369 1800 sui.

537 1858 561 1896 a
628 1835 782 1921 Denique
806 1834 986 1921 prudenter
1007 1838 1131 1921 geritur
1153 1838 1293 1920 venatio,
1317 1837 1445 1924 quaudo

699 1939 769 2003 Aut
791 1940 882 2003 ioous
905 1945 961 2003 aut
984 1945 1138 2024 quaestus
1162 1948 1221 2020 est,
1245 1942 1298 2006 vel
1321 1948 1493 2027 utrumqne
1517 1941 1623 2005 simul.

619 2043 747 2108 Prensa
769 2044 876 2108 solent
898 2044 1022 2108 luorum
1046 2066 1183 2130 capreae
1208 2045 1296 2124 dare,
1320 2066 1434 2110 cervus
1458 2053 1491 2111 et
1513 2046 1612 2126 aloes,

701 2149 831 2228 Castor,
854 2148 959 2230 dama,
983 2149 1106 2230 bisons,
1129 2149 1280 2231 bubalus,
1303 2171 1409 2230 ursus,
1431 2169 1520 2235 aper.

620 2252 741 2337 Figere
764 2273 839 2316 nam
863 2253 994 2338 lepores
1018 2254 1143 2334 iaonlis,
1167 2261 1299 2340 captare
1321 2253 1485 2334 molossis,

536 2377 562 2416 eo
700 2355 739 2419 In
762 2355 890 2420 modico
913 2357 1004 2420 luero
1027 2357 1117 2421 visus
1141 2378 1299 2422 amoenus
1323 2358 1418 2436 inest,

619 2458 761 2524 Diversa
783 2458 847 2523 duo
871 2464 959 2524 sorte
984 2459 1137 2545 canisque
1160 2462 1319 2546 lepusque
1342 2462 1501 2542 volantes,

699 2561 796 2627 Alter
818 2561 875 2625 ubi
898 2561 1054 2647 praedam
1077 2565 1214 2648 quaerit,
1238 2570 1272 2628 et
1294 2564 1378 2628 alter
1401 2585 1506 2650 opem.

623 2665 742 2751 Ungue
767 2665 876 2729 eibum
899 2666 1000 2746 esuis,
1023 2687 1133 2751 ungue
1156 2667 1238 2752 petit
1260 2669 1353 2752 lepus
1377 2667 1448 2752 ipse
1472 2668 1621 2748 salutem,

702 2768 845 2834 Diverso
869 2776 903 2833 et
925 2776 1001 2834 voto
1025 2771 1071 2834 sie
1094 2769 1187 2834 labor
1208 2791 1292 2834 unns
1315 2770 1374 2835 eis.

543 2893 567 2931 ‘a
628 2871 755 2936 Horum
779 2893 872 2936 amor
894 2880 927 2937 et
950 2872 1092 2937 studium
1115 2872 1254 2937 delirum
1277 2874 1442 2940 invaserat
1463 2874 1565 2954 illum,

703 2973 767 3048 Qui
791 2976 880 3040 nullo
904 2983 1000 3062 eapte
1025 2977 1133 3041 taliter
1156 2997 1249 3041 orsus
1273 2985 1357 3042 erat:
1426 2963 1427 2966 ¹

622 3076 807 3143 ‘subiectas
830 3080 933 3144 valles
957 3087 1160 3165 extensaque
1183 3101 1258 3144 rura
1279 3101 1469 3167 peragrans,

702 3180 764 3246 Est
787 3182 882 3268 lepus
905 3182 1058 3247 inventus
1083 3181 1140 3247 sed
1162 3182 1243 3246 mihi
1264 3184 1374 3249 nullus
1397 3184 1430 3248 in
1451 3183 1515 3248 hia.

622 3283 692 3348 Iam
716 3285 787 3350 sine
810 3290 949 3349 venetus
972 3285 1062 3350 luero
1085 3284 1127 3349 ad
1149 3306 1223 3350 mea
1246 3293 1334 3351 teoto
1356 3286 1512 3368 redibam,

538 3408 564 3447 ao
708 3387 753 3452 Et
775 3389 852 3473 quie
873 3388 920 3452 nil
943 3389 1034 3474 potui
1057 3387 1228 3474 prendere,
1251 3390 1354 3454 tristis
1375 3411 1475 3456 eram.

626 3490 736 3556 Saltus
760 3491 847 3555 inest
870 3490 1027 3572 modiana,
1050 3513 1147 3576 quem
1170 3491 1306 3576 cingunt
1327 3492 1471 3578 undique
1494 3492 1611 3578 eampi,

705 3593 769 3667 Qui
794 3615 887 3659 rarus
910 3601 1024 3659 nostra
1045 3595 1145 3659 distat
1167 3595 1209 3659 ab
1232 3595 1314 3660 aede
1336 3617 1461 3683 parum.

622 3698 706 3765 Esse
730 3699 834 3763 feram
857 3698 929 3782 quis
954 3697 1010 3778 ibi,
1033 3699 1180 3784 leporem
1202 3698 1256 3761 vel
1279 3697 1429 3764 erederet
1450 3718 1603 3782 unquam,

706 3802 789 3868 Cum
811 3802 897 3868 toret
919 3823 938 3866 a
960 3802 1037 3866 villa
1061 3802 1229 3888 proximus
1253 3803 1308 3866 ille
1332 3801 1444 3867 loeus?

537 3927 562 3965 aa
623 3905 698 3970 Hae
721 3904 804 3970 mihi
829 3926 969 3990 eumque
993 3905 1045 3970 die
1068 3905 1217 3990 leporum
1240 3926 1316 3991 spes
1339 3905 1430 3969 nulla
1451 3909 1607 3985 maneret,

702 4009 755 4074 Ex
778 4009 906 4096 illisque
929 4011 1055 4074 luorum
1076 4029 1168 4074 rerer
1189 4008 1305 4074 abesse
1328 4009 1419 4090 mihi,

619 4113 739 4178 Lustro
763 4113 882 4194 locum,
906 4114 1065 4198 mittoque
1088 4133 1197 4192 oanes,
1221 4118 1255 4177 et
1277 4112 1361 4178 retia
1383 4111 1497 4198 pono³,

703 4217 785 4292 Quis
811 4216 917 4282 studio
940 4218 1056 4302 gestis,
1079 4217 1205 4282 nullum
1227 4217 1274 4282 ibi
1296 4216 1470 4304 repperio!

792 4500 823 4543 111
867 4479 1047 4544 DELUSA
1071 4478 1370 4546 ΕΧΡΕΟΤΑΤΙΟ.

621 4618 755 4684 Grande
779 4617 881 4684 habet
903 4618 1033 4683 initium
1057 4639 1130 4684 oum
1153 4639 1206 4684 res
1230 4618 1389 4683 vilissima
1410 4617 1508 4698 dictu,

700 4721 793 4787 Tune
816 4722 925 4807 gignis
949 4742 1085 4804 murem,
1109 4743 1228 4808 magne
1252 4721 1438 4808 elephante,
1462 4721 1625 4786 brevem⁴.

620 4825 676 4890 Sio
702 4825 788 4912 patri
813 4824 945 4910 quidam
968 4825 1081 4890 retulit
1104 4847 1164 4890 sna
1187 4825 1314 4890 somnia
1335 4831 1441 4904 natus,

698 4927 905 5016 Depromens
929 4929 1038 4994 animo
1061 4928 1179 4994 frivola
1200 4927 1289 4992 dieta
1311 4948 1385 5001 suo:

550 5056 562 5092 a
624 5031 663 5098 ιΟ
686 5039 790 5118 pater,
814 5032 847 5097 in
872 5032 996 5098 somnis
1019 5031 1125 5098 dicam
1148 5052 1232 5117 quae
1254 5030 1338 5094 mira
1360 5029 1522 5112 videbam,

492 5121 498 5132 Δ
699 5136 876 5203 Moverunt
898 5138 1042 5203 animum
1064 5136 1143 5202 tolia
1165 5136 1236 5200 visa
1259 5154 1368 5200 meum
1379 5135 1401 5199 ⁵.

362 5454 389 5521 1)
418 5456 494 5524 Verp.
517 5455 586 5508 Aea.
610 5451 635 5516 1,
653 5450 703 5504 261
727 5447 838 5518 quando
859 5449 928 5504 haec
953 5451 982 5503 te
1009 5465 1075 5504 eura
1101 5446 1253 5511 remordet;
1287 5448 1348 5512 VII,
1366 5446 1426 5501 402.
1508 5446 1535 5516 2)
1555 5446 1605 5502 Oe.
1623 5446 1702 5502 Fast.
1721 5447 1765 5511 ΙΙ,
1774 5446 1822 5500 767
1850 5445 1910 5499 Iam
1987 5407 1992 5417 ι

251 5555 368 5610 dederat
389 5559 488 5610 cantus
510 5556 579 5609 lueis
602 5552 786 5623 praenuntius
811 5551 877 5605 ales.
969 5550 997 5618 3)
1022 5550 1068 5605 Ov.
1092 5552 1154 5605 Art.
1174 5552 1276 5614 AmI,
1300 5549 1352 5603 263
1372 5547 1444 5602 retia
1470 5565 1565 5618 ponas.
1648 5551 1677 5620 4)
1699 5549 1741 5618 Cf.
1762 5547 1831 5603 Hor.
1849 5551 1910 5604 Art.
1961 5577 1962 5582 κ

247 5665 322 5728 poet.
342 5659 398 5712 139.
477 5659 504 5727 5)
524 5659 573 5713 On.
592 5657 754 5718 Auream,
773 5655 797 5723 5,
816 5655 833 5707 2
851 5653 1022 5708 Temrerunt
1036 5654 1160 5708 animum
1172 5654 1242 5708 talia
1251 5654 1312 5706 visa
1324 5669 1425 5706 meum.
