4936 6406
848 418 895 475 DE
913 417 1030 474 REBUS
1042 417 1261 474 MORALIBUS.

1022 714 1081 779 IV.

310 847 371 918 DE
397 844 476 918 HIS
504 843 587 933 QUI
613 841 760 916 ALIUD
787 839 949 916 CORDF.
975 837 1227 926 RETINENT,
1254 838 1402 912 ALIUD
1430 837 1528 912 ORE
1555 835 1804 911 PROMUNT.

590 975 661 1041 Nec
683 977 789 1040 malus
813 974 962 1052 attendit,
986 973 1072 1058 quod
1094 979 1187 1037 vates
1209 973 1350 1058 inclytus
1375 979 1446 1038 orat
1460 974 1483 1054 ¹,

677 1078 765 1144 Dum
788 1099 862 1143 sese
886 1083 1034 1163 ereptum
1057 1077 1179 1140 talibus
1203 1097 1277 1141 esse
1301 1077 1401 1162 cupit.

592 1182 652 1247 ‘Ne
677 1180 735 1248 des
759 1182 844 1260 unn',
867 1181 982 1265 inquit,
1006 1182 1069 1244 ‘me
1093 1200 1166 1244 oum
1189 1185 1349 1265 peccante
1372 1180 1557 1262 tumultum,

679 1285 749 1350 Nec
772 1285 890 1372 perdas
913 1283 1072 1363 cumbis,
1095 1285 1150 1369 qui
1173 1304 1305 1370 semper
1324 1283 1436 1368 iniqua
1457 1289 1585 1369 gerunt.

522 1408 534 1444 ⁵
592 1388 737 1462 Quorum
760 1388 915 1474 pacificos
939 1388 1057 1452 affatus
1080 1388 1249 1473 proximus
1272 1386 1372 1468 audit,

677 1489 838 1555 Oordibus
860 1491 959 1574 inque
982 1490 1098 1554 borum
1121 1490 1261 1576 plurima
1284 1511 1384 1555 saeva
1405 1491 1518 1556 latent.

590 1594 653 1671 Da,
676 1593 768 1673 deus,
791 1593 843 1657 his
867 1613 1003 1679 operum
1025 1593 1112 1657 iusta
1134 1593 1336 1658 incrementa
1360 1614 1503 1674 suorum,

654 1699 753 1763 quta
775 1705 809 1762 et
830 1698 997 1782 nequitiae
1020 1696 1092 1761 dira
1115 1704 1246 1782 reperta
1268 1719 1357 1763 suae.

592 1802 745 1888 congrua
766 1823 824 1887 pro
848 1821 1001 1865 manuum
1025 1800 1076 1864 his
1100 1802 1166 1865 sint
1189 1803 1292 1886 gestis
1315 1808 1392 1867 rota
1414 1823 1557 1885 suarum,

510 1930 534 1966 ιο
676 1907 740 1971 Pro
763 1905 889 1970 meritis
912 1925 1050 1986 merces,
1074 1904 1222 1984 obsecro,
1244 1905 1339 1970 detur
1361 1906 1419 1971 eis.

590 2008 635 2073 Et
657 2008 750 2094 quod
765 2021 847 2093 'opus
871 2007 1005 2081 domini,
1029 2028 1089 2070 sua
1110 2028 1172 2071 nec
1194 2009 1249 2094 pia
1272 2007 1359 2072 iacta
1383 2009 1537 2087 scierunt,

583 2157 585 2160 -
668 2111 775 2176 Perde
798 2113 882 2188 illos,
904 2117 938 2175 et
959 2131 1025 2175 non
1048 2109 1238 2175 aedificabis
1262 2112 1341 2175 eos.'

590 2215 720 2300 Inclyta
742 2234 802 2279 ceu
825 2215 909 2298 legis
933 2213 1025 2278 iubet
1047 2214 1109 2277 boc
1133 2235 1273 2278 censura
1293 2213 1424 2294 beatae,

672 2318 753 2383 Cum
778 2339 843 2382 vox
865 2317 1021 2382 terribilis
1044 2317 1124 2382 talia
1145 2316 1233 2382 dicta
1256 2316 1386 2381 tonat2:

510 2445 534 2482 a
595 2422 680 2487 ‘Non
701 2443 856 2487 mensura
877 2421 1000 2507 duplex
1024 2421 1084 2485 tibi
1107 2423 1160 2502 sit,
1182 2443 1249 2486 non
1270 2420 1397 2508 pondus
1420 2421 1577 2507 iniquum,

671 2526 759 2590 Pura
781 2532 817 2589 ut
840 2524 1032 2610 simplicitas
1055 2530 1165 2590 mente
1190 2526 1241 2602 sit,
1265 2547 1322 2590 ore
1346 2531 1449 2590 sonet.

587 2630 631 2694 Et
653 2630 781 2694 modius
803 2629 862 2693 tibi
887 2630 929 2692 sit
952 2629 1068 2707 iustus,
1093 2629 1257 2693 sextarius
1280 2649 1414 2714 aequus,

673 2733 808 2798 Scilicet
829 2739 865 2796 ut
888 2754 947 2797 nos
970 2753 1036 2796 uon
1058 2739 1196 2819 occupet
1217 2733 1285 2797 ulla
1308 2731 1409 2797 fraus.

589 2837 752 2924 Displicet
774 2837 950 2900 altithrono
974 2835 1097 2923 duplex
1119 2837 1259 2924 pellacia
1282 2857 1423 2923 semper,

507 2966 532 3003 20
676 2940 741 3004 Cor
763 2947 888 3004 rectum
912 2947 945 3003 et
968 2939 1111 3026 simplex
1133 2939 1258 3004 arbiter
1279 2959 1403 3024 aequus
1426 2945 1523 3003 amat.

1034 3367 1075 3433 v.
1151 3383 1155 3390 .

316 3494 478 3584 QUALE
504 3493 720 3567 IEIUNIUM
746 3492 807 3566 ET
835 3491 967 3581 QUAE
992 3491 1287 3565 PARSIMONIA
1315 3491 1409 3565 DEO
1437 3490 1782 3566 ACCEPTABILIS

554 3614 629 3688 SlT
657 3615 718 3686 ΕΤ
746 3612 912 3686 POSSlT
940 3613 1220 3686 IMPETRARE
1247 3613 1549 3688 POSTULATA.

590 3747 740 3833 Namque
763 3769 823 3834 per
846 3747 1016 3831 egregium
1040 3747 1163 3812 ieiunia
1186 3755 1299 3810 sancta
1321 3748 1515 3834 prophetem

670 3852 764 3917 Haec
787 3857 923 3936 accepta
946 3852 1009 3914 sibi
1033 3873 1092 3915 rex
1115 3849 1196 3914 deus
1220 3851 1292 3936 ipse
1316 3851 1443 3937 probat.

591 3955 727 4021 ‘Solvite
750 3956 939 4034 iuncturas',
962 3955 1039 4034 aitl,
1062 3954 1251 4041 ‘impietatis
1273 3955 1416 4038 iniquae,

673 4059 798 4125 Solvite
820 4059 1006 4138 fasciculos,
1031 4059 1086 4143 qui
1110 4058 1195 4122 male
1219 4079 1319 4144 saepe
1342 4063 1505 4143 premunt.

522 4184 534 4220 r
587 4164 653 4227 Fac
676 4173 713 4229 ut
734 4171 789 4229 eat
810 4164 904 4240 liber,
928 4163 1125 4228 constrictus
1148 4163 1203 4246 qui
1227 4163 1289 4227 luit
1310 4168 1399 4243 ante,

676 4267 869 4355 Disruptum
893 4269 936 4332 sit
961 4289 1043 4332 onus
1066 4288 1201 4354 prorsus
1225 4275 1259 4332 et
1282 4287 1378 4331 omne
1400 4265 1471 4332 tibi.

766 4428 961 4434 -μ-,η--.-η.
976 4427 1066 4433 -—--—
1084 4427 1272 4434 -ο-ρ-ή

295 4525 349 4593 [IV]
386 4526 420 4579 16
437 4529 496 4578 lura
514 4529 579 4580 utS

329 4681 354 4747 l)
374 4679 450 4734 Paul.
468 4681 536 4744 27,ss
552 4681 596 4735 Ne
614 4680 696 4736 simul
714 4681 809 4735 trahas
828 4699 871 4734 me
890 4701 952 4736 cum
972 4682 1176 4754 peccatoribus.
1195 4685 1224 4735 et
1242 4699 1304 4736 cum
1322 4681 1504 4752 operantibus
1522 4677 1703 4749 iniquitatem
1722 4698 1757 4736 ne
1776 4682 1878 4753 perdas

224 4799 282 4845 me,
304 4783 353 4852 qui
375 4783 529 4852 loquuntur
552 4803 648 4856 pacem
672 4805 734 4841 cum
753 4787 878 4857 proximo
901 4807 963 4850 suo,
986 4790 1061 4843 mala
1083 4793 1179 4843 autem
1202 4789 1230 4841 in
1255 4787 1383 4842 cordibus
1405 4805 1509 4842 eorum.
1552 4786 1634 4840 41>a
1651 4785 1709 4840 illis
1727 4787 1878 4841 secundum

224 4903 309 4956 opera
326 4903 421 4941 corum
439 4891 469 4942 et
485 4889 636 4944 secundum
655 4891 811 4958 nequitiam
830 4892 1063 4947 adinventionum
1081 4893 1213 4962 ipsorum.
1238 4892 1395 4946 Secundum
1419 4907 1504 4960 opera
1521 4907 1656 4944 manuum
1674 4906 1769 4944 corum
1786 4890 1879 4946 tribue

224 4991 293 5046 illis:
324 4991 407 5046 redde
433 4992 645 5048 retributionem
674 5011 768 5048 eorum
799 4996 874 5064 ipsis.
917 4999 934 5050 5
963 4997 1099 5063 Quoniam
1128 5014 1184 5051 non
1211 4995 1410 5050 intellexerunt
1434 5012 1518 5066 opera
1541 4995 1659 5049 domini:
1688 4997 1717 5049 et
1740 4994 1770 5048 in
1794 5013 1879 5066 opera

225 5113 358 5150 manuum
383 5097 442 5151 eius
465 5097 590 5152 destrues
612 5097 690 5158 illos.
713 5101 742 5151 et
765 5116 820 5153 non
843 5099 1002 5154 aedificabis
1027 5117 1081 5154 cos.
1151 5101 1179 5166 2)
1203 5100 1292 5153 Levr't.
1311 5100 1352 5164 19,
1366 5099 1401 5154 36
1423 5098 1534 5152 Stetere
1556 5097 1643 5160 iusta,
1667 5101 1696 5152 et
1713 5115 1805 5168 aequa
1822 5099 1879 5154 sint

225 5200 357 5269 pondera,
375 5199 465 5254 iustus
483 5200 599 5266 modius,
618 5217 779 5270 aequumne
797 5203 948 5264 sextarius;
968 5203 1051 5258 Pron.
1065 5205 1106 5260 ll.
1117 5206 1140 5257 1.
1206 5204 1233 5270 3)
1254 5203 1320 5256 laci.
1339 5202 1408 5266 {Sd
1425 5201 1551 5256 Dissolve
1568 5200 1762 5271 colligationes
1779 5203 1879 5274 impie-

222 5304 306 5367 tatis,
329 5304 404 5358 sclve
425 5303 571 5358 fasciculos
594 5305 794 5374 deprimentes,
819 5306 931 5360 dimitte
956 5323 1015 5368 eos,
1038 5306 1086 5374 qui
1113 5307 1247 5361 confracti
1271 5309 1337 5361 sunt
1358 5305 1471 5368 liberos,
1495 5307 1524 5358 et
1547 5322 1628 5360 omne
1653 5323 1722 5360 onus
1741 5306 1877 5380 dirumpe.

225 5408 240 5462 7
258 5407 368 5478 Frange
387 5407 519 5462 esurienti
538 5426 639 5478 panem
657 5412 746 5472 tuum,
766 5413 795 5464 et
813 5427 915 5480 egenos
934 5428 1076 5480 vagosque
1094 5410 1179 5465 induc
1196 5410 1226 5464 in
1244 5409 1357 5464 domum
1373 5413 1463 5464 tuam:
1488 5426 1552 5463 cum
1563 5409 1666 5464 videris
1677 5411 1880 5484 nudum‚,oper

225 5528 300 5576 eum,
325 5515 355 5566 et
372 5530 481 5567 cantem
499 5517 579 5568 tuam
596 5532 631 5568 ne
650 5515 816 5586 despexeris.
851 5519 868 5570 8
887 5517 965 5572 'l’unc
984 5520 1112 5587 erumpet
1129 5515 1209 5584 quasi
1228 5531 1310 5570 mane
1328 5515 1423 5570 lumen
1441 5519 1534 5578 tuum,
1557 5516 1587 5568 et
1603 5513 1709 5568 sanitas
1727 5518 1777 5570 tua
1794 5517 1879 5572 citius

224 5616 337 5680 orietur,
355 5620 385 5670 et
403 5617 524 5671 anteibit
541 5619 640 5672 faciem
660 5623 738 5674 tuam
756 5620 867 5674 iustitia
885 5625 935 5675 tua
953 5624 982 5675 et
999 5621 1089 5691 gloria
1106 5619 1212 5674 domini
1226 5619 1342 5690 colliget
1354 5623 1391 5673 te.
1427 5621 1444 5673 9
1462 5619 1542 5673 'l'uno
1554 5617 1696 5673 invocabis
1709 5622 1739 5672 et
1750 5619 1878 5678 dominus

223 5720 364 5776 exaudiet.
382 5721 515 5775 clamabis
534 5725 563 5775 et
580 5723 667 5777 dicet:
693 5725 763 5779 Ecce
781 5725 886 5780 adsum.

1605 5818 1659 5874 58*
