4554 6434
576 410 625 464 AD
644 407 807 465 MONNAM
826 409 871 464 ΕΤ
890 408 1072 466 Annonam
1091 408 1415 467 chHmPrscornn.

537 583 711 649 Inventum
742 591 778 649 ut
806 586 932 664 valeat,
962 585 1095 649 milleno
1127 585 1269 650 carmine
1298 591 1403 657 canta,

619 688 734 752 Albini
768 688 875 752 officio
905 686 971 751 dic:
1004 687 1098 752 ‘Vale
1121 688 1337 774 perpetuum'.

469 827 481 864 5
534 789 612 854 Dic:
637 791 775 855 ‘Memor
798 796 869 868 esto
895 791 942 854 tui
970 811 1114 876 semper,
1145 797 1240 876 pater
1261 792 1364 871 alme,
1395 789 1565 874 magistri¹

616 893 655 957 ln
684 895 838 980 precibus
871 893 989 974 sacris,
1018 914 1077 978 per
1107 895 1181 958 loca
1210 900 1324 958 sancta
1351 894 1501 980 patrum'.

537 996 600 1061 Dic
618 1019 757 1082 quoquc,
781 996 832 1060 dic
849 998 999 1083 supplex,
1015 997 1240 1087 lacrimisfldic,
1264 997 1395 1062 ‘Sancte
1412 996 1564 1062 sacerdos

619 1100 785 1164 Iustitiam
813 1121 952 1185 sequere
981 1122 1111 1186 semper
1138 1103 1170 1164 in
1201 1123 1256 1166 ore
1285 1107 1350 1166 tuo.

538 1202 612 1267 Non
635 1204 696 1269 tibi
717 1203 898 1269 blanditiae
922 1205 1032 1284 saecli,
1055 1226 1121 1269 non
1144 1226 1229 1269 vane
1251 1205 1411 1291 voluptas,

457 1327 481 1363 10
624 1306 698 1371 Non
730 1307 825 1371 timor
853 1313 910 1371 aut
938 1314 1043 1372 terror
1073 1307 1179 1371 cordis
1209 1308 1242 1371 in
1272 1313 1366 1371 antra
1395 1306 1500 1388 eadat,

538 1410 643 1474 Plena
674 1410 836 1475 salutiferi
863 1411 919 1474 sed
949 1411 1012 1474 iarn
1043 1410 1162 1474 fiducia
1189 1411 1284 1474 verbi

620 1513 802 1578 Possedeat
829 1516 963 1600 plenum
993 1522 1109 1601 pectus
1141 1538 1251 1581 amore
1281 1516 1344 1582 dei.

537 1614 699 1679 Iudicium
726 1623 854 1702 promat
883 1618 1004 1682 iustum
1031 1625 1088 1682 tua
1115 1618 1241 1704 lingua,
1273 1618 1437 1696 sacerdos,

622 1719 669 1783 Ut
696 1719 828 1786 Christo
858 1723 988 1807 placeat
1016 1723 1170 1808 quicquid
1203 1724 1236 1787 in
1268 1745 1323 1788 ore
1354 1743 1462 1787 sonas.

457 1843 481 1880 rs
541 1820 681 1907 Spiritus
711 1844 729 1886 e
761 1824 852 1887 caelo
881 1825 1017 1889 veniens
1048 1831 1104 1888 tua
1131 1831 1281 1910 pectora,
1312 1825 1453 1910 praesul,

622 1925 810 2002 Laetificet,
838 1926 984 2006 habitet,
1013 1928 1209 2008 sanctificet,
1239 1928 1375 2013 repleat.

539 2027 619 2091 Plus
647 2035 783 2094 aeterna
811 2029 865 2094 dei
895 2029 1016 2093 Christi
1046 2036 1096 2094 est
1122 2030 1299 2096 metuenda
1327 2035 1485 2116 potestas,

621 2129 726 2204 Quam
760 2139 892 2197 terrena
921 2133 1066 2218 quidem,
1099 2155 1182 2218 quae
1210 2135 1300 2198 velut
1330 2133 1446 2197 umbra
1469 2131 1566 2194 volet.

541 2231 756 2319 Omnipotens
784 2236 900 2314 iudex,
928 2237 1024 2300 iustis
1055 2237 1109 2322 qui
1136 2237 1283 2322 praemia
1311 2242 1466 2322 praestat,

458 2358 484 2394 20
626 2335 693 2400 Dct
723 2337 783 2400 tibi
812 2337 913 2402 verba
940 2338 1014 2423 piae
1043 2339 1135 2424 pacis
1166 2339 1198 2401 in
1230 2360 1285 2403 ore
1312 2345 1379 2403 tue.

539 2437 703 2524 Tempora
735 2445 809 2503 sunt
837 2441 973 2504 nimium
1003 2441 1103 2514 variis¹
1131 2462 1215 2505 nunc
1243 2443 1341 2528 plena
1369 2440 1511 2526 periclis,

622 2529 725 2613 Quae
744 2543 905 2626 quondam
938 2545 1042 2608 sancti
1073 2545 1305 2631 praececinere
1329 2551 1450 2631 patres.

539 2643 677 2708 Aetates
705 2645 890 2727 hominum,
920 2669 1027 2713 mores
1059 2655 1226 2713 mutantur
1252 2655 1286 2712 et
1313 2655 1416 2726 actus,

622 2747 732 2833 thue
764 2757 929 2815 momenta
957 2751 1089 2836 quidem
1116 2752 1185 2816 vita
1212 2752 1276 2816 cito
1305 2751 1419 2836 fugiet.

457 2871 484 2907 25
540 2849 610 2913 Nec
641 2851 726 2916 redit
756 2853 828 2938 ipsa
855 2853 941 2934 dies,
972 2855 1113 2933 mensis,
1141 2877 1221 2936 nox,
1252 2855 1331 2918 hora
1353 2854 1406 2918 vcl
1433 2873 1546 2932 annus,

625 2954 692 3019 Sed
719 2956 849 3040 fugiens
880 2957 999 3042 fugiet,
1037 2959 1136 3022 fontis
1165 2965 1201 3022 ut
1227 2958 1313 3022 unda
1344 2958 1448 3021 fluens
1459 2958 1482 3022 ².
1527 3037 1529 3041 Ι

539 3056 661 3122 Tristia
689 3081 724 3122 se
753 3061 849 3124 laetis
876 3061 1074 3126 inmiscent³
1097 3068 1246 3148 tempora
1275 3062 1411 3126 nostris:

624 3159 733 3245 thue
763 3162 852 3227 sices
882 3162 1008 3227 faciunt
1036 3185 1167 3249 noxque
1200 3163 1335 3249 diesque
1365 3184 1451 3243 suas,

543 3260 671 3326 Gaudia
699 3265 762 3327 iam
796 3265 947 3346 veniunt,
978 3267 1113 3330 veniunt
1143 3274 1176 3331 et
1206 3267 1312 3331 tristia
1341 3267 1460 3342 statim,

459 3386 486 3424 ³0
630 3367 703 3431 Non
736 3375 786 3432 est
814 3370 870 3453 qui
898 3369 1020 3451 lucrat,
1053 3371 1191 3434 transiet
1217 3371 1322 3434 omnis
1351 3370 1459 3433 homo.

541 3469 569 3530 Ο
600 3477 711 3556 pater,
744 3470 865 3535 idcirco
896 3471 1016 3550 facies,
1049 3471 1125 3536 dum
1155 3479 1284 3558 tempus
1313 3471 1461 3550 habebis,

623 3573 750 3655 Mente,
781 3595 894 3655 manu,
926 3575 1039 3659 lingua
1070 3596 1219 3660 quaeque
1246 3575 1308 3639 deo
1336 3576 1497 3662 placeant.

542 3675 607 3740 Ore
637 3684 731 3742 sonct
762 3677 884 3741 Christi
912 3678 1026 3744 laudes
1054 3686 1087 3743 ct
1116 3700 1194 3744 vera
1220 3679 1386 3763 loquatur,
1435 3697 1438 3704 ’

625 3778 669 3844 Et
697 3786 802 3844 totum
832 3780 959 3845 redolet
988 3787 1103 3868 pectus
1136 3803 1246 3846 amore
1278 3781 1341 3846 dei.

459 3903 485 3941 ss
543 3882 658 3947 Totius
688 3890 786 3968 atque
813 3884 908 3948 bonis
939 3885 1153 3949 instantiam
1184 3886 1331 3970 corporis
1362 3890 1465 3965 actus,

622 3985 771 4050 Membra
799 3987 898 4050 simul
928 3987 1059 4072 placitis
1090 3994 1185 4052 nocte
1216 3988 1333 4072 dieque
1361 3987 1436 4066 deo,

541 4087 587 4151 Ut
616 4095 705 4153 totus
733 4091 864 4175 placeas
891 4111 1009 4176 magno
1037 4098 1072 4156 tn
1102 4091 1210 4156 iudice
1241 4090 1382 4172 Christo,

625 4191 671 4255 Ut
697 4200 730 4259 tc
761 4201 934 4258 conservet
961 4215 1091 4281 semper
1121 4195 1243 4280 ubique
1270 4194 1361 4260 deus.

542 4295 666 4376 Posco,
696 4303 860 4362 momento
889 4297 954 4376 tui,
984 4299 1114 4384 praesul
1143 4300 1325 4384 praeclare,
1354 4296 1503 4382 magistri

460 4420 486 4457 io
629 4399 668 4461 In
696 4400 865 4485 precibus,
894 4400 1038 4464 lacrimis
1064 4422 1124 4486 per
1152 4403 1226 4465 loco
1252 4406 1365 4464 sancta
1391 4401 1510 4481 sacris,

543 4501 589 4564 Ut
617 4501 748 4566 veniam
777 4503 866 4566 mitis
892 4509 1040 4589 praestet
1062 4503 1115 4567 cui
1148 4501 1298 4566 Christus
1328 4502 1369 4566 ab
1395 4523 1470 4566 erce

626 4603 718 4677 Quae
747 4605 851 4688 gessit
878 4607 1039 4670 scelerum
1067 4606 1134 4668 vita
1164 4605 1320 4686 nefanda,
1352 4627 1477 4692 precor.

544 4706 596 4772 Tu
625 4708 696 4772 sine
724 4707 787 4772 fine
816 4708 907 4789 vale,
935 4714 1062 4794 pastor,
1092 4707 1292 4793 patriarcha,
1328 4707 1491 4790 sacerdos,

628 4811 679 4876 Sit
708 4812 768 4876 tibi
798 4810 948 4876 Christus
977 4832 1083 4892 amor,
1117 4811 1189 4891 lux,
1218 4811 1287 4890 via,
1319 4811 1401 4890 vita,
1431 4812 1529 4880 salus.

282 5076 412 5129 4Albino
430 5076 483 5127 filio
493 5075 552 5125 nar.
640 5073 783 5125 llacrimis
801 5073 884 5122 ocull
926 5071 1048 5134 sanctcll
1130 5069 1460 5124 9c1iu01unasarr
1525 5074 1559 5126 14
1577 5078 1678 5129 Christo
1697 5080 1837 5146 promatH

180 5161 213 5215 ll
233 5165 332 5216 Christe
346 5164 379 5214 H
476 5157 512 5211 20
528 5178 585 5211 cum
602 5161 649 5210 lroc
666 5177 741 5211 verare
752 5158 858 5226 finitH
956 5155 991 5208 28
1009 5156 1140 5208 sacientR
1241 5153 1277 5206 40
1294 5165 1381 5209 sancta
1402 5167 1502 5226 petrum
1521 5161 1580 5211 Ror.
1684 5162 1719 5214 42
1737 5168 1794 5228 Qua
1808 5165 1833 5215 R

284 5313 373 5398 1)οβ
389 5343 488 5381 rersus
507 5343 525 5381 a
544 5325 636 5392 Ioffco
654 5323 774 5378 editca2
792 5323 881 5392 (Mon.
900 5324 959 5376 Alc.
978 5323 1048 5391 747).
1117 5324 1145 5392 2)
1166 5323 1208 5391 Cf.
1229 5325 1278 5379 Or.
1298 5328 1359 5380 Art.
1378 5329 1468 5382 Amat,
1486 5329 1549 5392 Ill,
1567 5331 1685 5385 632.ss4:

714 5467 719 5479 .
740 5467 746 5479 .
766 5467 772 5479 .
792 5467 798 5479 .
817 5428 886 5479 eunt
903 5425 970 5479 anni
988 5443 1064 5481 more
1082 5426 1193 5480 fluentis
1213 5444 1312 5496 aquae.

646 5513 704 5566 Nec
723 5529 795 5580 qnae
813 5512 968 5582 praeteriit,
986 5512 1087 5566 iterum
1106 5513 1283 5567 revocabitur
1301 5514 1384 5570 unda.

714 5600 772 5653 Nec
790 5617 863 5667 qnae
882 5600 1028 5670 praeteriit
1045 5600 1113 5654 hora
1131 5599 1221 5653 redire
1239 5601 1340 5670 potest.

180 5708 208 5785 3)
226 5707 274 5760 Oc.
295 5707 372 5760 Fosi.
399 5705 444 5766 VI,
463 5704 515 5757 463
534 5703 685 5756 miscentur
703 5703 796 5758 tristia
816 5707 905 5772 lactis,
925 5707 963 5774 cf.
981 5722 1067 5775 cupro
1082 5724 1112 5776 p.
1130 5707 1181 5759 229
1199 5723 1222 5758 n.
1242 5704 1265 5757 7.
