4936 6406
740 397 889 456 CONTRA
906 395 1170 458 smum'roans.
1207 397 1254 457 DE
1271 396 1406 458 AVARO.

605 572 707 639 Indus
729 575 855 640 habens
873 596 1032 662 gemmas,
1056 578 1225 664 pigmenta
1248 583 1282 644 et
1304 578 1452 645 eburnea
1466 577 1638 660 monstra¹,

688 678 801 743 Obrizi
824 686 922 764 atque
946 682 1017 745 auri
1041 679 1134 747 dives
1158 681 1263 768 Ophir
1285 682 1413 768 regio².

584 781 691 848 Assur
713 782 848 848 odorato
871 785 982 849 veniat
1004 786 1032 849 si
1054 787 1172 872 plenus
1195 807 1334 866 amomo,

526 906 550 943 ro
692 885 899 972 Divitiasque
923 908 999 952 suas
1022 888 1136 954 Persis
1159 897 1193 954 et
1214 890 1287 975 ipsa
1309 889 1403 954 ferat.

607 986 753 1073 Cumque
777 1012 836 1055 suo
860 1011 962 1076 prope
987 992 1031 1055 sit
1052 991 1247 1077 longinquus
1271 993 1367 1058 thure
1391 992 1573 1074 Sabaeus³,

689 1092 800 1178 Atque
822 1093 1089 1160 Eudaemonicus
1112 1117 1248 1162 munera
1270 1103 1380 1183 portet
1401 1096 1521 1161 Arabs.

607 1193 643 1258 Si
665 1197 775 1260 veniat
796 1197 939 1282 Bagatat
957 1196 1120 1282 Agoranis
1143 1199 1242 1265 rebus
1266 1207 1393 1282 onusta,

686 1299 773 1364 Urbs
797 1309 830 1365 et
852 1299 1085 1366 Achaemeniis
1109 1323 1192 1386 quae
1216 1302 1278 1368 luit
1300 1303 1367 1368 alta
1389 1303 1503 1368 locis⁴.

528 1425 550 1460 a
609 1402 717 1488 Tigris
741 1411 775 1468 et
797 1403 983 1492 Euphrates
1008 1405 1094 1490 quod
1118 1406 1228 1487 habet,
1250 1406 1399 1472 Iordanis
1423 1408 1563 1494 etipse,

690 1506 800 1593 Atque
822 1509 1031 1574 Palaestinus
1054 1511 1118 1574 lert
1140 1510 1334 1576 benedictus
1356 1531 1445 1596 ager.

607 1609 792 1696 Bactraque
819 1612 847 1676 si
869 1612 955 1698 quod
977 1612 1102 1678 habent
1124 1613 1262 1700 pulchri,
1287 1621 1320 1678 et
1342 1613 1501 1678 Hircania
1523 1612 1623 1699 digni,

562 1701 565 1708 ’
689 1714 733 1779 Et
755 1716 832 1800 iuga
853 1715 1067 1802 Bosphoreus
1091 1738 1174 1802 quae
1198 1717 1284 1782 bene
1308 1724 1396 1782 temo
1419 1717 1530 1802 regio.

588 1815 721 1883 Sericus
745 1839 887 1884 oceanus
909 1820 1011 1898 vehit,
1035 1827 1069 1884 ct
1091 1819 1179 1905 quod
1202 1819 1322 1906 Caspia
1345 1841 1457 1906 regna,

526 1939 551 1977 20
698 1920 858 2007 Quodque
881 1923 953 2008 ipso
978 1922 1077 1989 Seres
1100 1925 1223 1989 vellere
1246 1923 1338 1989 dives
1362 1909 1488 1990 habeo.

609 2021 704 2096 Quod
728 2024 851 2111 Scytha
873 2026 1027 2104 erudelis,
1052 2027 1138 2092 Geta
1161 2035 1246 2108 trux,
1271 2035 1304 2092 et
1327 2027 1478 2093 Sarmata
1501 2029 1610 2110 dums,

695 2126 858 2212 Quicquid
879 2127 1048 2215 Hydaspis
1071 2129 1185 2210 habet,
1209 2129 1378 2215 quicquid,
1401 2130 1524 2211 Araxe,
1546 2139 1639 2198 tuum
1662 2141 1723 2199 est.

608 2228 768 2316 Quodque
792 2231 940 2297 Gelonus
963 2239 1072 2308 atrox,
1104 2233 1192 2320 quod
1215 2235 1317 2300 habet
1337 2235 1552 2323 Rhodopeius
1574 2237 1717 2320 Ebmsl,

688 2331 843 2420 Arvaque
866 2333 1017 2420 Riphaeo
1041 2357 1172 2422 semper
1193 2337 1313 2401 amicta
1335 2338 1422 2423 gelu.

526 2455 551 2492 ao
608 2433 651 2498 Et
674 2436 759 2521 quod
782 2436 1001 2523 Hyperborea
1022 2461 1104 2525 gens
1127 2439 1194 2505 fixa
1217 2440 1277 2505 sub
1300 2440 1402 2506 Elicis
1425 2463 1499 2522 axe,

690 2539 754 2605 Vel
778 2541 909 2623 Tanais,
933 2544 987 2608 vel
1012 2542 1098 2628 quod
1120 2544 1245 2609 Pontus
1269 2552 1302 2609 ot
1324 2544 1411 2609 Ister
1433 2545 1564 2610 habent.

609 2641 705 2716 Quod
728 2646 863 2710 crinitus
886 2656 974 2712 amat
995 2647 1121 2729 Danas,
1144 2649 1311 2734 flavusque
1336 2648 1490 2730 Suevus⁸‚

688 2746 847 2834 Quaeque
871 2752 932 2815 sub
956 2760 1104 2816 extremo
1130 2774 1210 2837 gens
1233 2753 1397 2838 Aquilone
1418 2754 1514 2818 iacet.

523 2911 525 2917 2
609 2847 654 2914 Et
676 2851 762 2936 quod
779 2852 880 2917 habet
902 2853 1046 2935 Moesus,
1069 2854 1191 2936 Dacus,
1215 2855 1337 2938 Thrax,
1359 2856 1502 2938 Atticus,
1524 2856 1639 2938 Arcas,

526 2971 553 3010 so
697 2953 922 3036 Constantine,
946 2963 1003 3021 tua
1026 2959 1178 3045 quiequid
1202 2961 1235 3023 in
1257 2960 1339 3026 urbe
1362 2961 1463 3045 viget.

611 3055 752 3123 Graecia
774 3059 860 3144 quod
883 3059 1038 3146 prudens,
1063 3061 1149 3148 quod
1172 3064 1236 3127 fert
1259 3063 1436 3129 Germania
1458 3063 1562 3143 fortis,

691 3159 787 3234 Quod
810 3160 965 3226 deformis
987 3163 1079 3228 Abar
1101 3164 1376 3250 Pannonicusque
1401 3165 1534 3252 Gipes⁹.

611 3263 738 3349 Inclyta
760 3286 844 3350 quae
868 3265 1017 3352 patribus
1042 3267 1164 3332 dudum
1188 3277 1239 3333 est
1262 3271 1424 3355 promissa
1444 3269 1563 3348 beatis,

690 3366 853 3453 Quicquid
876 3368 1069 3434 Hierusales
1093 3372 1170 3434 urbs
1194 3371 1295 3436 habet
1317 3373 1404 3436 alma
1425 3371 1490 3439 dei,

528 3487 553 3524 3⁶
613 3468 708 3542 Quod
730 3471 913 3535 Pelusiacis
935 3493 1017 3556 gens
1040 3481 1114 3537 usta
1134 3473 1311 3558 vaporibus
1325 3475 1352 3513 ¹⁰
1374 3481 1497 3560 aptum,

678 3574 774 3649 Quod
796 3573 996 3659 Troclodyta
1018 3575 1121 3660 niger,
1146 3576 1232 3660 quod
1253 3576 1436 3642 Meroensis
1459 3577 1567 3643 habet.

608 3676 752 3743 Decolor
774 3677 975 3764 Aethiopum
999 3700 1058 3744 sua
1083 3679 1111 3743 si
1135 3678 1192 3743 det
1215 3687 1332 3744 cuncta
1353 3687 1495 3762 caterva,

694 3781 738 3847 Et
759 3804 841 3867 gens
865 3782 925 3847 sub
948 3784 1056 3848 canori
1080 3783 1187 3848 sidere
1211 3803 1338 3869 quaque
1360 3784 1490 3850 iacet¹¹.

611 3885 706 3960 Quod
729 3885 912 3951 Nomadum
935 3888 1058 3974 populi,
1090 3888 1176 3974 quod
1199 3887 1322 3952 habent
1343 3895 1400 3953 tua
1422 3910 1534 3975 regna,
1557 3889 1728 3976 Iugurtha,

528 4010 554 4048 ⁴0
697 3989 858 4077 Quodque
883 4000 996 4058 secant
1020 3990 1146 4077 Syrtes,
1169 3992 1315 4078 Afraque
1338 4013 1415 4058 rura
1437 3994 1572 4059 vehunt.

611 4093 710 4160 Orbis
734 4096 820 4182 quod
842 4096 997 4182 Libycus,
1020 4097 1072 4162 vel
1096 4097 1182 4181 quod
1206 4098 1375 4162 Maurusia
1397 4098 1507 4180 tellus,

691 4199 787 4275 Quod
808 4201 899 4265 locus
923 4200 1046 4266 Autaei
1059 4200 1098 4280 ¹²,
1121 4201 1242 4266 hortuli
1266 4209 1300 4266 ct
1321 4201 1554 4290 Hesperidum.

610 4301 707 4376 Quod
729 4303 902 4368 fortunatis
926 4311 1096 4390 praestant
1119 4325 1178 4368 sua
1201 4326 1276 4370 rura
1298 4305 1459 4386 Galaulis,

690 4405 836 4480 Quorum
860 4408 1058 4494 multiplices
1082 4409 1190 4474 insula
1212 4410 1319 4495 giguit
1342 4410 1472 4496 opes¹³.

526 4531 551 4567 a
607 4509 752 4576 Praebet
773 4509 954 4576 Atlantiaci
978 4511 1131 4598 quioquid
1154 4513 1252 4599 plaga
1274 4513 1400 4579 fervida
1421 4513 1540 4594 Mauri,

691 4613 735 4678 Et
756 4636 840 4700 gens
863 4617 891 4679 si
914 4637 978 4701 qua
1000 4623 1089 4680 ortus
1113 4618 1254 4698 conscia,
1278 4616 1364 4697 Nile,
1388 4617 1435 4681 tui
1457 4617 1556 4683 estu.

1663 4177 1678 4218 Ι

349 4766 433 4772 ,,....-.
457 4767 523 4771 -.......
569 4767 572 4770 .
592 4767 596 4770 .
666 4765 668 4768 -
740 4766 744 4770 -
759 4765 916 4774 ——4-...0--
940 4765 972 4771 ...
1004 4767 1048 4771 .--—
1066 4767 1085 4772 ..-
1101 4768 1105 4770 -
1124 4769 1160 4773 .-.,
1185 4769 1204 4774 -.
1238 4767 1291 4772 ..-...
1312 4767 1461 4772 .--..--......-.-
1514 4766 1527 4772 -.
1543 4768 1545 4772 .
1610 4765 1790 4772 -·----=—-v--—·--

346 4849 372 4915 1)
396 4849 437 4902 Io.
454 4849 480 4912 3,
494 4848 524 4912 ss;
543 4847 692 4901 Dracorrtis¹
710 4846 842 4901 Hexaem.
863 4849 913 4901 loo
931 4847 1012 4902 ludia
1030 4866 1093 4903 oum
1110 4850 1228 4919 gemmis
1247 4851 1275 4902 et
1294 4849 1416 4904 eburnea
1433 4850 1558 4903 monstra
1575 4847 1712 4908 minatur;
1730 4846 1763 4899 61
1782 4842 1897 4898 India..

241 4959 379 5014 generans
404 4942 558 5012 pigmenta.
646 4943 673 5008 2)
697 4942 714 4994 2
737 4943 834 4998 Paral.
853 4944 936 5006 9,10;
963 4943 1065 5014 3Req.
1084 4947 1109 5010 9,
1122 4946 1163 4998 11,
1256 4945 1284 5008 3)
1303 4944 1385 5016 Verp.
1405 4942 1503 5014 θεον).
1523 4943 1589 5011 Ι,57
1613 4940 1695 4996 India
1713 4940 1805 4994 mittit
1822 4939 1898 5002 ebur,

241 5039 339 5092 molles
363 5054 413 5092 sna
435 5039 499 5091 tura
517 5035 630 5098 Sabaei;
650 5038 760 5106 ΙΙ,117.
841 5039 868 5102 4)
894 5039 941 5092 Oc.
965 5043 1025 5094 Art.
1052 5044 1112 5093 Aur.
1138 5041 1227 5103 L226
1251 5039 1322 5094 Urbs
1344 5039 1375 5094 in
1397 5037 1591 5094 Achaemeniis
1616 5035 1737 5092 vallibus
1762 5035 1818 5088 ista
1835 5033 1898 5090 fuit.

240 5133 268 5200 5)
292 5132 426 5186 Prodest.
452 5131 569 5186 Cotton.
588 5131 677 5198 12147
700 5149 757 5201 qua
779 5131 965 5202 bosphoreum
989 5137 1063 5189 terno
1087 5134 1162 5203 regit
1188 5133 1293 5205 iugrmr.
1364 5136 1391 5202 6)
1414 5133 1483 5188 leid.
1502 5132 1595 5204 Etym.
1617 5135 1664 5186 XI
1667 5135 1696 5200 V,
1714 5131 1796 5201 3,29;
1817 5130 1899 5202 Very.

243 5226 341 5297 Georq.
354 5226 465 5292 11,121.
537 5227 563 5294 7)
583 5225 670 5281 Prud.
683 5227 918 5298 separares-30
929 5228 1108 5298 Rhodopeius
1121 5229 1229 5283 Hebrus
1245 5232 1249 5296 Ι
1266 5271 1289 5284 ..
1309 5228 1461 5297 feritasque
1474 5231 1590 5282 cruenta
1602 5227 1710 5283 Geloni.
1782 5226 1810 5294 8)
1828 5225 1899 5280 Luc.

241 5323 344 5376 Pbcrs.
363 5321 446 5388 11,51
471 5319 506 5373 ab
525 5324 648 5375 extremo
667 5321 752 5375 flavos
770 5321 910 5390 Aquilone
929 5321 1038 5376 Suevos.
1115 5323 1142 5390 9)
1164 5323 1206 5390 Cf.
1228 5323 1354 5378 Conoers.
1373 5323 1495 5393 Bapocr.
1515 5328 1540 5377 et
1561 5321 1710 5378 Carardan.
1729 5321 1898 5390 1811119)

240 5432 263 5471 o.
281 5417 299 5472 6
322 5417 363 5470 De
381 5415 496 5485 Gepidis
520 5419 614 5470 autem
639 5416 754 5484 quidam
772 5416 864 5472 adhuc
885 5417 924 5472 ibi
943 5417 1066 5472 resident
1083 5417 1132 5484 (sc.
1150 5417 1181 5471 ia
1194 5418 1363 5486 Pannonio).
1443 5417 1487 5486 10)
1507 5417 1640 5473 Prodest.
1661 5415 1808 5472 cartana,
1827 5409 1900 5480 V‚58

241 5511 314 5566 Gens
332 5509 484 5565 Pelusiacis
506 5514 571 5565 usta
594 5511 750 5581 vaporibus.
833 5514 876 5582 11)
897 5513 976 5582 Vero.
997 5512 1058 5567 Ecl.
1076 5512 1114 5582 X,
1129 5513 1163 5567 68
1185 5512 1355 5582 Aethiopum
1378 5529 1517 5568 versemus
1535 5529 1600 5567 ores
1618 5511 1670 5566 sub
1689 5510 1779 5566 sidere
1798 5509 1899 5565 cancri.

240 5607 285 5674 12)
314 5607 357 5675 Cf.
384 5605 454 5660 laid.
475 5606 567 5676 Oripp.
587 5606 652 5672 XV,
662 5609 686 5670 1,
699 5608 740 5661 14.
822 5608 864 5674 13)
890 5607 934 5661 lo.
953 5607 1009 5668 lx,
1018 5607 1044 5668 2,
1054 5607 1117 5670 124;
1137 5609 1215 5672 XIV,
1228 5608 1252 5668 6,
1262 5607 1287 5660 8.
1366 5607 1410 5674 14)
1433 5605 1899 5676 L1w.Pburs.I‚20Etgens,si

240 5719 296 5770 qua
314 5701 387 5756 iacet
405 5700 531 5755 nascenti
550 5703 661 5757 conscia
678 5703 755 5758 Nilo.
