4574 6442
985 423 1127 478 lOSEPHl
1146 423 1275 478 SCOT'I'I
1293 423 1468 479 CARMINA.

1005 711 1159 785 ITEM
1199 595 1449 785 IVSSEPH.
1523 711 1527 726 '

818 833 906 915 Vita,
929 835 1028 915 salus,
1051 836 1163 915 virtus,
1185 835 1332 916 verbum,
1355 834 1526 921 sapientia,
1549 857 1698 922 sponsus,

817 938 930 1018 Ianua,
954 945 1075 1023 pastor,
1098 939 1179 1019 ovis,
1203 939 1370 1024 prolisque
1393 940 1538 1024 parentis
1561 941 1679 1025 imago,

816 1039 921 1104 Recta
944 1043 1104 1122 columna,
1127 1041 1221 1127 lapis,
1243 1042 1341 1106 turris
1365 1063 1411 1120 es,
1435 1042 1551 1107 lucifer
1573 1050 1606 1107 et
1629 1045 1689 1124 sol,

817 1144 931 1210 Gratia
953 1147 1051 1232 plena
1074 1147 1186 1232 patris,
1209 1153 1421 1231 augmentum
1445 1148 1528 1211 lucis
1552 1147 1593 1211 ab
1618 1155 1700 1228 ortu,

818 1248 1002 1313 Altitronus
1024 1249 1147 1330 lessus,
1171 1251 1226 1314 lex
1249 1250 1382 1336 optima,
1406 1251 1511 1314 factor
1534 1249 1665 1336 Olimpi,

818 1350 1008 1433 Consilium,
1031 1353 1195 1438 prinecps,
1219 1353 1364 1438 repletus
1388 1352 1512 1418 fructus
1535 1353 1632 1433 oliva,

817 1454 1034 1542 Omnipotens
1056 1457 1133 1522 vitis
1155 1464 1275 1538 rector,
1299 1479 1341 1522 en
1362 1465 1477 1523 unctor
1500 1465 1533 1522 et
1554 1469 1681 1537 unctus,

816 1557 951 1644 Legiler
973 1561 1149 1640 aetherius,
1172 1561 1278 1640 testis,
1301 1560 1378 1641 dux,
1401 1581 1519 1642 sermo,
1542 1561 1678 1647 profeta,

817 1659 943 1744 Victor,
966 1663 1087 1748 ubique
1110 1663 1275 1727 tramitte
1299 1664 1382 1728 caeli
1405 1665 1506 1749 regia,
1528 1664 1660 1751 praesul

816 1762 980 1829 Maximus
1004 1773 1037 1830 et
1059 1764 1222 1846 minimus,
1245 1766 1374 1851 signum
1396 1767 1584 1832 venerabile
1608 1767 1706 1845 cultu,

815 1865 936 1931 Botrus
959 1889 995 1932 es
1019 1867 1052 1930 in
1076 1866 1196 1953 Cypro,
1219 1888 1316 1948 mors,
1341 1889 1464 1949 servus,
1488 1870 1628 1949 victima,
1651 1891 1778 1934 manna.

816 1968 951 2034 Arbiter
972 1977 1138 2050 aeternus,
1161 1970 1303 2052 nimbus,
1327 1991 1389 2055 quo
1412 1977 1500 2035 terra
1522 1972 1673 2054 virescat,

815 2070 956 2158 Lampas
980 2095 1016 2138 es
1039 2081 1096 2138 aut
1118 2073 1212 2159 panis
1236 2094 1375 2159 superus
1398 2073 1592 2138 commissus
1615 2074 1656 2139 ab
1680 2075 1755 2155 alto,

814 2173 945 2258 Exitus,
968 2177 1129 2258 introitus,
1154 2198 1235 2257 sors,
1259 2197 1396 2261 regnum
1420 2176 1490 2241 sive
1512 2175 1678 2242 redemtor

815 2277 913 2343 Orbis
937 2301 982 2361 es,
1007 2302 1059 2360 en,
1080 2279 1227 2345 medicus
1250 2300 1376 2366 ponens
1399 2279 1568 2366 pigmenta
1590 2279 1715 2359 salutis,

815 2381 960 2468 Signifer
981 2385 1015 2448 in
1038 2385 1153 2470 clipeis
1177 2391 1213 2448 tu
1236 2383 1339 2449 vincis
1362 2405 1492 2469 semper
1515 2391 1548 2449 et
1570 2404 1658 2462 arcu,

812 2485 951 2574 Emptor
973 2488 1111 2575 adeptus
1135 2509 1209 2554 eras
1234 2489 1320 2553 claro
1344 2487 1385 2552 de
1408 2488 1520 2573 stipite
1543 2486 1707 2568 mundum,

813 2589 887 2656 Rex
910 2613 1034 2677 regum,
1057 2591 1218 2673 dominus,
1242 2591 1367 2656 eunctis
1390 2591 1448 2655 lux
1470 2592 1556 2655 alma
1578 2613 1638 2677 per
1659 2591 1782 2672 orbem,

813 2694 1023 2782 Principium,
1045 2697 1131 2778 finis,
1153 2697 1301 2782 locuples
1325 2701 1359 2760 et
1380 2715 1505 2780 pauper
1527 2695 1658 2776 amictu,

813 2795 866 2861 En
889 2820 971 2884 puer
993 2807 1027 2864 et
1050 2801 1170 2878 senior,
1193 2799 1276 2875 fons,
1300 2799 1432 2878 flumen,
1455 2804 1568 2884 pastor
1589 2805 1622 2862 et
1645 2818 1759 2882 agnus,

812 2900 941 2967 Nomen
964 2901 1089 2968 habens
1111 2903 1231 2982 oriens,
1254 2903 1412 2967 vexillum
1434 2901 1518 2966 lucis
1541 2923 1577 2966 es
1601 2907 1717 2980 ortum,

813 3001 1014 3090 Simpliciter
1035 3005 1133 3086 mitis,
1157 3002 1322 3068 mirandus
1346 3025 1382 3068 es
1406 3024 1462 3068 ore
1485 3003 1647 3089 profusso,

811 3105 919 3172 Fortis
943 3129 1004 3173 seu
1025 3108 1182 3189 infirmus,
1205 3113 1241 3170 tu
1263 3106 1369 3192 plenis
1393 3106 1544 3170 sensibus
1567 3106 1668 3188 Aron,

812 3209 923 3276 Iustus
948 3234 984 3277 es
1008 3218 1041 3276 et
1063 3211 1173 3289 iudex,
1197 3217 1254 3274 tua
1277 3212 1381 3274 solum
1405 3216 1519 3274 sancta
1541 3213 1709 3286 voluntas;

813 3315 931 3401 Regna
953 3316 1051 3381 beata
1074 3299 1192 3381 tenens
1212 3313 1253 3378 de
1277 3321 1420 3379 stercore
1444 3315 1545 3379 sumis
1569 3336 1703 3400 egenos,

811 3417 925 3484 Murus
945 3440 981 3483 es
1003 3417 1165 3500 invalidis,
1188 3425 1318 3504 puteus,
1342 3438 1437 3502 quem
1460 3417 1582 3482 femina
1604 3425 1705 3503 potat,

811 3520 903 3607 Ignis
927 3523 960 3586 in
982 3522 1069 3587 hunc
1091 3521 1214 3602 orbem,
1237 3521 1345 3585 missit
1367 3542 1464 3605 quem
1486 3542 1584 3585 verus
1608 3521 1649 3584 ab
1671 3542 1746 3584 arce

811 3622 1056 3711 Supremusque
1079 3645 1209 3710 parens,
1232 3625 1326 3688 tritus
1350 3630 1386 3688 tu
1408 3644 1525 3709 passus
1548 3644 1585 3687 es
1608 3623 1705 3704 Abel,

812 3727 927 3793 Scriba
950 3749 996 3806 es,
1019 3736 1056 3793 tu
1078 3750 1204 3808 cervus,
1228 3750 1347 3814 caprea
1368 3727 1409 3793 de
1433 3729 1558 3814 cespite
1581 3727 1711 3808 Bethel,

745 3853 746 3856 ¹
810 3830 938 3917 Inclyta
960 3840 1053 3918 porta
1075 3832 1180 3912 bonis,
1203 3834 1300 3917 plana
1323 3839 1357 3896 et
1380 3839 1415 3896 tu
1438 3833 1556 3898 semita
1577 3839 1678 3910 recto,

809 3934 940 4000 Morsus
964 3956 1000 4000 es
1023 3935 1152 4017 inferni,
1176 3956 1195 3999 o
1219 3957 1288 4016 rex,
1312 3936 1403 4000 cuius
1427 3937 1516 4000 celse
1538 3935 1681 3999 tribunal

809 4040 910 4105 Astra
931 4041 998 4127 poli
1021 4047 1165 4126 superat,
1188 4040 1277 4125 prior
1297 4061 1318 4104 a
1341 4040 1547 4104 consortibus
1571 4061 1607 4105 es
1630 4047 1676 4119 tu,

807 4144 969 4209 Pacificus
994 4143 1150 4209 Salomon
1171 4165 1336 4230 verusque
1359 4145 1488 4209 oblatus
1513 4166 1548 4209 es
1572 4145 1656 4226 Isac,

806 4247 858 4312 En
881 4250 977 4314 homo
1000 4256 1100 4335 tuque
1124 4251 1215 4333 deus,
1239 4272 1358 4338 pensas
1382 4251 1437 4335 qui
1460 4251 1607 4336 proemia
1630 4251 1756 4334 cuique,

726 4377 729 4384 ¹
807 4351 858 4417 Tu
882 4359 950 4417 stas
974 4353 1130 4418 damnans
1153 4375 1249 4419 omne
1272 4353 1377 4434 nefas,
1401 4353 1556 4418 defensor
1578 4361 1611 4418 et
1634 4355 1730 4426 ultor,

805 4455 879 4520 Rex
901 4455 965 4540 pie,
985 4455 1141 4520 virtutum
1163 4456 1223 4522 tibi
1246 4457 1361 4542 gloria,
1383 4457 1520 4541 mystice
1545 4456 1694 4536 Samson,

805 4557 977 4622 Auxiliare
1000 4556 1111 4640 decus,
1134 4559 1194 4624 flos
1218 4559 1334 4645 campi,
1359 4580 1548 4644 summaque
1572 4559 1696 4624 dextra.

804 4742 867 4807 His
891 4742 931 4808 de
954 4741 1152 4821 nominibus,
1174 4761 1234 4826 per
1257 4761 1339 4825 quae
1364 4741 1524 4826 scriptura
1546 4762 1663 4806 vocare

803 4845 914 4910 Iesum
938 4865 1037 4931 saepe
1062 4844 1156 4923 solet,
1178 4843 1260 4908 haec
1283 4844 1403 4929 pagina
1426 4844 1548 4930 scripta
1570 4845 1718 4930 patescit.

721 4969 747 5006 ιι
799 4949 940 5013 Nomina
962 4949 1066 5014 multa
1088 4947 1161 5028 deo,
1185 4946 1260 5012 dum
1285 4946 1491 5012 discutienda
1513 4949 1676 5033 leguntur,
1713 4961 1714 4964 ’

803 5051 943 5137 Mystico
967 5051 1176 5132 conveniunt,
1200 5072 1243 5116 ex
1266 5051 1338 5136 quis
1362 5051 1443 5116 hoec
1466 5051 1539 5136 ipsa
1560 5052 1670 5115 notavi

802 5152 846 5217 Et
868 5153 1042 5219 scribenda
1064 5154 1124 5219 tibi
1147 5154 1274 5233 melius,
1296 5173 1356 5216 rex
1380 5151 1487 5231 Carlc,
1510 5154 1637 5239 putavi:

803 5257 918 5342 Tuque
942 5264 1107 5322 memento
1130 5258 1205 5336 mei,
1229 5255 1320 5319 dicor
1342 5258 1398 5340 qui
1420 5256 1551 5320 nomine
1575 5256 1706 5342 Ioseph.

455 5440 495 5508 [V]
514 5441 647 5497 ButrusB
694 5437 911 5498 13commisusB
963 5444 996 5496 16
1005 5447 1134 5514 clepeisB
1179 5445 1213 5498 31
1224 5447 1363 5499 MurausB
1408 5443 2051 5515 37wosticborumr'nterpretcmenlamatthaee.-

470 5530 535 5596 Vils,
553 5532 631 5597 salua,
651 5533 741 5594 virtus,
758 5533 874 5596 verbum,
893 5533 1025 5598 sapientis,
1043 5551 1160 5600 sponsus,
1263 5536 1318 5584 Rex
1336 5550 1433 5600 regum,
1452 5534 1577 5601 dominus,
1595 5545 1746 5587 cunctorum
1764 5538 1811 5587 rite
1828 5545 1936 5604 creator,

469 5615 554 5682 Virga,
573 5618 700 5682 columba,
718 5617 767 5680 leo,
785 5633 898 5682 serpens,
916 5617 1061 5670 firmissima
1081 5629 1160 5686 petra,
1266 5620 1343 5686 Virgo
1362 5627 1458 5686 potens,
1477 5637 1537 5670 vere
1554 5622 1619 5671 vatis
1638 5622 1683 5671 lux
1700 5622 1767 5672 aliua
1784 5639 1829 5688 per
1847 5624 1950 5687 orbem3

468 5699 518 5763 Sol,
537 5702 586 5766 vis,
605 5705 717 5755 salvator
735 5719 859 5762 summus,
878 5719 960 5765 mona,
978 5702 1059 5766 stella,
1081 5705 1193 5768 lucerua,
1263 5705 1302 5754 En
1321 5721 1384 5769 puer
1401 5713 1427 5755 et
1443 5706 1535 5768 senior,
1555 5709 1611 5756 sons
1628 5709 1705 5770 uitne,
1724 5709 1777 5758 vitu
1796 5711 1929 5774 perennis;

468 5785 599 5837 Auxiliare
617 5790 703 5852 decus,
722 5790 769 5837 flos
788 5787 878 5849 campi,
901 5803 1050 5850 summoque
1070 5790 1166 5853 dextra,
1262 5791 1321 5840 Alsa
1339 5792 1437 5842 voceris
1457 5800 1482 5841 et
1501 5808 1531 5855 w,
1550 5811 1607 5858 pax,
1625 5795 1719 5858 lumen,
1739 5803 1823 5860 pastor
1840 5805 1865 5845 et
1882 5813 1977 5862 agnus.
