4612 6414
787 409 833 463 DE
851 409 1153 467 RESURRECTIONE
1170 414 1310 470 coluriis.

584 579 680 653 Quod
702 589 834 648 mancat
855 585 969 649 muudi
991 585 1137 682 peritura
1158 587 1241 652 hace
1263 587 1405 674 denique
1429 591 1542 670 forma,

667 682 827 755 Quattuor
849 686 911 751 hoc
934 708 1106 772 procerum
1127 689 1227 754 lectio
1250 711 1344 755 sacra
1367 692 1463 756 canit.

502 803 527 844 u
586 784 713 851 Educet
736 786 798 853 hoc
821 789 934 874 paucis
957 787 1107 856 christus
1130 792 1280 858 mirabile
1304 797 1494 880 promensl:

669 883 826 972 ‘Caelum
850 898 938 957 terra
959 895 1044 980 perit
1067 902 1102 960 ct
1123 916 1197 960 mea
1219 898 1320 963 verbo
1341 902 1495 966 manent.'

584 991 678 1056 Idem
701 993 788 1077 quod
809 1002 941 1060 maneat
963 1003 1040 1061 tunc
1062 1001 1258 1064 resurrectio
1282 1002 1399 1082 carnis,

667 1095 843 1183 Multiplici
865 1099 986 1163 affectu
1008 1101 1128 1166 conicit
1150 1102 1221 1188 ipse
1245 1124 1315 1169 suo.

585 1196 637 1264 Dc
661 1220 797 1264 numero
821 1201 947 1266 nullum
969 1209 1111 1268 testatur
1133 1204 1250 1270 deesse
1273 1208 1436 1293 capillum,

673 1301 760 1376 Quin
782 1323 941 1368 numerus
962 1306 1079 1392 plenus
1102 1308 1225 1392 polleat
1248 1309 1324 1374 inde
1347 1311 1429 1377 sui'l.

585 1403 680 1478 Quod
703 1405 848 1471 redivivo
871 1428 931 1472 suc
954 1408 1107 1494 iungatur
1129 1411 1190 1476 rite
1214 1412 1315 1476 calori

668 1507 761 1574 Haeo
785 1511 942 1575 moritura
965 1533 1050 1594 caro,
1073 1512 1196 1579 Paulus
1220 1522 1253 1580 et
1276 1516 1352 1582 inde
1375 1518 1453 1582 boat
1465 1519 1488 1582 ³.

464 1637 468 1648 ·
586 1608 658 1674 Iam
681 1632 835 1697 suprema
856 1613 927 1678 dies
949 1616 1070 1680 multos
1092 1616 1194 1682 dilata
1215 1639 1275 1703 per
1297 1641 1399 1686 annos

668 1712 833 1780 Adveniet
856 1718 981 1782 cunctis
1005 1726 1039 1783 et
1061 1719 1157 1784 timor
1179 1722 1284 1786 omnis
1308 1722 1413 1788 abest.

517 1837 528 1874 s
585 1815 714 1882 Bucina
735 1839 811 1883 nam
834 1820 951 1884 lituum
974 1829 1158 1886 extremum
1181 1822 1325 1910 deponet
1347 1826 1387 1891 ab
1410 1827 1487 1908 alto,

670 1917 770 1985 Cuius
794 1922 835 1986 ob
859 1923 987 2007 insigne
1010 1923 1156 1990 funditus
1180 1937 1258 1992 arvo
1281 1935 1430 2010 trement,

583 2021 805 2089 Praevenient
828 2025 924 2111 primi
947 2027 1072 2092 celeres
1095 2037 1282 2096 nec'morte
1307 2034 1454 2118 sepultis,

670 2124 763 2199 Quos
786 2128 894 2192 vitalis
917 2131 986 2216 agit
1009 2131 1140 2217 spiritus
1164 2139 1262 2218 atque
1285 2136 1385 2202 calor.

587 2226 643 2291 Sic
666 2230 785 2294 virtute
808 2232 927 2312 nitens,
951 2233 1041 2297 leudi
1063 2235 1222 2300 facundus
1246 2237 1383 2320 inerte,

675 2332 729 2398 Sic
753 2355 903 2400 sermone
927 2344 1042 2423 potens
1065 2338 1195 2402 mistica
1216 2341 1312 2425 plura
1330 2343 1421 2405 canit
1434 2341 1457 2405 ⁴.

585 2432 683 2500 Unde
706 2444 817 2502 manet
840 2438 948 2504 studio
973 2447 1062 2504 tanto
1087 2461 1162 2506 nam
1185 2463 1263 2507 cura
1285 2445 1434 2529 sepultis,

670 2538 866 2625 Depositum
889 2541 1004 2607 credas
1027 2564 1093 2608 non
1115 2544 1296 2629 periturum
1318 2545 1472 2614 animum.

587 2641 671 2720 (lum
694 2643 859 2710 redivivus
882 2645 979 2710 homo
1003 2646 1135 2712 indutus
1157 2647 1285 2733 fulgore
1309 2671 1446 2715 corusca

671 2745 788 2812 Carnis
810 2755 904 2814 veste
927 2771 1006 2816 suae
1029 2751 1279 2837 constiteritque
1301 2753 1420 2834 nitens,

589 2848 691 2927 Tunc,
714 2849 875 2936 paradise,
898 2858 972 2917 tuas
994 2855 1125 2939 capient
1147 2877 1207 2940 per
1229 2858 1360 2921 saccula
1382 2857 1459 2922 iusti

670 2952 822 3036 Divitias,
845 2954 968 3020 domini
991 2958 1202 3024 consociante
1225 2959 1335 3041 choro,

587 3055 660 3130 Quo
685 3077 800 3122 roseus
822 3066 937 3123 vernat
958 3060 1058 3124 variis
1081 3057 1255 3126 distinctus
1278 3063 1405 3147 agellus

668 3159 831 3243 Floribus,
854 3163 980 3227 aeterci
1001 3165 1144 3228 nectaris
1167 3165 1273 3229 almus
1297 3163 1386 3229 odor.

586 3262 745 3330 Omnibus
767 3287 832 3331 una
855 3265 982 3346 domus,
1004 3266 1095 3331 nulla
1117 3266 1282 3332 testudine
1304 3288 1455 3353 pressum

673 3365 862 3434 Inrsdiante
884 3370 987 3454 gemit
1008 3369 1154 3456 pondere
1179 3371 1307 3435 culmen
1329 3370 1396 3436 ubi.

588 3470 707 3556 Ample
730 3471 806 3535 tolis
829 3472 928 3537 variis
952 3479 1080 3538 constat
1102 3481 1228 3539 secreta
1250 3473 1388 3553 locellis,

670 3572 871 3660 Multiplices
894 3574 994 3640 aedes
1018 3577 1165 3642 continet
1186 3597 1253 3641 una
1275 3577 1359 3643 sinu.

488 3705 490 3710 ·
590 3678 655 3742 Pro
677 3680 803 3744 meritis
826 3680 933 3746 rutilis
956 3681 1075 3746 dantur
1096 3680 1248 3746 felicibus
1271 3679 1371 3746 cedes

674 3780 860 3864 Caelicolis,
882 3785 1033 3868 geminus
1056 3805 1120 3870 quo
1143 3785 1234 3868 viget
1256 3784 1361 3848 almus
1384 3783 1497 3848 honor.

593 3883 731 3950 Munere
754 3907 813 3971 pro
836 3907 929 3952 sacro
952 3887 1065 3952 rutilat
1088 3908 1152 3972 quo
1173 3884 1317 3973 fulgidus
1339 3887 1411 3972 ipse

672 3988 781 4074 Atque
804 3990 911 4054 nitens
936 3989 1063 4074 superis
1087 3988 1242 4075 splendor
1264 3988 1388 4053 amicus
1411 3987 1514 4053 adest.

590 4091 696 4156 Ardet
717 4093 880 4158 amicitiae
904 4093 1002 4157 tantis
1026 4093 1208 4178 fulgoribus
1231 4092 1298 4156 illic

673 4195 788 4260 Virtus
810 4198 896 4261 alma
919 4198 1016 4262 simul
1039 4205 1072 4262 et
1094 4197 1227 4283 pictatis
1250 4217 1351 4276 amor,

592 4299 752 4365 Omnibus
775 4308 812 4366 ut
832 4309 963 4366 maneat
985 4301 1151 4388 proprium
1174 4321 1237 4385 quo
1261 4299 1396 4384 quisque
1420 4298 1552 4385 potitur,

421 4431 443 4472 0
509 4423 535 4461 so
677 4402 721 4467 Et
743 4424 914 4469 commune
938 4403 1000 4469 sibi
1024 4403 1171 4488 singulus
1194 4402 1299 4467 omnis
1323 4399 1432 4466 habet.

590 4505 773 4571 Praecalidi
795 4507 894 4572 nimio
918 4507 997 4573 solis
1020 4527 1084 4593 quo
1107 4505 1241 4571 fulmine
1263 4505 1362 4570 tellus

675 4608 841 4690 Terretur,
865 4610 973 4677 radios
996 4632 1062 4675 uon
1083 4609 1240 4674 retinebit
1262 4608 1329 4673 ubi.

329 4799 1080 4812 ——-———...—..‚-„-—.‚.‚——.-—-.

327 4931 363 4985 43
381 4935 461 4986 forma
483 4937 577 4990 addidi
695 4937 730 4992 45
755 4939 896 4994 christoH
1002 4936 1036 4989 47
1054 4954 1088 4990 uc
1100 4937 1140 5000 H,
1169 4945 1232 4988 tuuc
1252 4954 1318 4988 corr.
1392 4999 1394 5004 Ι
1442 4933 1476 4985 48
1493 4935 1623 4988 nfeotuH
1722 4934 1757 4987 50
1782 4937 1876 5003 polleat

225 5021 318 5086 polleat
331 5020 367 5084 Η,
399 5021 458 5073 inde
479 5025 521 5074 sui
538 5024 631 5077 addidi
759 5023 792 5076 51
811 5023 996 5091 iunganturH
1102 5019 1137 5073 53
1154 5021 1330 5089 snpraemeH
1437 5018 1632 5072 bbssucinarurn
1645 5021 1678 5072 H
1725 5023 1830 5089 deponit
1847 5021 1880 5072 H

224 5100 259 5155 56
281 5105 454 5172 insignamH
550 5106 583 5160 57
601 5114 715 5179 sepultos
732 5112 764 5161 H
862 5107 896 5161 58
913 5109 1007 5178 agiiH
1071 5107 1208 5175 atquoeH
1294 5105 1614 5160 centumcellensis
1678 5109 1747 5159 sandi
1765 5109 1880 5159 feridiH

226 5192 258 5244 61
286 5196 349 5246 muri
365 5194 397 5244 H
488 5196 523 5250 63
548 5200 635 5261 Quum
652 5199 686 5249 H
749 5197 891 5249 sulcoreH
972 5193 1006 5246 64
1031 5193 1258 5260 constiteriqucH
1339 5189 1373 5243 73
1394 5192 1573 5244 foelicibusH
1673 5189 1706 5244 75
1727 5193 1880 5245 MuneraH

225 5276 259 5330 76
279 5280 350 5332 adest
373 5281 465 5333 addidi
580 5281 616 5334 80
636 5285 746 5352 singulis
764 5282 793 5332 H
905 5279 940 5334 82
963 5282 1050 5333 radius
1068 5279 1102 5330 Η

1058 5381 1069 5406 Ι

329 5482 355 5549 1)
375 5480 416 5534 Ib.
434 5483 477 5547 24,
489 5485 526 5540 35
544 5482 659 5538 Caelum
677 5489 706 5539 ct
723 5487 797 5537 teu-o
814 5483 982 5548 transibunt,
1000 5482 1085 5536 verba
1102 5482 1196 5535 autom
1216 5495 1278 5532 mea
1291 5495 1346 5533 non
1359 5477 1559 5547 praeteribunt.
1623 5479 1650 5546 2)
1670 5477 1770 5532 Mettis.
1790 5479 1830 5542 10,
1842 5479 1878 5534 30

226 5582 317 5637 Vestri
339 5585 434 5637 autem
456 5585 554 5656 capilli
577 5586 680 5655 capitis
706 5603 800 5641 omnes
828 5586 966 5642 numerati
993 5589 1066 5640 sunt
1154 5586 1182 5652 3)
1205 5585 1219 5636 1
1245 5583 1305 5638 Cor.
1325 5581 1467 5647 15,52,53.
1557 5581 1585 5650 4)
1609 5579 1651 5649 Os.
1674 5597 1762 5651 supra
1776 5598 1808 5651 p.
1825 5581 1877 5636 519

224 5701 249 5739 o.
268 5684 378 5752 77—78,
396 5685 445 5740 abi
462 5687 535 5744 idern
552 5702 650 5744 cerasa
667 5691 835 5759 repetantur.
