4574 6442
597 418 792 471 ΕΡΙΤΛΡΗΙΑ
812 419 1081 474 CHRODEGANGI.
1099 419 1285 488 IOHANNIS,
1305 420 1492 474 AGGlAltDl.

585 592 730 656 Instituit
755 600 886 658 sanctae
910 593 1033 657 clerum
1055 594 1130 657 hinc
1154 595 1264 658 munia
1286 595 1382 668 vitae,

667 695 788 758 Ordine
812 695 845 758 in
869 695 1011 758 ecclesia
1030 697 1152 781 luxque
1176 696 1343 781 decusque
1366 697 1461 761 fuit¹.

585 798 746 882 Exemplo
771 805 804 860 et
825 797 934 861 vorbis
957 799 1084 861 animos
1107 799 1148 862 ad
1171 801 1295 864 ceclica
1317 823 1418 885 regna

669 901 768 981 Misit,
792 901 880 965 etin
903 909 994 966 tante
1016 903 1125 966 floruit
1148 911 1218 967 artc
1243 904 1333 970 satis.

587 1005 735 1069 Virtutes
759 1006 914 1086 retinens,
935 1006 1088 1069 vitiorum
1111 1013 1320 1091 monstraque
1343 1007 1461 1082 vitans,

670 1108 791 1192 Satquc
815 1109 850 1171 in
873 1129 911 1172 eo
935 1108 1039 1192 viguit
1063 1109 1258 1194 pontificalis
1280 1131 1376 1195 apex.

517 1235 528 1268 s
587 1211 717 1274 Solator
739 1210 845 1274 viduis
867 1210 930 1274 fuit
954 1217 987 1273 et
1011 1211 1113 1274 tutela
1136 1211 1282 1290 misellis,

671 1314 781 1378 Sensit
805 1321 838 1378 ot
860 1315 946 1377 hune
970 1315 1103 1378 sibimet
1126 1314 1272 1400 orphana
1294 1315 1389 1378 turba
1412 1321 1538 1399 patrem
1549 1316 1572 1380 ².

584 1417 752 1501 Regibus³
775 1424 940 1502 aceeptus,
965 1419 1085 1503 populo
1108 1418 1308 1482 venerabilis
1332 1419 1431 1498 omni,

667 1522 746 1585 Vita
769 1523 840 1586 cius
864 1524 989 1587 cunctis
1012 1545 1127 1588 norma
1149 1525 1263 1587 salutis
1287 1531 1367 1588 erat.

584 1624 664 1688 Post
687 1625 773 1689 vitae
798 1647 928 1690 cursum
952 1628 1042 1690 senio
1066 1627 1219 1692 veniente
1242 1634 1421 1712 peractum,

668 1727 804 1792 Terram
827 1728 882 1792 dat
904 1739 1022 1803 terrae,
1045 1730 1146 1793 mittit
1168 1729 1209 1794 ad
1232 1737 1322 1794 astra
1347 1732 1501 1797 animam.

1027 2196 1069 2258 V.

584 2332 658 2395 lloc
681 2332 815 2395 humata
837 2333 945 2396 iacent
967 2333 1101 2396 Ioannis
1125 2333 1271 2397 membra
1294 2333 1478 2419 sepulchro,

669 2436 733 2510 Qui
755 2436 849 2522 Nepc
873 2437 979 2501 luerat
999 2439 1132 2522 praesul
1154 2439 1188 2501 in
1209 2437 1290 2502 urbe
1315 2436 1471 2522 quidem.¹

583 2538 634 2603 Ne
658 2560 743 2624 nepa
766 2561 865 2603 saeva
888 2540 951 2604 sibi
974 2549 1100 2620 noceat,
1125 2563 1289 2616 succurre,
1312 2539 1510 2625 redemptor,

667 2642 710 2705 Et
735 2664 818 2726 quae
843 2644 1005 2707 contraxit
1028 2643 1164 2708 crimina
1188 2692 1463 2708 ......

586 2745 713 2830 Nempe
737 2745 809 2808 loeo
833 2751 945 2808 sancto
969 2746 1072 2809 voluit
1098 2746 1268 2833 sepelirier
1290 2747 1364 2826 isto,

668 2845 741 2919 Quo
765 2869 825 2933 per
846 2848 907 2912 hos
931 2855 1062 2913 sanctos
1085 2850 1230 2914 inveniat
1254 2850 1409 2935 requiem.

681 2985 864 3050 Exteusum
887 3007 948 3072 per
972 2989 1011 3052 Θ.
1034 2987 1072 3051 Ρ.
1095 2986 1134 3060 Q.
1157 2987 1196 3050 Ε.
1214 2993 1242 3050 Δ
1259 3009 1407 3052 connexa

585 3089 706 3153 Christi
730 3111 850 3154 annum
872 3096 1064 3170 monstrant,
1087 3112 1150 3176 quo
1173 3092 1302 3156 transiit
1324 3093 1386 3156 iste
1412 3091 1575 3156 sacerdos.

659 3187 661 3194 ’
682 3193 774 3257 Obiit
796 3195 827 3258 in
851 3216 933 3278 pace
963 3193 998 3257 ΙΙ
1020 3193 1075 3257 Kl.
1098 3194 1181 3258 Nev.
1209 3192 1353 3267 E†OI

1014 3658 1095 3724 VI.-

830 3800 1277 3908 EBHYTAPHIUM.

585 3951 712 4016 Pallida
734 3953 794 4016 sub
818 3973 918 4037 parvo
942 3950 1135 4016 clauduntur
1157 3951 1304 4015 membra
1328 3952 1489 4038 sepulcro,

669 4056 782 4120 Ardua
804 4055 864 4120 scd
887 4055 969 4121 caeli
994 4057 1128 4141 spiritus
1151 4062 1239 4121 astra
1261 4056 1355 4142 petit.

585 4158 704 4222 Inclita
727 4160 828 4245 stirpe
852 4167 952 4240 satus,
976 4159 1201 4244 Franquorum
1224 4160 1382 4245 sanguine
1408 4166 1528 4238 cretus,

669 4262 734 4326 Hie
757 4262 863 4327 luerat
886 4262 1006 4327 dudum
1029 4264 1130 4328 mittis
1153 4265 1186 4327 in
1210 4285 1305 4328 omne
1329 4263 1439 4329 decus.

517 4389 529 4425 s
588 4364 732 4429 Roscida
755 4385 936 4452 purpereas
958 4366 1048 4431 lente
1073 4367 1192 4451 lanugo
1215 4366 1364 4453 genollac

671 4467 848 4553 Cingebat:
872 4468 937 4534 heu
960 4491 1023 4550 me,
1045 4472 1160 4556 pulcra
1182 4470 1333 4534 iuventus
1357 4470 1437 4535 obit.

584 4571 772 4657 Aggiardus
795 4573 901 4658 patrio
925 4594 1044 4637 nomen
1067 4573 1108 4638 de
1132 4574 1263 4638 nomine
1287 4572 1393 4636 dictus

668 4673 734 4738 Hic
758 4682 837 4748 eret,
860 4681 894 4740 et
915 4677 987 4761 regi
1010 4699 1155 4741 summus
1178 4677 1211 4741 in
1234 4678 1309 4741 aula
1332 4677 1426 4742 suit‘.

647 4853 774 4858 —.-—
790 4853 818 4859 .-
826 4853 1234 4862 ——----—-—.—--—--.-
1242 4856 1264 4860 --
1326 4855 1361 4860 4..
1613 4851 1765 4858 -—--—·---

289 4972 329 5038 [Υ]
367 4974 478 5025 Beronii
491 4975 560 5025 clun.
578 4974 713 5024 ecclesiast.
732 4991 757 5022 a.
770 4969 832 5023 770:
851 4973 878 5023 in
896 4974 1003 5024 ecelesia
1021 4974 1167 5024 monasterii
1184 4975 1265 5024 sancti
1277 4974 1357 5024 Sabae
1369 4975 1463 5024 liomrm
1477 4973 1552 5039 positi
1563 4973 1648 5022 adhuc
1659 4979 1730 5022 exmt
1741 4971 1871 5036 inscriptio

218 5061 258 5110 liis
275 5062 392 5111 versibus
408 5069 484 5126 cupre
502 5062 569 5111 notis
586 5063 704 5112 marinoni
722 5061 808 5111 incisa.

293 5143 346 5212 [Vl]
382 5164 413 5196 cx
432 5147 486 5196 eod.
505 5145 591 5196 Puris.
609 5143 675 5196 484]
690 5148 716 5212 f.
735 5143 769 5196 34
858 5144 937 5208 2st
955 5146 1004 5197 celi
1024 5147 1046 5196 C
1136 5147 1208 5214 petiit
1224 5156 1291 5198 nstra
1310 5147 1333 5197 C
1397 5144 1511 5196 loricis
1531 5145 1561 5209 0,
1580 5145 1647 5196 mitis
1664 5144 1728 5194 coni.
1752 5143 1872 5208 ll'oclfflin

220 5235 291 5296 (in-cc
305 5249 356 5296 peu
375 5231 406 5281 dc
424 5232 638 5282 oraiucncbleucc:
661 5231 748 5294 Pario)
820 5248 920 5282 omnam
941 5231 963 5280 0
1072 5231 1170 5284 dobin
1189 5233 1211 5284 C
1320 5230 1443 5282 Ssumus
1463 5231 1485 5282 O

291 5403 317 5460 ll
338 5402 380 5468 Cf.
395 5417 483 5470 supra
498 5418 529 5470 p.
548 5401 581 5454 ut
601 5401 734 5471 Epitopt.
748 5402 859 5456 Arietate
878 5418 902 5456 v.
916 5403 950 5456 10
967 5400 1070 5469 luxque
1089 5401 1224 5468 decorque
1242 5401 1304 5454 fuit.
1386 5401 1413 5466 2)
1432 5399 1518 5452 Pauli
1535 5400 1624 5454 Gesta
1636 5399 1775 5468 cpisccpp.
1795 5397 1872 5452 Meu

218 5505 284 5570 (δ’δ’.
298 5504 342 5570 ΙΙ,
360 5505 434 5568 ἱ)68);
453 5505 610 5558 orfanorum
630 5504 830 5573 viduarumque
848 5522 904 5559 non
922 5505 1011 5558 solum
1028 5505 1101 5557 altor
1120 5503 1167 5557 sed
1186 5507 1215 5556 ct
1232 5502 1462 5558 clementissimus
1479 5505 1564 5557 tutor.
1633 5503 1660 5571 3)
1679 5503 1759 5556 imore
1772 5502 1873 5556 Curato

218 5606 319 5660 nemori
341 5606 436 5661 decorus
459 5611 485 5661 et
502 5608 623 5678 Pippr'ne
646 5609 715 5678 cepi.
800 5609 828 5672 ll
846 5608 984 5661 Einharti
1008 5607 1037 5660 V.
1058 5609 1152 5662 Carelt¹
1169 5609 1210 5662 M.
1229 5624 1251 5662 c.
1264 5609 1294 5662 9:
1322 5607 1354 5660 ln
1377 5625 1432 5676 quo
1451 5608 1556 5677 proelio
1579 5607 1754 5678 Eggihardus
1779 5607 1872 5677 regiae

218 5729 329 5768 mensae
351 5711 538 5781 praepositus,
566 5713 730 5766 Anshelurus
753 5729 843 5767 comes
862 5711 962 5782 palatii
982 5714 1010 5764 et
1028 5711 1224 5766 Hruodlandus
1242 5709 1410 5766 Brittannici
1432 5709 1531 5765 limitis
1550 5713 1705 5781 praefectus
1728 5730 1789 5767 curn
1809 5710 1872 5766 aliie
