4628 6428
1047 394 1196 453 ALCUINI
1215 395 1390 453 CARMINA.

760 567 932 636 Credimus
955 571 1115 636 auxilium
1136 579 1305 657 proestare
1328 571 1515 658 petentibus
1537 571 1610 635 istic

692 694 703 730 s
760 673 938 760 Angelicos
962 683 1087 754 coetus,
1110 676 1217 740 noctis
1240 675 1295 761 qui
1317 682 1465 761 tempora
1488 681 1628 744 serrant.

760 775 887 863 Quique
910 777 1017 842 ferant
1040 777 1171 843 Christo
1195 779 1331 842 fratrum
1353 779 1410 864 pia
1431 785 1508 842 vota
1529 778 1683 863 benigne,

759 881 823 945 Hic
846 902 904 946 vos
927 881 1096 946 inveniant
1118 883 1293 967 vigilantes
1317 903 1448 968 semper
1469 881 1617 962 honeste,

758 984 868 1069 Atque
891 985 1078 1070 piamenta
1102 1006 1214 1070 regem
1236 984 1370 1050 laudare
1393 1005 1579 1070 supernum.

1292 1113 1373 1120 -.—-.—

1203 1195 1233 1238 ur

761 1276 877 1362 Surge,
900 1299 1026 1364 precor,
1049 1279 1189 1358 iuvenis,
1212 1279 1326 1363 vigeas
1349 1277 1426 1342 dum
1449 1299 1585 1364 corpore
1608 1297 1699 1356 sano,

758 1380 802 1445 nt
823 1381 884 1445 tibi
905 1381 1013 1466 pande
1036 1383 1122 1446 viam
1144 1384 1298 1469 precibus
1322 1382 1364 1448 ad
1386 1404 1488 1467 regna
1508 1384 1673 1468 polorum:

759 1484 829 1549 Nec
852 1483 982 1549 dederis
1006 1507 1122 1550 sensus
1145 1493 1224 1568 tota,
1248 1509 1338 1572 rogo,
1363 1495 1458 1551 nocte
1482 1506 1610 1571 sopore.

758 1588 922 1654 Assiduus
945 1590 1075 1676 gelidae
1099 1613 1232 1658 somnus
1256 1600 1307 1657 est
1330 1592 1444 1656 mortis
1472 1592 1596 1675 imago;

760 1692 876 1779 Longa
898 1694 1089 1781 quiescendi
1111 1697 1233 1762 facient
1256 1697 1315 1762 tibi
1337 1697 1405 1761 iata
1426 1694 1671 1782 sepulchrum¹;

759 1796 859 1861 Artes
882 1819 957 1862 nam
979 1798 1084 1865 hostis
1108 1800 1208 1864 habet
1230 1801 1383 1885 antiquus
1407 1800 1498 1864 mille
1522 1797 1671 1862 nocendi.

759 1899 905 1986 Pervigil
927 1900 1049 1967 idcirco
1073 1923 1228 1988 magnum
1251 1903 1311 1967 tibi
1335 1901 1438 1967 conde
1463 1901 1670 1986 triumphum,

760 2002 807 2067 Ut
830 2005 884 2089 pia
907 2012 940 2070 te
964 2005 1087 2070 Christi
1110 2013 1284 2071 conservet
1306 2005 1444 2070 dextera
1466 2025 1606 2089 semper.

1208 2219 1239 2262 ιν

762 2297 825 2360 Hic
846 2299 1000 2383 precibus
1024 2302 1144 2364 nostris
1168 2300 1311 2366 Michael
1333 2296 1550 2381 archangelus
1574 2293 1668 2372 adsit,

761 2399 902 2486 Magnus
925 2404 960 2466 in
982 2425 1056 2468 arce
1079 2405 1147 2490 poli
1170 2406 1333 2491 princeps,
1358 2401 1545 2486 Christique
1568 2399 1729 2463 minister.

761 2501 905 2568 Adiuvet
927 2505 984 2569 ille
1006 2527 1122 2591 preces
1147 2516 1335 2572 sanctorum
1358 2526 1489 2591 semper
1510 2503 1642 2587 ubique,

762 2606 823 2672 llle
847 2609 915 2672 suis
930 2610 1091 2694 ‘precibus
1114 2632 1174 2674 nos
1197 2610 1250 2674 hic
1273 2615 1446 2675 conservet
1469 2608 1511 2672 ab
1533 2606 1637 2686 hoste,

760 2709 939 2796 invigilare
962 2712 1017 2778 dei
1039 2713 1137 2779 faciet
1160 2720 1194 2778 et
1215 2711 1367 2778 laudibus
1390 2712 1476 2776 istic.

1169 3142 1278 3207 XCII.

1221 3268 1231 3310 r

764 3347 880 3414 Nudus
904 3355 958 3414 eat
981 3349 1102 3435 hospes
1114 3351 1137 3429 ²,
1161 3351 1292 3436 placeat
1315 3349 1367 3413 cui
1390 3347 1503 3414 ludere
1526 3370 1654 3414 meeum

847 3451 957 3537 Atque
980 3452 1091 3517 fovere
1115 3473 1189 3517 meo
1213 3473 1352 3538 corpora
1373 3451 1464 3516 fonte
1489 3474 1558 3517 sua.

765 3555 830 3628 Qui
851 3556 961 3641 pisces
985 3555 1148 3641 quondam
1171 3554 1290 3640 gelidis
1313 3555 1484 3639 generavit
1506 3556 1540 3618 in
1561 3552 1668 3634 undis,

848 3658 944 3722 Nunc
968 3656 1093 3722 calidus
1115 3658 1239 3722 homini
1261 3658 1345 3722 iorte
1368 3658 1518 3722 minister
1541 3659 1612 3723 erit.

765 3759 860 3826 Nunc
883 3762 972 3846 ligno
995 3761 1136 3843 vehitur,
1159 3760 1323 3846 quondam
1347 3761 1402 3846 qui
1425 3761 1516 3845 ligna
1536 3761 1690 3840 vehebat,

847 3863 887 3928 In
909 3865 1013 3951 pratis
1037 3885 1171 3929 currens
1195 3870 1261 3928 stat
1282 3865 1377 3949 piger
1399 3864 1433 3927 in
1455 3863 1615 3928 domibus.

765 3963 854 4029 Dum
876 3964 983 4029 nudus
1007 3966 1118 4030 veniat
1141 3965 1279 4030 calidam
1303 3966 1376 4050 pius
1398 3964 1520 4050 hospes
1543 3966 1577 4029 in
1601 3964 1718 4044 aulam,

849 4067 1011 4132 Fontibus
1034 4073 1071 4132 ut
1093 4069 1182 4133 lavet
1204 4069 1257 4132 hic
1281 4089 1340 4132 sua
1362 4067 1508 4132 membra
1529 4068 1622 4146 meis,

766 4169 925 4251 Obsecro,
948 4193 990 4237 ne
1013 4171 1132 4252 videat,
1156 4173 1306 4258 proprios
1330 4178 1458 4236 avertat
1480 4172 1614 4250 ocellos,

854 4273 1011 4338 Contexit
1033 4277 1131 4360 primi
1154 4274 1241 4361 quod
1265 4296 1322 4339 rea
1343 4273 1462 4338 dextra
1483 4275 1595 4360 patris.

765 4375 840 4440 Hoc
863 4383 980 4440 natura
1001 4376 1110 4457 docet,
1132 4378 1194 4441 hoc
1218 4383 1252 4441 et
1275 4376 1438 4462 persuasit
1460 4376 1627 4455 honestas,

848 4479 894 4544 Ut
915 4480 976 4544 tibi
999 4480 1042 4544 sit
1063 4480 1167 4546 facies
1189 4500 1320 4565 semper
1341 4479 1490 4558 honesta,
1513 4499 1605 4564 puer.

1216 4691 1237 4732 ιι

766 4770 946 4855 Presbyter
968 4772 1122 4856 egregius
1146 4772 1241 4837 valdo
1265 4779 1299 4837 et
1320 4770 1518 4836 venerabilis
1540 4772 1636 4852 abba,

848 4872 1007 4938 Strenuus
1030 4881 1114 4954 actu,
1138 4896 1250 4961 opere,
1273 4881 1417 4961 pectore,
1440 4881 1549 4940 mente
1572 4875 1658 4960 pius.

502 5099 511 5166 ll
529 5098 569 5167 [u]
593 5099 696 5150 bootis
716 5101 745 5165 Q,
775 5099 898 5151 noctisF
911 5117 941 5164 p.
959 5097 1011 5150 226
1126 5097 1137 5162 ll
1170 5095 1217 5163 lui]
1239 5096 1293 5150 4et
1302 5099 1330 5164 Q,
1351 5107 1390 5150 est
1400 5099 1429 5150 F
1528 5097 1711 5165 bquiescendi
1732 5099 1762 5165 Q,
1794 5108 1967 5170 quiescenti
1988 5119 2113 5171 coss-,F

399 5189 466 5238 lacta
477 5186 507 5251 Q,
520 5189 572 5236 fata
582 5184 612 5234 F
706 5183 717 5247 ll
739 5182 787 5252 [Ν]
800 5183 817 5235 2
832 5186 953 5250 magister
967 5185 996 5248 Q,
1013 5185 1128 5235 minister
1140 5183 1169 5233 F
1178 5202 1208 5248 p.
1220 5181 1272 5233 225

470 5267 564 5336 [nen]
599 5269 714 5331 ediditQ
725 5288 754 5334 p.
773 5269 840 5322 1699
858 5289 884 5321 a.
902 5272 1142 5322 cxxn-cxxlv
1265 5267 1276 5332 ll
1297 5267 1471 5335 [1110th
1544 5271 1622 5322 ludus
1639 5277 1764 5322 remotum
1781 5273 1821 5340 Q,
1853 5296 1937 5334 corf,
1952 5287 1987 5336 p
1998 5308 2032 5355 p·
2049 5289 2110 5344 237

400 5353 418 5405 2
435 5357 556 5418 favereQ
625 5358 765 5422 corporeQ
867 5355 885 5408 3
903 5359 979 5424 piscis
994 5358 1016 5419 Q
1121 5353 1155 5406 10
1171 5356 1313 5416 ContexiQ
1417 5354 1448 5406 ll
1467 5357 1589 5408 honestus
1604 5357 1626 5419 Q

506 5490 532 5555 1)
547 5489 627 5543 Ouid.
641 5492 733 5542 Amor.
752 5490 796 5553 II,
809 5491 835 5554 9,
846 5490 966 5544 41-42:
991 5490 1091 5552 Stulte,
1110 5489 1178 5556 quid
1196 5492 1238 5542 est
1255 5506 1374 5552 somnus,
1392 5488 1503 5557 gelidae
1521 5491 1575 5544 nisi
1593 5489 1690 5544 mortis
1708 5489 1834 5561 imago?

1065 5575 1162 5642 Longa
1180 5574 1340 5642 quiescendi
1359 5579 1484 5644 tempora
1501 5577 1561 5630 fata
1579 5577 1695 5630 dabunt.

402 5663 432 5727 2)
452 5665 613 5730 symphosii
631 5667 754 5735 Aenigm.
772 5668 806 5720 89
824 5667 980 5735 (Balneum)
999 5684 1024 5721 o.
1043 5668 1060 5721 3
1079 5668 1143 5720 Non
1162 5670 1204 5720 est
1221 5667 1297 5722 nuda
1314 5668 1419 5734 domus,
1438 5669 1486 5724 sed
1503 5671 1595 5725 nudus
1613 5669 1744 5725 convenit
1762 5671 1887 5744 hospes,
