4574 6442
940 425 1124 480 APPENDIX
1146 426 1343 482 CARMINUM
1363 427 1563 483 DUBIORUM.

765 603 795 663 5.
819 597 898 664 Exit
920 607 954 664 et
975 601 1101 668 activae
1124 602 1210 665 vitae
1235 601 1395 666 interdum
1419 602 1460 667 ad
1484 603 1599 688 spatia,

818 703 904 768 inter
927 711 1037 769 cetera
1060 713 1093 770 et
1116 706 1223 769 earnis
1246 713 1400 791 preparat
1423 704 1579 786 subsidia,

818 807 986 892 inquilinis
1010 814 1043 872 et
1066 809 1212 873 externis
1236 830 1276 873 ne
1301 807 1386 873 desit
1408 809 1494 894 quod
1518 810 1650 874 tribuat.

765 955 795 1018 6.
819 952 1033 1019 Ferculorum
1056 955 1219 1020 alimentis
1242 956 1362 1020 famem
1384 957 1478 1041 pellit
1501 977 1664 1034 carneam,

817 1059 976 1121 mentium
999 1059 1109 1123 suavis
1132 1058 1224 1123 verbi
1248 1056 1385 1144 depellit
1408 1059 1561 1146 inopiam,

817 1161 947 1244 gemina
969 1162 1119 1226 relevans
1143 1165 1205 1247 ope
1229 1161 1422 1226 miserorum
1444 1163 1581 1227 viscera.

766 1307 795 1366 7.
820 1303 941 1384 Gratis,
964 1312 1001 1369 ut
1022 1312 1198 1392 preceptor
1220 1307 1317 1370 iussit
1330 1309 1350 1386 ¹,
1373 1307 1533 1372 honorum
1557 1311 1730 1373 carismata

818 1406 925 1494 dignis
948 1410 1072 1490 tribuit,
1097 1408 1281 1495 spernendo
1305 1411 1468 1496 tripertita
1491 1433 1627 1476 munera

820 1532 935 1576 manus
960 1519 993 1576 et
1017 1513 1248 1597 obsequiorum
1272 1512 1458 1599 fauorisque
1483 1516 1575 1579 retia.

765 1651 794 1712 8.
818 1648 936 1713 Honus
959 1670 1033 1714 esse
1056 1671 1122 1713 non
1145 1650 1301 1714 honorem
1326 1652 1410 1715 sacri
1433 1651 1554 1736 gradus
1578 1653 1721 1717 culmina

818 1759 928 1817 mente
953 1773 1101 1826 comens,
1125 1754 1287 1838 perituras
1311 1753 1432 1839 refugit
1455 1754 1590 1836 dilitias‚

818 1856 955 1920 aliorum
980 1877 1090 1920 curam
1114 1877 1233 1940 gerens
1256 1857 1485 1943 postponendo
1509 1860 1683 1945 propriam.

765 2005 795 2065 a.
818 2000 918 2065 Iubar
938 2001 1017 2065 solis
1040 2008 1076 2064 ut
1098 2001 1265 2086 refulgens
1287 2003 1391 2066 noctis
1414 2004 1507 2088 fugat
1531 2004 1694 2086 tenebras

817 2105 940 2168 lumine
964 2105 1010 2168 sie
1033 2103 1125 2168 verbi
1147 2105 1265 2168 lustrat
1287 2105 1476 2169 audientum
1499 2115 1635 2193 pectora

817 2206 922 2272 bonus
944 2209 1078 2292 praesul
1101 2215 1135 2272 et
1157 2209 1294 2293 expellit
1317 2210 1470 2273 vitiorum
1494 2211 1644 2275 nebulas.

746 2359 793 2421 10.
818 2353 989 2427 Karitetis,
1012 2354 1099 2440 quod
1122 2361 1173 2420 est
1195 2355 1308 2437 deus²‚
1333 2358 1379 2422 sic
1404 2357 1548 2423 custodit
1570 2359 1703 2428 lineam.

816 2467 852 2523 ut
874 2465 1027 2548 potentes
1050 2466 1084 2523 et
1107 2480 1230 2544 egenos
1255 2461 1371 2546 diligat
1394 2464 1587 2547 acqualiter,

816 2570 849 2626 et
872 2584 912 2627 ne
936 2563 1079 2627 minimis
1103 2586 1138 2628 se
1161 2586 1314 2649 umquam
1335 2586 1395 2651 per
1417 2573 1577 2631 tumorem
1603 2568 1757 2652 preferat.

744 2714 793 2772 11.
816 2709 970 2794 Lychnos
994 2712 1144 2775 manibus
1168 2712 1375 2794 retentans³,
1400 2712 1431 2775 id
1454 2719 1505 2776 est
1527 2712 1613 2777 bona
1636 2734 1744 2800 opera,

815 2814 974 2898 proximis
997 2821 1179 2880 monstrare
1204 2815 1324 2890 studet,
1349 2817 1478 2881 lumbos
1503 2839 1602 2903 super
1624 2819 1728 2884 ubera

817 2919 919 3004 cingit
942 2920 1053 3000 etiam,
1078 2918 1162 3004 quod
1187 2920 1294 2985 cordis
1318 2921 1465 3007 possidet
1489 2921 1693 2988 munditiam.

744 3067 794 3130 12.
817 3063 922 3129 Malos
946 3067 1098 3150 congruis
1122 3067 1276 3132 terrendo
1300 3069 1433 3153 corrigit
1455 3068 1618 3148 affatibus,

817 3167 921 3232 bonos
944 3168 986 3232 ad
1007 3170 1286 3255 perseverandum
1309 3172 1438 3236 blandis
1462 3173 1585 3236 mulcet
1607 3174 1754 3246 vocibus,
1871 3245 1873 3248 ,

815 3292 899 3336 nova
921 3272 1067 3337 referens
1091 3273 1131 3338 de
1153 3296 1266 3359 reguo,
1290 3277 1398 3361 prisca
1420 3275 1460 3339 de
1484 3276 1655 3361 supplicio.

742 3420 799 3490 13.
815 3416 889 3482 Non
912 3423 1021 3482 cessat
1043 3419 1171 3503 precari
1195 3418 1362 3483 Christum
1386 3420 1492 3505 plebis
1516 3441 1574 3504 pro
1599 3420 1812 3498 excessibus;

814 3521 848 3585 in
870 3521 991 3606 vigiliis
1015 3522 1180 3607 seipsum
1203 3529 1349 3586 mactans
1373 3530 1406 3586 et
1429 3523 1552 3588 ieiunio

813 3625 923 3690 hostia
943 3626 980 3688 tit
1002 3626 1077 3689 viva
1099 3625 1172 3698 deo,
1195 3634 1306 3691 monet
1328 3632 1364 3690 ut
1385 3626 1554 3712 apostolus
1567 3627 1590 3690 ⁴.

741 3777 791 3836 14.
815 3771 935 3836 Omnia
956 3772 993 3835 fit
1017 3773 1151 3848 cunctis,
1176 3772 1297 3857 gaudet
1320 3773 1416 3836 simul
1440 3794 1514 3837 cum
1537 3773 1758 3857 gaudentibus

813 3897 887 3941 cum
909 3877 1111 3941 merentibus
1135 3877 1292 3954 tristatur,
1316 3875 1465 3962 deplorat
1489 3898 1562 3941 cum
1585 3879 1740 3943 flentibus
1754 3883 1776 3959 ⁵,

815 4000 875 4044 ceu
899 3978 939 4044 de
963 3981 1104 4065 propriis
1128 3981 1175 4044 sic
1198 3979 1290 4045 dolet
1312 3981 1429 4045 alienis
1454 3982 1610 4067 lapsibus.

741 4132 789 4190 15.
814 4126 963 4192 Prudens
986 4134 1022 4190 ut
1046 4148 1181 4214 serpens
1205 4129 1365 4193 malorum
1389 4127 1513 4193 devitet
1536 4129 1701 4210 astutiam,

813 4231 955 4318 simplex
977 4236 1013 4294 ut
1036 4231 1209 4295 columbal
1231 4232 1313 4296 nulli
1336 4231 1488 4316 rependit
1511 4233 1679 4314 malitiam,

813 4334 874 4399 bos
898 4341 949 4399 est
972 4333 1141 4399 tolerando
1163 4336 1260 4414 mala,
1284 4336 1336 4398 leo
1360 4341 1473 4398 contra
1496 4335 1584 4399 vitia.

741 4488 788 4548 16.
815 4484 965 4569 Quinque
989 4485 1042 4548 vcl
1066 4483 1129 4547 duo
1153 4488 1306 4568 suscepta
1328 4482 1525 4546 talentorum
1548 4482 1696 4569 pondera

814 4596 982 4675 reportare
1007 4588 1207 4673 redemptori
1231 4587 1351 4671 satagit
1374 4585 1527 4672 duplicia,

811 4693 930 4758 timens
953 4715 995 4757 ne
1019 4692 1202 4756 exteriores
1225 4691 1373 4755 mittatur
1395 4692 1428 4755 in
1451 4691 1606 4756 tenebras
1616 4693 1637 4756 ⁷.

527 4887 1074 4897 ——-.-.-.—-—.-—-.--—›-—-—
1087 4887 1160 4892 -μ-
1187 4887 1213 4891 --
1223 4885 1416 4892 -—--—------.-
1427 4883 1505 4892 -—--0-
1521 4886 1692 4892 --..-—..-..
1702 4877 1708 4892 ¹.

517 5021 561 5088 53
582 5033 608 5076 ot
631 5043 679 5075 om.
698 5023 724 5074 P
841 5020 883 5084 63
905 5023 1001 5088 effingat
1019 5022 1130 5087 inopiam
1152 5020 1174 5070 S
1284 5017 1327 5083 6,3
1345 5022 1460 5086 germina
1473 5020 1498 5070 P
1565 5039 1639 5088 opem
1652 5022 1678 5073 P
1780 5022 1820 5087 7,1
1839 5031 1971 5091 preceptor
1989 5027 2041 5077 iarn
2056 5028 2085 5077 P

414 5126 550 5161 numerum
568 5111 702 5161 carismata
714 5109 736 5160 S
856 5104 897 5170 7‚3
909 5109 1077 5171 fanorumque
1097 5105 1118 5156 S
1238 5103 1279 5170 8,1
1299 5107 1395 5157 anus
1413 5106 1435 5157 S
1554 5104 1597 5170 83
1614 5109 1712 5158 dilicins
1732 5108 1754 5159 S
1872 5107 1914 5172 8‚3
1931 5113 2036 5177 propris
2056 5113 2085 5163 P

415 5191 473 5258 103
485 5196 625 5262 aequaliter
637 5197 726 5262 diligat
735 5194 761 5245 P
768 5193 790 5244 S
885 5190 944 5257 10,3
957 5195 1067 5258 proferat
1078 5191 1100 5242 S
1197 5190 1253 5256 11,1
1268 5193 1391 5258 Lyghnos
1402 5191 1428 5241 P
1517 5190 1576 5257 113
1588 5195 1718 5260 proximus
1728 5193 1754 5243 P
1839 5193 1894 5259 12,1
1906 5195 2045 5248 affectibus
2056 5199 2085 5248 P

414 5277 472 5344 13,1
491 5283 589 5348 peccari
608 5281 631 5332 S
748 5276 809 5342 143
825 5280 999 5330 moerentibus
1017 5278 1043 5328 P
1114 5278 1235 5329 flantibus
1253 5297 1319 5329 cora
1340 5279 1442 5330 fletibus
1461 5279 1483 5330 S
1586 5277 1646 5344 14,3
1663 5281 1694 5331 (le
1713 5298 1760 5330 oar.
1779 5280 1834 5332 PS
1950 5280 2010 5346 163
2029 5287 2081 5336 lto·

414 5375 513 5431 portare
532 5367 554 5418 S
622 5368 751 5434 duppliciu
769 5366 795 5416 P

517 5535 767 5602 11111533108.
845 5534 1084 5602 2)11011.4,16
1107 5534 1175 5588 deus
1200 5534 1302 5589 caritas
1326 5537 1375 5588 est.
1454 5537 1482 5602 3)
1501 5537 1570 5590 Luc.
1590 5536 1631 5598 12,
1649 5537 1691 5592 35.
1771 5538 1798 5604 4)
1817 5538 1895 5593 Rom.
1916 5537 1957 5607 12,
1976 5538 1991 5590 1
2013 5539 2079 5594 hos.

413 5638 482 5691 tiam
501 5638 650 5704 viventem.
729 5641 756 5702 51
776 5639 855 5694 Iloua
875 5639 916 5702 12,
935 5639 969 5692 15
986 5638 1109 5708 gaudere
1128 5656 1190 5692 cum
1208 5637 1404 5708 gaudentibus,
1423 5639 1488 5694 flere
1506 5657 1569 5694 cum
1586 5640 1726 5694 flentibus.
1801 5642 1829 5709 ll)
1849 5641 1948 5696 Mauo.
1969 5641 2012 5707 10,
2033 5646 2077 5701 16.

414 5740 439 5804 i)
461 5741 559 5795 Muttll.
577 5741 620 5800 25.
640 5742 681 5806 15,
699 5744 741 5799 30.
