4612 6414
1065 441 1284 500 AEDILVULFI
1303 445 1462 501 CARMEN.

804 615 957 682 Fundere
981 618 1217 705 praepulchris,
1239 619 1344 685 donec
1367 619 1568 686 absterserat
1591 641 1721 686 omnem
1807 695 1808 698 Ἴ

805 720 879 786 Lux
903 720 982 786 solis
1005 723 1171 809 limpham,
1195 723 1396 810 exuviasque
1420 723 1566 789 exsiccat
1588 724 1629 788 ab
1652 723 1760 789 undis.

892 824 976 890 Tum
998 826 1100 892 irater
1122 824 1263 912 quidam,
1287 827 1395 892 media
1419 849 1492 891 cnm
1514 827 1628 893 mortis
1651 827 1685 892 in
1707 828 1824 893 umbra

723 950 750 988 rs
805 929 968 1015 Tempore
992 930 1147 995 nonnullo
1170 930 1280 1012 iacuit,
1305 952 1364 995 sua
1386 953 1523 1018 corpora
1544 930 1676 996 morbus

806 1031 950 1114 Sorbuit,
973 1038 1008 1098 et
1029 1034 1154 1098 nullum
1178 1034 1285 1120 potuit
1307 1055 1513 1100 commovere
1536 1035 1728 1116 membrum,

806 1135 978 1223 Excoepto
1000 1137 1133 1224 linguae
1156 1139 1291 1225 plectro,
1316 1160 1399 1224 quae
1422 1139 1524 1205 uerba
1547 1161 1663 1204 sonare

807 1239 875 1305 Vix
896 1241 1013 1328 potuit,
1036 1263 1138 1329 puero
1161 1244 1322 1329 languens
1345 1243 1421 1308 binc
1444 1244 1526 1308 talia
1547 1243 1650 1309 latur:

808 1342 933 1426 ‘Curre,
956 1366 1101 1431 rogoque
1125 1345 1227 1432 patris
1250 1367 1432 1412 memorare
1456 1345 1584 1412 adferre
1606 1348 1776 1424 lacertum,

808 1445 950 1533 Pingere
973 1468 1037 1532 quo
1059 1447 1181 1511 domiui
1206 1450 1326 1512 meruit
1348 1449 1413 1512 iam
1436 1449 1567 1514 mistica
1587 1451 1697 1530 verba,

808 1549 881 1624 Quo
904 1551 1054 1636 signante
1079 1572 1196 1636 queam
1219 1572 1375 1637 praesens
1399 1549 1501 1618 vitare
1524 1554 1694 1639 periclum.

808 1652 872 1718 Vel
896 1654 1003 1718 saltim
1026 1655 1151 1720 meritis
1175 1655 1280 1720 sancti
1302 1676 1375 1720 mea
1397 1656 1534 1721 crimina
1556 1656 1707 1722 Christus

810 1755 946 1822 Solvere
970 1756 1133 1842 dignetur,
1157 1758 1185 1823 si
1208 1756 1358 1824 addictus
1380 1758 1497 1824 lunera
1520 1760 1633 1824 mortis

808 1857 1046 1945 Ingrediarque
1068 1860 1154 1923 viam
1177 1881 1305 1925 merear
1328 1859 1549 1926 conscendere
1572 1862 1681 1927 vitae’

809 1962 924 2028 Paruit
946 1962 1002 2028 ille
1024 1983 1171 2048 puerque
1194 1963 1235 2027 ad
1257 1964 1360 2029 lintea
1382 1970 1497 2030 sancta
1519 1967 1678 2031 cucurrit:

810 2067 929 2133 Aufert
949 2066 1026 2133 iude
1049 2067 1139 2153 pium
1162 2087 1344 2153 munusque
1366 2068 1518 2155 adportat
1541 2069 1574 2133 in
1597 2070 1694 2134 ulnis,

811 2170 857 2235 Os
880 2170 980 2256 capiti
1002 2169 1168 2235 admotum
1191 2171 1360 2235 morientis
1383 2170 1500 2237 bruera
1522 2173 1630 2252 solvit,

810 2274 920 2360 Atque
943 2272 1078 2340 medens
1102 2295 1236 2360 aegrum
1259 2281 1351 2340 curat
1373 2275 1494 2341 virtute
1518 2297 1669 2364 superna.

813 2377 974 2443 Continuo
999 2399 1181 2464 exsurgens
1204 2379 1351 2444 firmatus
1373 2379 1490 2446 robore
1513 2387 1613 2459 tanto,

813 2480 859 2545 Ut
880 2479 1043 2546 medicum
1065 2481 1172 2568 possit
1193 2480 1360 2548 medicans
1383 2490 1514 2569 portare
1536 2483 1735 2565 medentem,

812 2583 934 2650 Laetus
958 2591 992 2650 et
1014 2583 1089 2650 inde
1112 2585 1225 2651 volans
1248 2592 1414 2652 vectorem
1437 2585 1480 2651 ad
1501 2588 1603 2654 lintea
1624 2589 1720 2670 tollit,

813 2687 923 2773 Atque
945 2687 1009 2752 deo
1032 2695 1142 2773 grates
1166 2687 1274 2755 reddit
1295 2710 1354 2776 pro
1376 2709 1512 2756 munere
1536 2696 1637 2755 tanto.

898 2791 945 2857 At
966 2812 1090 2856 cuneus
1113 2791 1246 2858 fratrum
1269 2813 1439 2857 numerum
1464 2800 1650 2860 contractus
1674 2795 1707 2857 in
1730 2815 1840 2872 unum,

814 2894 900 2960 Ossa
923 2901 1051 2961 sacrata
1073 2895 1120 2982 pii
1143 2902 1252 2982 portat
1275 2897 1335 2961 sub
1359 2897 1502 2961 culmina
1524 2898 1648 2984 templi.

817 2998 901 3063 Tum
923 3001 1073 3064 volucres
1096 2997 1248 3064 modulae
1271 2999 1446 3064 inmiscent
1469 3021 1504 3064 se
1528 3000 1669 3067 nubibus
1693 3003 1779 3082 altis,

815 3103 1045 3190 Aspectusque
1068 3103 1237 3168 hominum
1259 3124 1319 3190 per
1340 3109 1410 3169 tota
1432 3110 1580 3192 tempora
1601 3106 1716 3172 vitant.

817 3205 975 3272 Cantibus
999 3208 1127 3272 interea
1149 3208 1277 3272 cineres
1301 3206 1484 3274 conduntur
1505 3209 1538 3273 in
1561 3208 1656 3276 almis

815 3311 1010 3379 Visceribus
1031 3314 1159 3394 thecae,
1182 3313 1328 3400 gaudens
1352 3313 1412 3379 sed
1434 3314 1568 3400 spiritus
1592 3315 1658 3381 alta

816 3409 887 3482 Iam
910 3439 1010 3505 super
1031 3425 1119 3484 astra
1135 3425 1254 3500 manet,
1278 3417 1445 3484 dominum
1467 3440 1527 3505 per
1549 3421 1681 3486 saecula
1695 3420 1843 3486 laudans.

804 3680 837 3724 rx
881 3658 941 3723 DE
965 3657 1242 3726 FRIDUGILSO
1266 3659 1533 3726 SAOERDOTE
1558 3660 1749 3728 CHRISTI.

815 3783 911 3848 Alter
933 3789 1004 3849 erat
1026 3783 1138 3862 frater,
1160 3782 1324 3867 Fridegils
1347 3782 1542 3868 cognomine
1561 3783 1678 3864 dietus,

816 3886 987 3952 Presbiter
1009 3893 1107 3972 atque
1131 3885 1193 3952 deo
1215 3908 1298 3973 pura
1320 3909 1393 3953 cum
1416 3893 1526 3952 mente
1550 3887 1705 3954 sacerdos

817 3989 956 4056 Munera
977 3991 1061 4056 mira
1083 3995 1191 4077 parat:
1215 3989 1341 4054 fumant
1363 3991 1479 4056 altaria
1500 3989 1606 4072 donis,

817 4093 1065 4180 Magnificisque
1088 4093 1194 4158 virum
1217 4094 1367 4159 exaltant
1389 4114 1488 4179 super
1510 4101 1600 4159 astra
1621 4093 1765 4160 beatum.

819 4196 884 4263 Hie
907 4197 1055 4263 doctrina
1077 4198 1175 4262 simul
1197 4197 1356 4280 laetisque
1379 4218 1439 4283 per
1461 4197 1571 4261 omnia
1592 4197 1704 4276 mirus,

818 4299 949 4366 Enituit
971 4321 1091 4386 magna
1112 4301 1303 4366 meritorum
1326 4301 1433 4386 gratia
1454 4307 1614 4387 comptus.

819 4404 956 4470 Talibus
977 4409 1075 4470 aucta
1096 4403 1175 4468 uiris
1199 4403 1431 4469 monachorum
1454 4403 1575 4490 gaudia
1596 4405 1732 4492 pollent,

819 4507 1032 4594 Pastorisque
1055 4507 1133 4573 boni
1155 4508 1326 4573 vementis
1348 4514 1424 4573 vota
1446 4508 1622 4574 virescunt.

866 4773 889 4817 x
931 4747 993 4814 DE
1016 4747 1196 4814 FRATRE
1221 4746 1438 4813 OUIOUINO
1460 4746 1703 4814 FERRARIO.

820 4873 968 4939 Mirificis
990 4872 1125 4938 fratrem
1147 4869 1248 4934 liceat
1270 4888 1452 4934 memorare
1475 4867 1637 4954 loquellis,

821 4977 945 5044 Ferrea
967 4977 1023 5062 qui
1046 4974 1207 5040 domitans
1230 4974 1337 5060 potuit
1359 4973 1499 5038 formare
1522 4973 1666 5054 metalla,

823 5080 1038 5165 Diversisque
1062 5078 1168 5143 modis
1191 5077 1323 5163 sapiens
1346 5074 1462 5140 incude
1486 5075 1656 5140 subactum

824 5183 965 5250 Malleus
989 5182 1021 5246 in
1044 5181 1166 5246 lerrum
1189 5178 1316 5266 peditat
1338 5176 1496 5242 stridente
1519 5177 1656 5244 camino.

843 5361 976 5368 ..NJ—...u
992 5361 1017 5366 ..-
1037 5361 1040 5364 .
1056 5356 1269 5365 ,--.——-.-.—-
1478 5353 1641 5361 -n-——u-—a
1656 5355 1855 5364 —-—.......--..-.
1866 5359 2002 5368 ..u—...a-

562 5492 596 5548 37
617 5497 794 5564 perpulerisO
894 5493 928 5547 39
945 5495 1025 5546 uuo
1127 5490 1162 5544 40
1178 5492 1294 5544 nonnula
1306 5491 1331 5542 L
1433 5485 1469 5540 45
1484 5489 1633 5556 TiugcraO
1732 5489 1766 5566 51
1787 5495 1863 5546 ulmis
1877 5494 1899 5544 Ο
1987 5493 2022 5548 52
2038 5479 2074 5549 ὃς
2087 5496 2110 5546 L

459 5584 662 5637 ammonitumL
740 5582 774 5635 53
792 5582 863 5635 AtO
938 5579 972 5632 56
990 5587 1116 5647 pectorem
1129 5579 1161 5642 L,
1179 5587 1301 5631 rectorem
1312 5578 1334 5628 O
1408 5575 1442 5627 59
1460 5583 1548 5627 sancta
1559 5575 1581 5626 0
1629 5577 1777 5629 eulminst'
1851 5579 1886 5630 60
1904 5582 2043 5634 imnimunq
2053 5582 2112 5632 Μ)

460 5667 494 5722 64
512 5673 565 5721 Iam
583 5686 682 5737 semper
697 5669 719 5720 0
841 5665 911 5734 ll[1x]
930 5667 1030 5718 DiLO
1104 5666 1245 5731 Fridegilso
1260 5665 1283 5714 0
1394 5662 1407 5712 l
1427 5661 1514 5729 (ligura
1532 5679 1597 5712 corr.
1617 5663 1644 5713 ia
1662 5672 1719 5715 etrus
1729 5665 1753 5714 t
1863 5667 1880 5716 8
1898 5678 2039 5720 perflantur
2053 5669 2075 5718 ι,
2090 5669 2111 5720 0

471 5755 482 5822 ll
496 5754 533 5823 [x]
570 5755 584 5807 l
603 5756 754 5808 MititicisO
857 5753 875 5806 2
893 5753 1065 5806 metallaLO
