4694 6428
758 425 846 484 VITA
865 424 997 484 SANCTI
1015 421 1263 481 WILLIBRORDI
1281 423 1311 479 L.
1324 418 1358 478 11.

570 627 595 664 ss
653 603 836 690 Respondit
858 601 991 668 taudem
1014 600 1144 666 mulieri
1166 601 1245 665 talia
1267 600 1362 681 vatis,

735 707 922 794 Inspirante
947 704 1019 786 deo,
1043 705 1173 769 fiamine
1196 703 1357 769 veridico:

652 810 713 874 ‘Tu
734 812 853 876 mulier
873 810 985 874 lunam
1008 808 1142 873 cernisti
1166 827 1314 874 crescere
1337 827 1481 893 parvam,

738 911 782 978 Et
803 920 873 978 tota
895 912 1023 998 impleri
1047 932 1169 976 cornua
1190 913 1264 977 luae
1287 931 1382 976 nova.

651 1016 714 1080 Illa
734 1022 830 1081 nocte
853 1016 923 1081 viro
944 1015 1056 1080 forsan
1080 1014 1257 1079 commixta
1280 1014 1380 1095 fuisti,

570 1139 597 1176 ρο
739 1116 832 1190 Quae
855 1137 995 1202 generas
1018 1123 1087 1181 toto
1110 1117 1221 1182 lumen
1243 1117 1277 1182 in
1300 1117 1380 1182 orbe
1402 1136 1533 1182 novum.

651 1222 810 1286 Paruulus
833 1240 876 1285 ex
895 1227 999 1300 utero,
1022 1219 1150 1300 mulier,
1174 1220 1234 1284 tibi
1257 1220 1403 1284 nascitur
1424 1219 1542 1301 infans,

734 1322 798 1397 Qui
820 1324 946 1388 meritis
969 1343 1107 1408 maguus
1132 1324 1250 1388 crescit
1273 1323 1470 1388 honorificis.

651 1426 719 1490 Iste
742 1427 805 1491 erit
826 1427 968 1491 eximius
991 1426 1106 1490 doctor
1128 1428 1325 1513 praesulque
1347 1428 1485 1508 futurus,

738 1526 956 1615 splendescet
977 1536 1090 1594 nostro
1114 1530 1230 1595 lucifer
1252 1530 1332 1595 orbe
1354 1551 1469 1612 novus,

571 1653 596 1690 as
654 1630 698 1696 Et
721 1651 802 1716 quos
827 1652 926 1696 caeca
947 1631 1038 1717 prius
1063 1633 1202 1718 populos
1227 1633 1332 1717 caligo
1356 1632 1501 1712 tenebat,

690 1767 696 1788 ι
735 1734 882 1799 Iuradiat
904 1735 1021 1800 summi
1044 1735 1118 1799 luce
1141 1735 1209 1820 poli
1231 1735 1370 1821 supera'.

654 1837 774 1902 Omnia
795 1836 929 1902 vatidici
951 1837 1146 1923 conplentur
1168 1838 1202 1901 iu
1224 1836 1338 1902 ordine
1360 1837 1458 1918 dieta,

735 1940 780 2006 Et
802 1961 911 2006 rerum
934 1947 1071 2005 eventm
1095 1939 1222 2004 somnia
1243 1961 1321 2005 vera
1343 1940 1469 2027 probat.

651 2042 806 2108 Nascitur
827 2049 925 2128 atque
949 2064 1032 2129 puer
1053 2050 1168 2124 matre,
1192 2049 1225 2108 et
1246 2043 1443 2129 baptismate
1466 2044 1533 2107 loto

569 2171 595 2208 ao
737 2147 887 2233 Inposuit
910 2145 1081 2211 Wilbrord
1103 2167 1222 2211 nomen
1245 2146 1368 2212 habere
1391 2154 1501 2234 pater:

651 2250 754 2315 Cuius
776 2252 853 2330 vita,
876 2249 969 2332 fides,
992 2272 1112 2332 mores,
1135 2251 1282 2318 doctrina
1305 2254 1448 2319 camenis

736 2353 823 2419 Olim
846 2355 967 2440 quippe
990 2355 1051 2419 fuit
1073 2357 1283 2441 praetitulata
1304 2357 1397 2421 meis.

652 2459 731 2524 Mox
753 2465 847 2545 pater
870 2459 1024 2544 egregius
1046 2459 1199 2545 linquens
1219 2461 1305 2524 mala
1320 2459 1440 2546 gaudia
1455 2461 1578 2542 muudi,

734 2560 778 2624 Et
800 2561 924 2626 servire
947 2559 1020 2642 deo,
1044 2567 1164 2642 mente,
1188 2583 1296 2643 mauu,
1320 2563 1472 2648 cupiens:

569 2685 595 2722 aa
653 2661 842 2728 Caelestem
865 2664 997 2750 rapiens
1021 2670 1091 2729 tota
1114 2664 1288 2731 dulcedine
1311 2667 1422 2756 vitam,

737 2766 781 2831 Et
803 2789 839 2832 so
863 2767 1021 2833 caenobio
1046 2768 1182 2834 tradidit
1204 2770 1275 2855 ipse
1300 2791 1401 2836 sacro.

651 2869 821 2936 Fratribus
844 2871 1017 2936 adiunctus
1039 2873 1123 2937 vixit
1146 2873 1216 2938 sine
1240 2874 1374 2941 crimine
1396 2875 1507 2960 frater,

733 2973 805 3039 Iam
827 2976 973 3061 paciens,
995 2976 1138 3058 humilis,
1160 2985 1331 3063 prumptue
1353 2980 1387 3044 in
1410 3002 1505 3047 omne
1528 2983 1660 3050 bonum.

650 3077 731 3142 Post
754 3077 835 3144 haec
859 3086 970 3145 mente
994 3099 1087 3145 sacer
1109 3080 1250 3146 famulus
1274 3084 1399 3149 maiora
1422 3093 1565 3170 secutus,

572 3211 599 3246 so
742 3184 937 3250 Theoricam
960 3185 1095 3270 cupiens
1119 3187 1208 3250 solus
1232 3185 1322 3252 adire
1345 3187 1441 3268 viam,

653 3288 773 3376 Incipit
795 3288 948 3354 undisoni
971 3290 1057 3354 iuter
1079 3291 1303 3376 promontoria
1324 3292 1426 3377 ponti,

737 3388 810 3464 Qua
831 3391 905 3456 loca
927 3393 1118 3478 repperiens
1142 3413 1287 3477 congrua
1308 3392 1406 3458 corde
1430 3416 1499 3476 suo,

655 3494 694 3558 In
717 3494 835 3580 quibus
859 3495 1026 3562 aetherios
1048 3497 1154 3580 possit
1176 3495 1354 3583 decerpere
1376 3497 1474 3562 flores

736 3597 781 3663 Et
802 3598 913 3663 mundi
938 3599 1023 3663 curis
1046 3598 1131 3664 liber
1152 3599 1270 3665 abesse
1293 3600 1404 3665 malis:

570 3723 596 3759 ss
656 3700 771 3765 Totius
793 3701 847 3766 hic
871 3703 960 3766 solus
983 3703 1144 3787 transegit
1167 3708 1317 3787 tempora
1338 3704 1435 3783 vitae,

736 3805 841 3870 Nocte
865 3805 984 3892 dieque
1007 3805 1112 3890 magis
1135 3805 1309 3892 proficiens
1333 3807 1474 3874 meritis:

654 3907 800 3972 Plurima
822 3930 1000 3995 perpessus
1024 3901 1186 3995 serpentis
1208 3909 1297 3974 bella
1319 3910 1463 3991 nefandi,

740 4011 805 4086 Qui
828 4015 913 4079 solet
935 4015 969 4079 iu
993 4023 1123 4079 sanctos
1146 4036 1237 4079 arma
1258 4035 1390 4080 movere
1415 4035 1483 4079 sua.

654 4116 722 4182 Sed
743 4117 825 4184 deus
849 4119 1055 4205 omnipotens
1078 4125 1209 4183 sanctos
1233 4119 1286 4203 qui
1308 4119 1377 4184 iure
1393 4116 1581 4205 triumphat,

573 4243 598 4280 so
742 4221 895 4308 Trophca
918 4223 1082 4287 concessit
1103 4223 1192 4287 clara
1215 4244 1273 4288 suo
1296 4224 1428 4304 famulo,

654 4324 765 4389 Efficit
787 4333 821 4390 et
842 4324 1003 4410 quaedam
1025 4327 1214 4392 miserantis
1237 4327 1345 4412 gratia
1368 4325 1490 4391 Christi

736 4429 801 4494 Per
823 4428 982 4494 famulum
1003 4451 1118 4496 vorum
1143 4431 1237 4516 sigua
1259 4429 1421 4516 stupenda
1444 4449 1548 4494 suum.
1580 4447 1581 4450 ’

655 4531 725 4596 Neo
747 4531 858 4597 decuit
880 4532 988 4598 modio
1012 4533 1170 4598 abscondi
1194 4539 1260 4598 tam
1285 4533 1373 4598 clara
1395 4532 1562 4612 lucerna¹‚

738 4633 877 4700 Lectula
899 4657 961 4700 nec
984 4644 1098 4722 supter
1121 4635 1312 4701 subicienda
1333 4635 1405 4716 fuit,

578 4758 602 4794 m
660 4735 726 4803 Sed
749 4736 900 4823 ponenda
923 4740 1028 4824 magis
1051 4760 1150 4825 supra
1172 4739 1305 4824 fastigia
1327 4739 1416 4820 tecti,

741 4839 921 4927 Spargeret
943 4849 979 4906 ut
1000 4842 1110 4910 lucem
1132 4843 1230 4908 altius
1253 4843 1312 4907 illa
1333 4841 1431 4928 piam.

345 5020 583 5029 .-,-.—.—-.—-
1039 5019 1044 5024 .
1483 5015 1783 5026 ——..—.....—--

342 5137 375 5190 15
392 5147 465 5191 nates
480 5139 513 5188 W
582 5136 616 5190 18
633 5139 691 5190 luce
708 5140 805 5190 uiusG
882 5135 995 5202 ul—as
1013 5135 1116 5188 65-72
1128 5138 1314 5188 nominatiora
1330 5137 1359 5187 in
1368 5136 1393 5186 Ζ
1466 5135 1501 5187 ‘22
1518 5134 1642 5186 houolicis
1656 5134 1687 5198 θ,
1706 5132 1860 5184 honorificus
1870 5131 1896 5181 Z

237 5225 271 5278 23
288 5235 342 5279 erat
353 5227 378 5276 Z
437 5226 591 5294 praesulque
603 5227 749 5298 praeclarus
762 5225 788 5276 Z
869 5223 904 5275 ‘24
917 5225 1074 5291 Splendescit
1089 5225 1122 5274 W
1129 5224 1159 5288 θ,
1177 5223 1357 5290 splendescens
1370 5221 1396 5272 Z
1477 5219 1512 5273 26
1530 5219 1636 5270 lrradiat
1656 5217 1687 5283 0,
1705 5218 1850 5269 Inradiabet
1869 5216 1895 5266 Z

237 5311 271 5364 28
288 5313 407 5380 probauit
424 5329 490 5365 corr.
508 5313 537 5364 in
554 5313 663 5380 probant
684 5312 716 5360 W
826 5308 862 5363 30
879 5310 1031 5362 uuillibrord
1051 5312 1074 5360 G
1181 5309 1216 5360 35
1233 5317 1312 5362 totam
1328 5309 1360 5358 W
1459 5305 1494 5358 38
1511 5306 1610 5374 paticus
1630 5304 1653 5354 0
1722 5311 1853 5370 promptus
1868 5303 1891 5353 0

234 5397 270 5449 42
287 5399 363 5449 eorde
380 5399 422 5465 pia
436 5397 468 5448 W
565 5395 600 5450 43
617 5397 780 5449 aetherissG
880 5393 916 5448 46
934 5396 1068 5462 magnino
1174 5392 1209 5444 50
1225 5395 1352 5447 concessit
1369 5393 1466 5445 famulo
1483 5393 1553 5443 clm
1569 5391 1690 5457 trophaea
1706 5406 1754 5441 suo
1770 5388 1796 5438 U
1838 5388 1892 5440 sad

237 5485 377 5535 Alcssiuam
402 5485 525 5536 merdosa
551 5485 600 5536 illo
625 5485 756 5550 compsisse
771 5492 848 5550 putot
872 5483 945 5534 Woa
1066 5480 1099 5534 51
1118 5483 1276 5534 misseruntis
1290 5482 1324 5532 W
1432 5477 1467 5531 52
1484 5495 1545 5532 ucrc
1565 5479 1589 5529 0
1703 5473 1738 5528 54
1756 5476 1841 5528 ectuls
1862 5476 1894 5543 U,

237 5573 346 5624 Noctula
363 5589 410 5624 nec
428 5571 548 5640 superG
633 5569 668 5621 55
685 5571 829 5638 maguisG
898 5567 1053 5636 uestiginG

345 5742 372 5810 ι)
391 5740 489 5796 macc.
508 5740 534 5806 a,
553 5740 594 5794 15.
