4694 6428
610 373 744 430 VERSUS
763 374 810 430 DE
827 373 978 432 SANO'l'lS
996 373 1255 431 EUBORICENSIS
1274 373 1473 432 Ecouuslnn.

630 550 676 616 At
699 572 809 616 comes
832 551 918 616 hunc
940 553 1024 617 alius
1047 550 1176 617 diverso
1199 559 1346 638 tempore
1370 550 1472 616 scisci

583 653 678 719 Fecit
700 654 741 718 ad
765 657 939 720 ecclesiam
962 655 1085 720 domini
1108 655 1149 721 de
1172 676 1262 721 more
1285 653 1468 735 dicandam,

514 779 525 814 o
586 756 686 823 Cuius
709 758 793 824 forte
815 780 898 846 puer
920 759 1048 823 mortali
1071 765 1165 845 peste
1189 760 1355 838 subactus,

583 861 731 926 Mortuus
755 881 798 926 ex
822 862 1150 926 omnimembrorum
1173 869 1266 949 parte
1290 860 1457 940 remansit,

585 963 726 1051 Spiritus
749 973 889 1052 excepto
913 965 997 1051 quod
1020 971 1154 1052 pectora
1176 966 1265 1031 lessa
1289 964 1451 1042 monebat,

582 1067 718 1154 Frigida
738 1071 795 1134 vix
818 1070 909 1135 tenui
930 1070 1102 1154 geminans
1126 1070 1267 1156 suspiria
1288 1069 1376 1133 flatu.

583 1171 725 1236 Funeris
747 1174 925 1259 exsequias
953 1175 1005 1238 oui
1029 1181 1105 1239 tunc
1129 1196 1239 1240 comes
1262 1175 1334 1260 ipse
1356 1173 1502 1260 parabat,

583 1273 626 1339 Et
648 1276 774 1341 loculus
798 1277 893 1340 iuxta
914 1278 1032 1358 stabat,
1055 1299 1119 1362 quo
1144 1299 1261 1364 corpus
1284 1276 1483 1342 humandum

583 1377 662 1441 Mox
684 1379 801 1460 iuerat,
824 1381 911 1445 vitae
934 1381 1086 1465 quoniam
1110 1403 1186 1467 spos
1209 1381 1299 1445 nulla
1322 1379 1484 1444 manebat.

583 1479 648 1544 Pro
671 1502 734 1566 quo
757 1483 943 1568 pontificem
967 1484 1140 1547 lacrimans
1164 1483 1231 1547 dux
1254 1484 1326 1570 ipse
1349 1481 1496 1567 rogabat,

582 1581 628 1646 Ut
651 1582 841 1668 dignaretur
862 1607 964 1672 puero
988 1584 1183 1651 benedicere
1206 1591 1349 1672 praesto,

582 1685 693 1771 Atque
717 1709 831 1772 preces
855 1688 986 1753 domino
1007 1711 1067 1776 pro
1090 1690 1186 1754 huius
1209 1688 1347 1753 fundere
1369 1687 1447 1751 vita.
1504 1691 1519 1700 “

515 1811 526 1846 s
584 1789 654 1855 Neo
679 1790 764 1876 quod
787 1794 885 1878 plena
907 1793 988 1858 fider
1010 1794 1183 1878 rogitabat,
1208 1793 1277 1858 iure
1300 1792 1444 1876 negabat

585 1891 645 1956 Vir
666 1894 741 1979 pius
766 1901 799 1957 et
822 1895 976 1974 clemens,
1001 1897 1111 1960 statim
1135 1894 1194 1960 sed
1216 1895 1328 1958 visitat
1350 1913 1495 1978 aegrum,

583 1993 627 2058 Et
649 1996 821 2060 benedixit
844 2019 929 2074 eum,
952 1998 1085 2063 rediens
1109 2019 1152 2064 ex
1173 2018 1264 2063 more
1288 1998 1422 2062 salutat:

585 2097 675 2162 ‘Mox
696 2101 863 2167 revalesce
885 2103 989 2186 puer,
1012 2100 1140 2182 dicens,
1169 2102 1331 2185 ‘viresque
1354 2098 1507 2164 rerume’.

583 2201 665 2266 Post
686 2201 768 2268 baec
792 2225 863 2268 oum
887 2206 1020 2290 praesul
1040 2205 1094 2270 vel
1117 2203 1183 2269 dux
1205 2202 1367 2290 prandere
1390 2200 1559 2280 sedebant,

586 2304 738 2370 Postulat
761 2307 907 2371 infirmus
932 2308 1046 2372 sitiens
1070 2308 1133 2372 sibi
1155 2307 1275 2393 pocula
1296 2306 1385 2386 ferri,

585 2406 646 2472 uui
668 2407 819 2475 dominus
843 2410 989 2496 gaudens
1013 2411 1100 2498 quod
1123 2413 1188 2476 ianr
1211 2419 1325 2499 potare
1348 2411 1484 2488 valeret,

583 2511 663 2576 Mox
686 2515 821 2579 calicem
844 2515 911 2580 vini
933 2515 1143 2581 benedictum
1165 2536 1185 2580 a
1206 2517 1358 2602 praesule
1381 2513 1479 2578 misit.

583 2614 629 2679 Ut
650 2616 736 2680 bibit
758 2617 855 2698 hunc,
879 2619 988 2684 statim
1012 2641 1112 2684 sanus
1133 2619 1276 2684 surrexit
1298 2625 1332 2684 et
1353 2618 1432 2690 ibat,

584 2717 789 2804 Intravitque
814 2719 944 2785 domurn
967 2743 1031 2806 quo
1055 2722 1122 2786 dux
1145 2727 1178 2786 et
1199 2722 1332 2807 praesul
1355 2719 1506 2798 edebant,

587 2819 734 2908 Sumque
757 2824 823 2889 illis
845 2824 960 2908 bibere
984 2833 1018 2891 ct
1038 2826 1128 2891 vesci
1152 2845 1187 2891 se
1210 2826 1296 2891 velle
1318 2824 1479 2911 profatur:

583 2924 681 2990 Potat
704 2925 836 3012 editque
861 2927 980 2994 sedens
1002 2930 1109 2995 laetus
1133 2928 1332 2994 laetantibus
1355 2926 1431 3006 illis,

582 3028 664 3093 Post
686 3029 768 3095 haec
791 3037 824 3096 et
846 3033 958 3096 multis
981 3033 1114 3098 virebat
1136 3053 1251 3118 sospes
1274 3032 1308 3095 in
1330 3029 1435 3096 annis.

630 3132 677 3196 At
699 3154 827 3218 quoque
850 3136 981 3219 praesul
1004 3135 1066 3200 iter
1088 3155 1147 3221 per
1170 3134 1342 3221 quamdam
1372 3133 1521 3199 cursibus
1544 3137 1653 3219 aptam
1723 3132 1755 3184 B·
1772 3133 1833 3199 V,s.

585 3235 763 3301 Planiciem
786 3239 892 3323 campi
915 3259 987 3303 cunr
1012 3240 1100 3302 clero
1123 3239 1228 3323 gessit
1251 3244 1420 3323 equester;

586 3339 677 3405 Tunc
701 3341 837 3406 iuvenes
861 3340 977 3406 ardent
999 3363 1096 3406 cursu
1119 3340 1317 3407 contendere
1339 3359 1507 3425 equorum,

584 3441 649 3507 Sed
662 3442 747 3534 pius
769 3444 908 3508 antistes
930 3444 1035 3508 vetuit
1058 3444 1247 3528 specialiter
1268 3445 1391 3507 unum¹

584 3546 639 3611 Ex
662 3548 770 3627 sociis,
794 3547 869 3612 ludo
893 3569 934 3612 ne
959 3569 995 3612 se
1018 3548 1172 3612 misceret
1194 3547 1293 3611 inani.

583 3650 645 3715 Ille
668 3656 780 3716 tamen
802 3656 916 3716 contra
937 3651 1073 3716 vetitum
1095 3651 1283 3736 petulanter
1304 3650 1450 3715 habenas

585 3753 690 3818 Solvit
706 3775 789 3839 equo
804 3752 919 3834 fidens,
942 3753 1149 3838 mediumque
1166 3752 1307 3839 erumpit
1322 3753 1355 3816 in
1369 3773 1509 3836 aequor;

583 3856 673 3942 Ergo
697 3879 812 3922 cavum
835 3856 998 3942 quoddam
1019 3857 1096 3920 dum
1119 3855 1263 3922 fervidus
1283 3856 1340 3921 ille
1363 3856 1508 3920 caballus

584 3958 751 4040 Transilit,
777 3966 811 4024 et
832 3958 941 4022 valido
965 3958 1093 4024 iuvenis
1117 3959 1287 4023 conamine
1310 3959 1422 4045 lapsus

584 4059 622 4124 In
646 4060 789 4146 lapidem
813 4060 951 4141 cecidit·
965 4061 1021 4146 qui
1043 4061 1126 4126 forte
1150 4061 1298 4146 aequalis
1320 4060 1462 4126 harenae

582 4164 623 4228 In
645 4163 753 4230 modio
777 4165 883 4251 campi
905 4165 1001 4230 labrit
1024 4166 1085 4230 sub
1108 4165 1232 4250 cespite
1255 4170 1363 4230 tectus
1385 4201 1428 4212 -

583 4267 654 4333 Nec
677 4269 762 4354 lapis
785 4270 869 4333 alter
891 4275 962 4334 erat
986 4289 1100 4355 campo
1123 4274 1272 4356 repertus
1296 4269 1330 4333 in
1352 4269 1409 4333 illo
1432 4305 1473 4316 —

584 4370 671 4435 Huic
695 4378 793 4458 caput
815 4377 913 4456 atque
936 4393 1068 4436 manum
1092 4393 1170 4437 casu
1193 4373 1325 4436 conlisit
1347 4373 1477 4452 acerbo,

583 4473 728 4540 Vorticis
751 4481 785 4541 et
807 4476 905 4540 solvit
927 4476 1103 4556 iuncturas,
1125 4481 1223 4562 atque
1247 4476 1382 4541 cerebro

584 4575 756 4658 Quassato,
781 4579 907 4643 cunctis
930 4579 1030 4643 iacuit
1052 4579 1117 4643 ianr
1141 4579 1292 4644 sensibus
1315 4599 1446 4665 expers,

585 4678 630 4744 Et
651 4679 863 4745 moribundus
887 4688 958 4746 erat
981 4687 1072 4745 motu
1094 4681 1165 4746 sine
1189 4681 1334 4768 corporis
1357 4682 1436 4748 ullo.

586 4781 734 4870 Septima
755 4805 873 4870 nempe
897 4784 959 4849 luit
980 4791 1058 4849 tunc
1081 4785 1213 4850 circiter
1233 4785 1315 4850 hora
1337 4785 1413 4866 diei,

520 4909 530 4944 s
591 4886 863 4973 Semianimisque
886 4888 1018 4953 domum
1042 4889 1140 4953 sociis
1163 4887 1309 4954 delentur
1331 4888 1371 4953 ab
1395 4889 1486 4974 ipsis.

583 4990 630 5054 At
651 4991 730 5076 vigil
754 4990 787 5054 in
809 4990 964 5077 precibus
986 4992 1156 5078 perstabat
1177 4997 1274 5056 nocte
1296 4990 1465 5066 sacerdos;

583 5095 686 5161 Venit
708 5095 750 5160 ad
773 5096 935 5160 infirmum
958 5097 1062 5182 primo
1086 5095 1144 5161 sed
1166 5117 1263 5161 mane
1285 5117 1447 5177 reversus,

586 5199 810 5285 Impositaque
834 5220 932 5264 manu
955 5200 1055 5287 capiti
1076 5198 1248 5264 benedixit
1270 5199 1421 5279 cundem,

321 5497 390 5550 1165
407 5497 466 5549 fidei
487 5495 552 5546 Gaze
730 5495 798 5550 1180
814 5513 892 5551 cussa
913 5497 978 5550 aare

322 5669 350 5736 1)
370 5665 562 5728 Herebcldum,
581 5668 631 5736 qai
645 5673 744 5736 posteo
762 5668 847 5722 obbas
866 5671 960 5737 factm
977 5669 1043 5720 boec
1061 5665 1175 5719 Boedas
1191 5663 1328 5720 acuarit.
