4666 6406
1060 391 1268 448 THEODULEI
1287 389 1464 445 clamne.

806 561 961 650 Quosque
986 565 1029 630 sit
1051 565 1195 630 humana
1216 585 1336 652 pessus
1358 584 1417 650 pro
1440 568 1540 649 gente
1562 563 1703 642 labores,

885 666 1035 733 Adsiduo
1060 670 1205 734 clemens
1229 673 1391 734 monstret
1414 673 1448 732 et
1471 667 1589 747 officio,

805 772 852 837 Ut
874 773 1111 852 reminiscatur,
1134 773 1279 838 retinent
1301 793 1399 859 quem
1421 771 1544 838 oblivio
1566 791 1741 856 nunquam,

725 897 752 935 ro
897 876 942 941 Et
963 877 1196 942 miserescatur
1218 897 1350 963 semper
1370 876 1404 942 id
1427 878 1532 942 almus
1554 898 1667 963 agens.

805 978 972 1045 Admonet
990 981 1161 1058 instanter,
1184 981 1352 1046 hominum
1370 986 1407 1047 ut
1420 981 1612 1046 meminisse
1631 1001 1690 1066 per
1706 999 1833 1056 sevum,

886 1085 931 1151 Et
953 1087 1102 1152 misereri
1125 1088 1211 1152 almo
1234 1109 1366 1175 semper
1387 1107 1498 1152 amore
1520 1087 1610 1166 velit,

807 1189 954 1264 Quorum
977 1196 1113 1256 naturae
1138 1190 1181 1254 sit
1204 1210 1338 1256 consors
1362 1191 1460 1256 unica
1480 1191 1601 1277 proles,

889 1294 955 1359 Pro
978 1295 1097 1380 quibus
1120 1300 1154 1360 et
1176 1294 1279 1359 voluit
1301 1296 1438 1360 vulnera
1459 1299 1551 1359 tanta
1572 1293 1651 1380 pati.

724 1419 750 1458 os
808 1394 931 1478 Tertio,
954 1403 991 1462 ut
1013 1399 1111 1463 electi
1134 1396 1295 1462 desistent
1317 1396 1456 1463 reddere
1479 1418 1645 1482 nunquam

888 1498 1011 1565 Laudis
1035 1519 1127 1586 opus,
1151 1505 1208 1564 tue
1230 1497 1317 1578 dum,
1339 1499 1461 1586 passio,
1484 1499 1579 1586 signa
1600 1499 1722 1580 vident,

808 1601 889 1668 Eius
913 1609 946 1668 et
968 1609 1040 1668 atra
1064 1624 1156 1667 suam
1180 1609 1353 1668 cernentes
1377 1604 1479 1688 flogra
1502 1603 1653 1682 salutem,

887 1706 941 1771 Ad
965 1705 1069 1793 Styga
1091 1728 1270 1772 concursus
1294 1706 1365 1772 eins
1389 1707 1430 1771 ad
1453 1712 1543 1772 astra
1566 1727 1654 1786 suos,

806 1809 888 1876 Eius
912 1816 1016 1876 morte
1039 1831 1133 1874 suam
1156 1810 1281 1897 pollere
1304 1830 1363 1896 per
1386 1810 1496 1874 omnia
1518 1810 1629 1890 vitam,

726 1935 752 1973 sc
898 1912 941 1977 Et
963 1913 1063 1978 tribui
1086 1913 1189 1999 spinis
1212 1933 1314 1978 aureo
1335 1919 1424 1978 serta
1447 1912 1521 1979 sibi.

807 2015 942 2098 Quarto,
964 2024 1001 2082 ut
1023 2023 1172 2083 extremo
1193 2016 1406 2103 reproborum
1429 2015 1516 2082 hunc
1536 2022 1686 2103 tempore
1703 2037 1841 2083 comens

875 2120 989 2186 Fectio
1012 2121 1163 2186 tristetur
1185 2141 1301 2206 pressa
1322 2118 1437 2185 dolore
1461 2121 1563 2207 gravi.

807 2222 853 2288 Ut
876 2224 1036 2310 scriptura
1058 2223 1179 2288 conio:
1204 2221 1321 2296 ‘Quem
1344 2222 1539 2288 transfixere
1561 2222 1739 2304 videbunt’,

892 2326 1107 2412 Alteriusque
1129 2327 1195 2391 loci
1218 2325 1338 2411 pagina
1360 2346 1472 2390 rursus
1496 2325 1556 2390 ait:

727 2449 752 2488 ss
811 2427 938 2494 ‘Omnis
961 2433 1075 2494 cernet
1098 2449 1174 2493 eum
1196 2428 1299 2510 visus,
1322 2449 1405 2514 quae
1429 2433 1463 2494 et
1487 2426 1585 2494 turba
1606 2430 1754 2517 pupugit,

892 2529 935 2596 So
959 2537 993 2597 et
1016 2552 1116 2618 super
1136 2531 1224 2596 hune
1246 2533 1383 2617 planget
1405 2533 1509 2596 omnis
1532 2533 1566 2596 in
1590 2530 1669 2598 orbe
1693 2532 1808 2597 tribus’
1818 2532 1841 2597 ².

808 2633 852 2698 Et
875 2655 911 2698 se
934 2633 1135 2700 damnandos
1158 2641 1297 2700 noscent
1320 2636 1473 2702 examine
1494 2636 1592 2716 iusto,

892 2738 1023 2825 Proque
1047 2740 1115 2804 suis
1138 2740 1265 2806 meritis
1288 2741 1387 2826 ignea
1409 2742 1512 2828 flogra
1533 2743 1613 2829 pati.

809 2839 883 2906 Non
905 2842 988 2908 haec
1012 2843 1104 2908 salve
1126 2865 1241 2910 manus
1265 2865 1350 2930 quae
1373 2845 1487 2912 iniecit
1508 2847 1605 2912 turba
1625 2847 1788 2933 malignas

726 2964 753 3002 so
900 2944 941 3009 In
962 2943 1138 3025 dominum,
1164 2967 1224 3012 seu
1247 2968 1331 3032 quae
1353 2953 1502 3014 temnere
1525 2949 1615 3014 iussa
1638 2951 1739 3037 cupit,

807 3047 876 3113 Aut
898 3055 1053 3133 suscepta
1075 3071 1239 3136 premens,
1262 3055 1319 3114 aut
1342 3057 1533 3139 susceptare
1557 3073 1724 3135 recusans,

888 3152 957 3217 Aut
979 3153 1013 3218 in
1037 3175 1105 3236 eos,
1128 3155 1233 3221 oemit
1256 3176 1338 3241 quos
1361 3157 1515 3238 retinere,
1538 3156 1660 3224 furens.

809 3255 838 3320 Ο
862 3256 995 3323 crudele
1018 3259 1111 3324 nefas
1134 3259 1313 3339 hominnm,
1336 3282 1357 3325 o
1379 3261 1515 3326 vesania
1537 3260 1683 3342 demens,

894 3360 923 3426 Ο
946 3361 1038 3428 furor
1059 3363 1210 3444 inmanis,
1234 3385 1253 3428 o
1277 3364 1415 3429 satanile
1438 3365 1575 3430 molum!

729 3483 755 3523 rs
814 3461 910 3536 Quod
932 3466 985 3530 vel
1007 3485 1073 3530 non
1096 3466 1213 3531 colitur
1236 3464 1328 3547 deus,
1352 3472 1409 3531 aut
1432 3465 1520 3552 quod
1542 3467 1677 3532 crimine
1699 3467 1815 3553 grandi

892 3564 1031 3652 Impune
1053 3567 1116 3632 hoc
1138 3583 1203 3632 non
1227 3573 1289 3650 est,
1312 3569 1513 3654 quin-etiam
1537 3571 1665 3636 colitur.

1069 3809 1481 3818 ----——---——--

1233 4063 1311 4130 XII.

888 4189 949 4261 DE
977 4188 1085 4262 FIDE
1111 4188 1172 4260 ET
1199 4188 1286 4262 SPE
1312 4190 1375 4263 ΕΤ
1401 4189 1663 4264 CARITATE.

809 4322 907 4388 Alma
929 4322 1011 4388 fides
1035 4322 1179 4400 tandem,
1204 4345 1280 4411 spes
1302 4330 1335 4390 et
1357 4323 1543 4405 concordia,
1566 4345 1703 4408 regnum

886 4425 1053 4492 Mentibus
1076 4427 1111 4491 in
1133 4428 1243 4513 plebis
1267 4428 1414 4493 eontinet
1436 4448 1513 4492 ecce
1537 4427 1644 4492 simul.

807 4530 902 4596 Haec
925 4528 1006 4596 deus
1031 4532 1193 4597 ecclesiae
1216 4530 1407 4597 fundamina
1428 4531 1506 4596 iecit
1528 4531 1647 4609 avitae,

887 4633 1031 4699 Fabrica
1053 4655 1117 4720 quo
1141 4636 1225 4700 coeli
1249 4657 1384 4722 surgere
1407 4637 1478 4701 iure
1502 4639 1610 4722 queat.

741 4761 753 4796 s
812 4737 938 4823 Ouique
962 4736 1044 4804 fides
1067 4758 1133 4803 non
1156 4737 1221 4820 dat,
1245 4761 1321 4826 spes
1344 4740 1418 4819 lert,
1441 4759 1532 4804 amor
1554 4740 1697 4826 inclytus
1718 4739 1801 4820 unit,

891 4840 1031 4927 Hocque
1054 4842 1201 4908 triforme
1224 4843 1345 4909 bonum
1365 4844 1499 4925 excitat,
1523 4849 1624 4931 aptat,
1647 4845 1725 4930 agit.

811 4942 875 5008 His
898 4951 1026 5010 mentes
1050 4951 1182 5011 nostrae
1205 4947 1341 5033 pollent,
1364 4952 1571 5032 vegetantur,
1595 4948 1736 5029 aluntur,

895 5046 1078 5130 Poscimus,
1102 5049 1281 5136 accipimus
1305 5049 1388 5115 haec
1410 5055 1504 5137 patre
1527 5049 1627 5116 dante
1650 5049 1724 5116 deo.

546 5337 581 5391 46
599 5341 721 5408 quonism
733 5341 763 5407 S,
781 5342 845 5410 quin
862 5342 939 5394 etiam
957 5358 1024 5394 corr.
1043 5341 1151 5394 Marcis

510 5423 584 5494 [ΧΠ]
620 5423 637 5478 3
655 5426 841 5480 fundamineS

545 5595 572 5662 1)
592 5595 653 5649 roo.
671 5595 713 5660 19,
722 5595 757 5649 37
774 5593 811 5649 Et
829 5595 932 5652 iterum
950 5595 1007 5651 clia
1024 5597 1163 5668 scripturo
1180 5597 1264 5653 dicit:
1286 5597 1434 5668 Videbunt,
1453 5599 1483 5654 in
1495 5615 1577 5670 quem
1592 5599 1799 5654 transfixerunt.
1852 5599 1881 5667 2)
1902 5597 2110 5666 trecentos

440 5698 476 5756 Et
493 5699 563 5754 tnnc
580 5697 692 5768 parebit
710 5696 822 5769 signum
841 5697 892 5752 filii
910 5697 1030 5756 hominis
1049 5699 1079 5756 in
1098 5699 1183 5766 caelo,
1202 5703 1232 5756 et
1248 5703 1317 5757 tuno
1334 5701 1471 5778 plangent
1488 5717 1583 5758 omnes
1600 5700 1692 5756 tribus
1710 5703 1810 5764 terrac,
