4666 6406
1073 363 1281 421 THEODULPI
1299 362 1475 420 CARMINA.

728 559 754 598 ss
813 537 949 604 Scilicet
970 538 1004 602 in
1026 537 1143 604 dextra
1166 539 1296 626 pollens
1319 536 1481 625 sapientia
1504 535 1626 602 Christi
1651 541 1712 615 est,

893 640 988 709 Haeo
1011 663 1094 729 quae
1117 649 1254 709 aeterna
1273 642 1372 708 datur
1392 640 1563 729 spiritibus
1586 639 1733 725 requiem

812 745 990 812 Permanet
1012 747 1046 810 in
1069 747 1164 812 laeva
1185 747 1282 812 istius
1304 744 1485 811 moderatio
1507 743 1606 820 vitae,

892 848 1009 916 Donec
1032 849 1074 916 ad
1096 855 1248 916 aeternas
1271 837 1502 938 perveniamus
1524 869 1617 935 opes.

812 953 958 1020 Divitiae
981 975 1079 1020 verae
1103 959 1179 1020 sunt
1201 955 1316 1041 gloria,
1338 975 1452 1019 norma
1473 951 1562 1036 fidei,

733 1077 758 1114 ro
902 1057 995 1132 Quae
1018 1078 1079 1122 nos
1102 1057 1203 1122 exilio
1227 1058 1290 1123 rite
1313 1063 1448 1124 tuentur
1469 1057 1504 1122 in
1526 1056 1598 1122 hoc.

813 1159 898 1224 Nam
920 1167 986 1241 tua,
1011 1159 1143 1226 Christe
1167 1166 1297 1248 potens,
1320 1161 1417 1226 huius
1440 1162 1634 1247 plerumque
1658 1157 1790 1224 sinistro

896 1263 996 1329 Vitae
1019 1264 1204 1351 praesentis
1226 1263 1335 1330 innuit
1356 1263 1544 1329 ecclesiam.

812 1365 900 1432 Dum
924 1366 965 1433 de
988 1367 1053 1433 illis
1077 1389 1169 1448 cono,
1192 1368 1247 1454 qui
1271 1367 1377 1433 sancti
1399 1368 1509 1454 specie
1531 1373 1629 1433 tenus
1652 1373 1775 1446 extant

898 1469 1032 1558 Culpari
1054 1471 1186 1552 nollem,
1210 1470 1384 1537 dummodo
1407 1492 1485 1536 vera
1507 1493 1632 1537 canam,

732 1597 756 1635 rs
817 1574 891 1640 Non
915 1580 1026 1640 tamen
1049 1574 1131 1639 haec
1155 1575 1307 1641 recinens
1327 1575 1495 1640 monachis
1520 1596 1581 1660 ego
1597 1574 1719 1661 derogo
1735 1576 1841 1656 iustis,

894 1677 1041 1752 Quorum
1064 1699 1120 1743 cor
1142 1678 1281 1759 caelum,
1305 1699 1398 1744 mens
1422 1680 1492 1744 sitit
1515 1680 1601 1744 alma
1622 1679 1730 1745 deum.

814 1781 897 1856 Quis
919 1780 1039 1846 devota
1060 1781 1152 1861 fides,
1176 1782 1234 1868 pia
1255 1803 1342 1869 spes,
1364 1782 1498 1848 dilectio
1521 1781 1637 1864 dulcis,

898 1887 1022 1954 Vivere
1045 1889 1119 1973 quis
1143 1887 1295 1954 Christus
1318 1895 1497 1976 sanctaque
1519 1889 1613 1955 luera
1633 1891 1726 1959 mori.

815 1990 942 2056 Cuncta
964 1992 1176 2077 reliquerunt,
1200 1993 1256 2077 qui
1280 1991 1390 2057 audita
1413 2013 1493 2058 voce
1515 1994 1671 2070 tonantis,

732 2116 757 2154 so
902 2094 1084 2160 Decertant
1107 2094 1273 2160 dominum
1297 2096 1417 2161 mentis
1441 2117 1552 2162 amore
1575 2097 1678 2183 sequi,

813 2198 923 2285 Atque
946 2199 979 2263 in
1001 2201 1203 2286 apostolicae
1226 2200 1312 2266 vitae
1335 2199 1523 2266 fundamine
1546 2206 1648 2282 stare,

895 2300 1028 2367 Perstet
1047 2309 1085 2366 ut
1108 2303 1271 2368 ecclesiae
1295 2303 1349 2387 qui
1372 2302 1435 2368 fuit
1457 2308 1533 2368 ante
1556 2302 1682 2369 modus.

814 2407 934 2474 Omnia
956 2415 1032 2474 sunt
1054 2409 1172 2496 quibus
1195 2411 1330 2496 egregio
1353 2411 1539 2475 communio
1559 2416 1647 2491 voto,

896 2512 1043 2577 Mentem
1065 2514 1274 2598 animumque
1296 2534 1396 2578 unum
1420 2514 1493 2599 quis
1516 2513 1598 2579 deus
1620 2514 1692 2600 ipse
1715 2515 1817 2582 dedit.

733 2637 758 2675 ss
816 2615 980 2703 Pluraque
1003 2618 1166 2704 permixto
1190 2623 1325 2683 currunt
1347 2640 1407 2704 per
1429 2618 1558 2704 singula
1580 2640 1687 2700 cursu,

895 2720 1006 2806 Atque
1028 2721 1123 2786 malis
1145 2721 1232 2787 bona
1255 2727 1340 2804 sunt,
1364 2728 1397 2788 et
1417 2723 1504 2787 mala
1525 2723 1630 2788 mixto
1650 2723 1756 2802 bonis,

815 2824 871 2891 Sic
894 2826 970 2890 vino
993 2825 1070 2891 faex
1093 2832 1154 2906 est,
1178 2834 1212 2892 st
1235 2828 1321 2892 olivo
1343 2829 1448 2915 turpis
1472 2849 1614 2910 amurca,

899 2927 943 2993 Et
965 2929 1073 3014 liquor
1094 2929 1279 2995 ambrosius
1302 2931 1409 2996 mellis
1431 2932 1532 2998 hebet
1553 2932 1701 2998 abacum.

814 3030 942 3118 Nempe
966 3031 1047 3097 duos
1071 3033 1104 3096 in
1126 3054 1217 3118 agro,
1241 3033 1443 3120 totidemque
1466 3035 1499 3099 in
1521 3036 1667 3121 tegmine
1690 3035 1778 3117 lecti,

731 3155 759 3193 oo
902 3133 1007 3220 Inque
1030 3137 1117 3201 mola
1139 3135 1310 3202 dominus¹
1333 3137 1418 3203 dixit
1441 3137 1550 3204 inesse
1573 3137 1667 3220 duos,

813 3237 842 3303 Ε
866 3239 984 3324 quibus
1008 3245 1059 3306 est
1081 3241 1164 3306 alter
1186 3248 1369 3329 susceptus,
1392 3243 1550 3328 linquitur
1572 3244 1666 3325 alter,

896 3341 979 3407 Pars
1002 3342 1084 3409 haec
1108 3351 1237 3431 sumpte
1260 3345 1349 3424 oluit,
1371 3346 1428 3410 illo
1450 3346 1565 3413 relicta
1585 3347 1681 3434 perit.

787 3465 789 3470 ·
815 3443 951 3510 Scilicet
974 3446 1135 3512 ecclesiae
1158 3447 1322 3532 gremium
1344 3469 1467 3533 genere
1489 3448 1573 3514 hoec
1594 3449 1658 3514 tria
1679 3455 1799 3535 gestat,

901 3548 1025 3616 Ordine
1048 3550 1178 3616 diverso
1201 3573 1286 3637 quae
1308 3552 1390 3637 ligat
1411 3573 1478 3617 uua
1499 3551 1597 3618 fides:

731 3674 757 3712 ss
816 3651 964 3718 Clericus
988 3652 1067 3718 ordo
1091 3655 1236 3739 magro,
1260 3655 1438 3720 monachus
1461 3656 1522 3720 sub
1546 3661 1634 3722 sorte
1657 3656 1788 3742 quietis,

896 3757 1001 3844 Inque
1023 3759 1132 3824 molae
1154 3779 1236 3843 gyro
1259 3759 1354 3845 plebs
1377 3759 1545 3846 popularis
1567 3759 1663 3825 inest.

812 3858 882 3924 Iste
905 3859 991 3945 regit
1011 3859 1138 3947 plebes,
1161 3859 1280 3924 fruitur
1301 3866 1416 3925 sancta
1438 3861 1495 3927 ille
1518 3861 1641 3945 quiete,

895 3961 1120 4048 Mundaniqne
1143 3969 1235 4028 octus
1260 3964 1360 4028 currit
1382 3965 1415 4028 in
1439 3965 1518 4030 orbe
1541 3985 1692 4050 sequens.

812 4065 857 4132 Et
878 4072 946 4133 tres
969 4067 1003 4131 in
1025 4066 1148 4131 bivium
1171 4066 1288 4132 merito
1311 4065 1504 4132 scinduntur
1525 4066 1670 4132 hiulcum
1680 4066 1705 4148 ²,

719 4193 757 4232 roo
902 4170 1040 4258 Singula
1062 4192 1138 4257 pars
1160 4177 1288 4258 portem
1310 4170 1503 4258 perditionis
1526 4171 1638 4238 habet.

812 4275 893 4340 Pars
906 4275 991 4361 petit
1009 4275 1096 4339 alma
1112 4276 1235 4361 polum,
1258 4273 1391 4361 Stygias
1407 4297 1483 4362 pars
1499 4277 1609 4364 pergit
1631 4275 1671 4340 ad
1683 4276 1844 4350 umbrosi,

896 4378 941 4443 nt
963 4377 1095 4444 diverso
1117 4379 1182 4444 illis
1206 4380 1253 4444 sic
1275 4381 1348 4445 loca
1368 4379 1438 4445 vita
1460 4388 1564 4466 parat.

812 4483 877 4548 Hio
901 4482 980 4549 ordo
1004 4483 1119 4566 trinus,
1144 4484 1230 4550 vitae
1255 4489 1289 4550 et
1312 4483 1486 4550 concordie
1507 4485 1625 4565 trinae,

895 4586 935 4651 In
956 4586 1061 4652 tribus
1084 4593 1135 4651 est
1159 4587 1280 4652 sanctis
1304 4586 1489 4673 significate
1510 4586 1600 4652 viris.

722 4713 759 4752 nu
819 4688 948 4776 Nempe
970 4689 1043 4754 Noe
1068 4689 1236 4776 specimen
1258 4695 1423 4754 rectorum
1446 4690 1591 4756 continet
1613 4692 1732 4770 almus,

896 4792 960 4867 Qui
983 4793 1148 4880 pecudum
1171 4799 1269 4880 atque
1293 4794 1462 4859 hominum
1485 4815 1579 4881 spem
1599 4794 1687 4880 regit
1709 4794 1797 4886 inter
1817 4814 1929 4879 aquas.

816 4896 958 4963 Caelebs
982 4903 1016 4962 et
1037 4897 1217 4964 monachus
1240 4899 1332 4984 viget
1354 4899 1388 4962 in
1410 4897 1551 4964 Daniele
1575 4887 1724 4976 choreus,

897 5000 962 5075 Qui
984 5000 1099 5066 luxum
1122 5007 1221 5087 atque
1244 5003 1354 5087 gulam
1377 5002 1508 5067 vincere
1531 5001 1636 5087 quivit
1658 5021 1769 5067 ovans.

813 5100 873 5166 Iob
898 5107 984 5184 sunt,
1008 5122 1091 5188 quos
1113 5101 1226 5168 mundi
1248 5105 1302 5169 vel
1325 5103 1394 5187 agit
1415 5103 1468 5168 vel
1490 5103 1640 5189 poenitet
1661 5108 1764 5181 actus,

718 5226 756 5264 no
901 5205 1041 5270 Actibus
1064 5205 1098 5270 iu
1122 5206 1225 5272 saecli
1249 5206 1304 5293 qui
1327 5206 1399 5273 sine
1421 5206 1496 5271 labe
1519 5205 1591 5272 luit.

547 5501 573 5569 l)
591 5499 659 5556 Losa.
673 5501 715 5565 17,
725 5500 759 5555 34
776 5499 844 5554 Dico
858 5498 949 5553 vobis:
966 5499 998 5552 ln
1015 5497 1066 5552 illa
1077 5501 1159 5553 nocte
1173 5501 1255 5553 erunt
1266 5498 1321 5553 duo
1334 5499 1364 5552 in
1376 5499 1449 5554 lecto
1462 5515 1526 5563 uno,
1542 5517 1615 5554 unus
1627 5501 1783 5554 assumetur
1795 5501 1825 5556 et
1836 5499 1909 5553 alter
1920 5497 2103 5566 relinquetur.

442 5594 476 5649 35
493 5594 555 5649 Duo
573 5597 657 5650 eruut
674 5596 811 5651 molentes
828 5593 858 5648 in
877 5611 971 5656 unum.
991 5610 1048 5647 una
1065 5596 1221 5648 assumetur
1238 5595 1268 5649 et
1286 5593 1377 5648 altera
1393 5593 1581 5663 relinquetur:
1603 5592 1658 5649 dno
1676 5593 1707 5648 in
1724 5610 1792 5662 affro
1811 5596 1857 5648 rto.
1919 5592 1948 5662 2)
1966 5591 2100 5646 Prodest.

443 5687 601 5759 Homcniy.
611 5689 732 5744 voe-90
743 5690 780 5744 ad
791 5688 916 5743 hiulcum
931 5689 935 5756 Ι
951 5687 1113 5743 Pervenisse
1125 5687 1208 5743 simul
1219 5687 1335 5744 bivium.
1370 5688 1397 5756 3)
1409 5687 1458 5744 Oc.
1470 5687 1536 5744 Met.
1546 5687 1627 5753 1‚139
1638 5687 1801 5759 Stygiisque
1812 5688 1976 5744 admoverat
1988 5685 2103 5744 umbris.
