4988 6434
837 415 975 470 VERSUS
994 415 1042 468 AD
1060 415 1183 469 REGEM
1204 413 1403 469 PRECANDO.

591 615 603 651 s
656 591 732 655 Heu
756 591 866 654 fueras
890 591 1022 670 teneris,
1047 590 1160 670 duleis,
1185 597 1251 653 tam
1275 589 1368 652 docta
1392 590 1452 653 sub
1476 590 1579 668 annis,

747 695 916 779 Longaevi
939 703 975 758 ut
998 701 1155 779 cuperent
1180 695 1242 757 iam
1266 700 1322 757 tua
1342 695 1442 758 verba
1465 715 1572 757 senes.

657 799 700 862 Et
722 820 805 883 quae
830 800 928 884 longa
952 797 1022 862 dies
1046 799 1118 860 aliis
1143 806 1309 882 praestare
1333 798 1452 884 puellis

743 901 811 965 Vix
833 908 971 987 poterat,
996 902 1114 986 raptim
1138 911 1254 965 cuneta
1277 902 1369 967 fuere
1392 902 1462 965 tibi.

657 1006 704 1069 'l'e
727 1006 887 1069 moriente
911 1005 984 1068 avia
1008 1005 1072 1068 iam
1095 1004 1205 1069 vivere
1228 1027 1327 1090 posse
1350 1006 1493 1090 negavit,

581 1133 604 1168 ω
743 1107 835 1172 Illius
860 1117 894 1172 et
917 1109 1030 1171 mortis
1054 1129 1141 1171 mors
1165 1115 1222 1171 tua
1246 1131 1344 1173 eausa
1366 1110 1435 1174 fuit.

657 1213 726 1275 Iam
751 1213 912 1275 thalamus
937 1233 1142 1297 sponsusque
1165 1212 1226 1275 tibi
1250 1213 1456 1297 parabantur,
1481 1210 1611 1275 atinde

746 1317 829 1401 Spes
853 1337 982 1400 quoque
1007 1317 1070 1379 iam
1095 1316 1191 1379 nobis
1215 1325 1310 1400 grata
1334 1318 1462 1401 nepotis
1487 1323 1572 1379 erat:

657 1420 723 1485 Ilei
740 1420 829 1499 mihi,
848 1442 907 1505 pro
924 1420 1067 1483 thalamo
1085 1419 1234 1484 dedimus
1251 1419 1320 1499 tibi,
1344 1420 1445 1504 virge,
1471 1419 1691 1504 sepulchrum,

744 1522 809 1586 Pro
834 1523 939 1586 taedis
963 1523 1118 1585 miserum
1142 1522 1264 1586 funeris
1288 1522 1442 1586 officium.

514 1681 522 1690 .
581 1651 604 1685 u
657 1625 837 1690 Tendimus
861 1626 927 1688 heu
948 1627 1067 1690 maesti
1090 1647 1149 1712 pro
1171 1626 1288 1711 plausu
1312 1633 1446 1710 pectora
1470 1626 1606 1710 pugnie;

743 1729 806 1792 Pro
830 1728 964 1812 cythara
988 1735 1020 1792 ct
1044 1735 1141 1792 cantu
1164 1729 1312 1813 planetus
1337 1728 1456 1813 ubique
1480 1720 1606 1794 s'enat¹¹

659 1831 887 1894 Geuunantem
910 1831 1010 1894 vitem
1034 1831 1165 1895 decoxit
1189 1853 1286 1894 saeva
1309 1833 1435 1916 pruina,

745 1933 1010 2018 Purpureamque
1034 1933 1110 1995 tulit
1134 1933 1203 1996 dira
1227 1935 1372 2019 procella
1394 1955 1512 2000 rosam.

921 2158 1331 2166 mmm-...q-

1108 2394 1149 2460 X.

585 2563 698 2634 ITEM
726 2559 912 2632 VERSUS
940 2557 1085 2629 PAULl
1112 2557 1177 2628 AD
1206 2557 1371 2630 REGEM
1398 2558 1667 2632 PRECANDO.

659 2725 772 2790 Verba
798 2726 846 2789 tui
875 2724 1002 2804 famuli,
1033 2745 1093 2787 rex
1125 2745 1265 2804 summe,
1290 2724 1430 2790 adtende
1462 2747 1608 2800 serenus,

746 2831 888 2916 Respice
921 2838 954 2894 et
982 2828 1023 2894 ad
1051 2831 1164 2894 fletum
1195 2853 1268 2895 cum
1300 2833 1422 2918 pietate
1450 2854 1568 2898 meum.

661 2935 740 3000 Sum
760 2937 871 3014 miser,
894 2941 930 2998 ut
952 2956 1089 3016 mereor,
1114 2943 1271 3019 qnantum
1292 2936 1349 3000 rix
1365 2938 1450 3002 ullus
1474 2937 1507 3000 in
1530 2935 1608 2999 orbe
1632 2941 1699 3008 est;

671 3029 674 3038 ’
748 3039 886 3125 Semper
908 3039 994 3102 inest
1017 3039 1150 3103 luetus²
1173 3041 1275 3104 tristis
1300 3047 1332 3104 et
1355 3041 1435 3105 hora
1457 3041 1546 3104 mihi.

596 3173 607 3208 s
661 3145 828 3231 Septimus
851 3166 956 3208 annus
979 3145 1106 3226 adcst³,
1131 3167 1173 3210 ex
1196 3167 1259 3231 quo
1284 3168 1368 3210 nova
1392 3168 1490 3211 causa
1513 3146 1643 3210 dolores

745 3247 946 3334 Multiplices
971 3257 1108 3334 generat
1132 3257 1164 3313 et
1188 3271 1262 3313 mea
1285 3250 1382 3314 corda
1406 3250 1519 3335 quatit.

662 3352 819 3438 Captivus
844 3352 962 3416 vestris
987 3360 1107 3416 extunc
1130 3374 1304 3437 germanus
1328 3355 1360 3416 in
1384 3354 1449 3416 oris

747 3455 808 3520 Est
830 3477 932 3536 meus,
957 3456 1077 3519 afflicte
1102 3464 1247 3541 pectore,
1269 3457 1387 3534 nudus,
1411 3477 1523 3540 egens.

658 3545 757 3623 ¹Illius
781 3560 814 3623 in
837 3561 944 3645 patria
967 3561 1110 3623 coniunx
1145 3560 1331 3624 miseranda
1354 3581 1414 3645 per
1437 3580 1549 3622 omnes

587 3688 609 3724 lc
748 3662 914 3728 Mendicat
937 3664 1064 3749 plateas
1089 3687 1144 3728 ore
1168 3671 1329 3729 tremente
1354 3664 1455 3728 eibos.

662 3766 824 3840 Quattuor
845 3767 906 3831 hae
931 3767 1017 3852 turpi
1041 3773 1135 3830 natos
1159 3771 1321 3830 sustentat
1344 3766 1385 3830 ab
1410 3771 1490 3838 arte,

742 3865 840 3943 'Quos
863 3872 920 3933 vix
943 3871 1114 3955 pannuciis
1138 3869 1308 3955 praevalet
1330 3870 1387 3933 illa
1409 3867 1490 3952 tegi.

662 3974 724 4038 Est
748 3974 836 4054 mihi,
860 3994 943 4058 quac
967 3974 1079 4059 primis
1104 3973 1235 4037 Christo
1260 3979 1388 4036 saerata
1412 3971 1472 4036 sub
1497 3971 1589 4034 annis

749 4076 918 4158 Excubat,
943 4077 1077 4162 egregia
1100 4077 1309 4163 simplicitate
1341 4097 1449 4140 soror:

589 4208 610 4242 ις,
666 4183 759 4246 Haec
784 4181 843 4245 sub
869 4189 956 4247 sorte
980 4183 1051 4267 pari
1075 4184 1197 4246 luctum
1222 4183 1292 4245 sine
1316 4183 1380 4244 fine
1406 4187 1574 4245 retentans

751 4285 882 4349 Privata
906 4292 958 4349 est
981 4287 1084 4349 oeulis
1108 4288 1172 4350 iam
1196 4307 1298 4371 prope
1323 4283 1431 4348 tlendo
1456 4285 1534 4348 suis.

664 4389 968 4473 Quantulacumque
992 4389 1062 4466 fuit,
1085 4388 1215 4474 direpta
1238 4395 1288 4452 est
1310 4395 1423 4451 nostra
1446 4386 1608 4471 supellex,

751 4494 821 4558 Nec
841 4503 901 4574 est,
926 4496 1001 4574 heu,
1025 4495 1155 4558 miseris
1179 4496 1232 4580 qui
1257 4495 1341 4558 ferat
1365 4494 1451 4557 ullus
1475 4513 1581 4577 opem.

407 4691 1056 4700 ...w—--,...--.-...„,.....-..
1065 4691 1127 4696 -.-.-
1138 4692 1161 4696 -,,
1174 4692 1201 4696 -,
1218 4692 1238 4696 ...
1255 4691 1296 4696 -.-,
1305 4691 1324 4694 -
1339 4691 1367 4695 ..-
1388 4689 1467 4694 Η---.---
1476 4689 1485 4692 -
1495 4688 1691 4694 -.,--η----
1700 4687 1848 4692 ——-—--·—-

407 4821 496 4876 heras
518 4837 577 4892 pos!
602 4843 722 4876 ramirum
749 4824 772 4874 L
903 4821 919 4874 6
942 4831 1074 4890 stuperent
1098 4821 1123 4872 P
1138 4823 1176 4885 L,
1201 4829 1324 4889 cuperent
1348 4822 1378 4872 H
1506 4821 1522 4872 9
1547 4823 1588 4872 via
1606 4821 1637 4870 H
1765 4819 1798 4870 10
1815 4822 1917 4872 incestis
1936 4822 1968 4871 II

302 4912 334 4964 11
363 4921 389 4963 et
415 4929 473 4962 eece
500 4913 523 4962 L
681 4909 713 4960 13
740 4913 765 4960 H
792 4911 854 4960 mihi
877 4910 908 4958 H
1068 4907 1100 4958 14
1126 4910 1224 4960 thuedis
1253 4908 1287 4970 P,
1322 4909 1398 4958 thelis
1425 4908 1461 4957 ud
1487 4927 1568 4974 truurp.
1596 4908 1638 4959 uel
1663 4909 1728 4959 tedis
1755 4908 1792 4972 1,,
1828 4910 1913 4959 caedis
1937 4909 1969 4958 H

303 4999 336 5049 lo
355 5000 444 5050 moesti
463 4999 527 5048 PH
593 4998 721 5066 plausoP
817 4995 850 5048 111
868 4995 1021 5046 ehilharuL
1090 5005 1165 5046 canto
1184 4995 1208 5044 P
1308 4993 1337 5044 11
1357 5013 1403 5045 om.
1418 4994 1450 5043 H
1545 4993 1578 5045 18
1595 4995 1838 5061 l'urporeamqueL
1907 4997 1966 5046 tulit

304 5105 352 5135 «mr.
372 5085 397 5134 P
464 5103 520 5136 rosa
539 5085 564 5134 P

372 5186 419 5254 [X]
456 5189 695 5254 hem-precando
715 5186 773 5253 Ps.
795 5184 852 5250 126,
878 5187 1020 5236 strictitate
1046 5185 1104 5251 lis.
1124 5183 1166 5249 81,
1186 5183 1289 5251 ΗΜ
1399 5181 1536 5235 latteude
1559 5184 1625 5233 UH
1724 5183 1784 5236 2et
1801 5186 1920 5236 affectum
1944 5185 1969 5236 U

302 5272 444 5324 3nixillus
461 5275 548 5325 morhe
561 5275 592 5323 H
685 5270 814 5338 Sqrrattit
827 5273 858 5320 H
951 5269 1108 5338 lCuptiuus
1127 5272 1205 5322 extris
1224 5270 1248 5319 13
1299 5271 1366 5321 horis
1380 5269 1444 5319 PH
1532 5269 1710 5321 SesflietuH
1797 5269 1926 5322 {leantur
1941 5272 1966 5322 P

303 5358 337 5410 10
354 5368 478 5411 tremente
496 5359 521 5408 U
622 5357 653 5409 ll
672 5359 833 5422 QuatuorH
902 5359 948 5408 hae
966 5357 1071 5424 mrpiP
1137 5357 1239 5410 areeH
1340 5354 1373 5407 12
1391 5375 1525 5424 pummeus
1541 5357 1574 5406 H
1637 5359 1695 5424 quis
1713 5359 1783 5408 ualet
1801 5359 1844 5408 illa
1862 5360 1925 5424 tegit
1942 5358 1967 5408 U

303 5445 337 5497 14
356 5448 530 5514 simpliciterne
550 5447 582 5495 H
697 5443 728 5495 ll
747 5447 880 5512 suppellex
904 5445 932 5508 ll,
952 5446 1085 5512 suppellex
1104 5463 1170 5495 corr.
1191 5447 1216 5494 lu
1234 5445 1350 5510 supellex
1370 5444 1395 5494 P

412 5616 438 5680 1}
457 5616 499 5668 u.
519 5633 543 5669 v.
562 5616 593 5670 31
619 5617 752 5670 Planctus
782 5615 886 5683 ubique
910 5619 998 5669 sonat.
1077 5615 1104 5683 2)
1126 5615 1169 5683 Cf.
1187 5631 1273 5684 supru
1295 5632 1323 5684 p.
1340 5614 1374 5668 43
1399 5614 1471 5668 Vera.
1490 5615 1520 5667 r'u
1538 5614 1619 5668 leude
1636 5615 1720 5669 Lorii
1738 5613 1820 5668 lul
1839 5611 1895 5665 Ver
1913 5610 1965 5664 tibi

301 5735 412 5804 semper
430 5718 510 5772 inest.
582 5722 610 5788 3)
632 5721 709 5773 Haec
727 5735 788 5772 vere
807 5721 874 5772 acroi
895 5720 945 5774 ’182
958 5720 1064 5789 scripto
1083 5734 1140 5774 esse
1159 5719 1314 5773 Bethmcuu
1332 5718 1447 5772 contecu
1468 5719 1583 5786 (Archia
1596 5719 1633 5788 X,
1651 5719 1723 5786 2130)-
