4936 6406
747 445 1003 500 FRAGMENTUM
1023 445 1069 498 DE
1087 444 1199 498 Vl'lllS
1218 440 1465 498 CAPITALIBUS.

560 640 584 678 u
642 618 743 685 Haud
767 641 862 684 secus
886 619 940 682 lra
962 627 1072 683 movet
1094 619 1254 682 humanas
1277 617 1401 702 perfida
1423 622 1561 697 mentes,

722 721 807 786 Esse
828 744 889 786 nec
912 720 1028 787 infelix
1052 721 1151 786 corda
1175 721 1285 806 quieta
1308 721 1394 786 sinit.

642 825 736 890 Illius
760 827 793 889 in
817 847 975 912 praeceps
998 833 1127 889 mentes
1151 825 1280 888 insania
1302 825 1400 906 ducit,

725 931 794 996 Nec
817 932 940 1015 patitur
963 931 1129 1016 proprium
1156 930 1215 994 has
1238 932 1380 994 retinere
1405 937 1535 994 statum.

640 1035 798 1121 Amputat
821 1043 855 1098 et
877 1055 1004 1112 sensus,
1029 1034 1209 1120 phreneses
1234 1034 1361 1098 imitata
1383 1035 1519 1112 cerebri,

560 1161 584 1196 so
728 1137 814 1210 Quid
838 1145 932 1221 gerat
954 1145 1012 1218 aut
1033 1136 1121 1200 dicat
1143 1158 1241 1201 nosse
1267 1139 1410 1222 maligna
1433 1145 1533 1204 vetat.

642 1241 728 1304 Hinc
751 1242 835 1304 livor
858 1263 915 1304 ora
929 1242 1031 1330 tegit,
1055 1247 1178 1304 tremor
1200 1239 1275 1304 hinc
1300 1249 1332 1306 et
1356 1244 1499 1307 concutit
1521 1251 1621 1318 artus,

723 1344 862 1409 Lumina
885 1343 1060 1430 Gorgoneo
1083 1343 1212 1408 saevius
1235 1345 1310 1429 igne
1334 1346 1486 1410 micant¹.

643 1449 708 1512 Orc
732 1450 851 1526 fremit,
876 1448 1091 1532 manibusque
1116 1447 1201 1526 ferit,
1224 1447 1302 1510 furit
1325 1450 1445 1535 impete
1469 1450 1595 1534 grandi.

722 1551 840 1616 Omnis
863 1572 945 1635 quae
969 1552 1073 1634 gessit
1095 1573 1156 1614 nec
1179 1553 1367 1616 meminisse
1392 1554 1490 1618 valet.

562 1676 586 1712 u
644 1655 795 1739 Iungitur
817 1654 1037 1718 Eumenidum
1062 1653 1185 1738 Stygiis
1209 1657 1293 1718 male
1316 1676 1396 1720 sana
1419 1655 1558 1730 choreis,

725 1757 768 1822 Et
790 1758 1060 1841 Phlegctontaeis
1084 1757 1185 1821 effera
1207 1759 1399 1843 virginibus.

643 1862 817 1926 Caelicolis
840 1863 949 1926 aliena
972 1863 1090 1938 choris,
1113 1861 1170 1926 ubi
1193 1863 1339 1948 principe
1365 1863 1495 1928 Christo

725 1964 852 2051 Inclyta
875 1987 934 2050 pro
958 1967 1082 2030 meritis
1105 1966 1250 2051 praemia
1273 1966 1367 2029 miles
1391 1967 1500 2032 habet.

644 2069 714 2132 Pax
737 2069 793 2133 ubi
818 2076 934 2154 regnat
957 2091 1071 2148 ovans,
1095 2091 1187 2133 amor
1209 2069 1361 2154 inclytus,
1385 2070 1463 2134 ordo
1486 2072 1613 2146 beatus,

730 2171 859 2237 Enricat
881 2173 1037 2238 aetheriis
1061 2196 1120 2236 am
1142 2173 1199 2237 nbi
1223 2180 1334 2238 sancta
1357 2175 1467 2239 tholis.

639 2277 700 2340 Est
723 2277 821 2340 otiam
845 2277 1009 2341 interdurn
1033 2278 1141 2352 Zelus,
1165 2279 1221 2360 qui
1244 2277 1363 2341 dicitur
1386 2280 1434 2342 ira

727 2380 880 2450 Provida,
904 2401 962 2466 pro
988 2383 1069 2445 rccti
1094 2380 1224 2466 quando
1247 2381 1419 2446 adhibetur
1441 2405 1514 2470 ope.

644 2485 708 2546 Per
731 2505 827 2568 quam
851 2491 1040 2548 constanter
1062 2485 1150 2548 vitiis
1174 2484 1345 2549 obsistitur
1367 2487 1456 2566 atris,

725 2586 806 2652 Eius
831 2596 864 2651 ct
885 2589 1043 2652 instinctu
1065 2609 1118 2651 res
1141 2589 1227 2652 mala
1249 2590 1346 2674 pulsa
1368 2589 1461 2674 fugit,

562 2714 586 2750 a
646 2692 771 2776 Estque
795 2692 906 2756 lavere
931 2693 1051 2755 malum
1075 2692 1174 2772 vitiis,
1199 2692 1361 2758 obsistere
1385 2692 1528 2778 dignum,

725 2795 818 2858 Haec
842 2794 933 2879 fugat
956 2795 1068 2873 iratus,
1093 2793 1278 2859 desidiosus
1301 2795 1368 2859 alit.

645 2899 680 2963 Si
703 2906 813 2962 tamen
837 2899 938 2962 iratus
961 2899 1060 2984 cupit,
1085 2897 1299 2962 emendabilis
1322 2907 1358 2962 ut
1381 2901 1423 2963 sit

728 3001 761 3066 Is
784 3003 839 3086 qui
863 3003 1044 3086 corrigitur,
1067 3001 1149 3066 haec
1172 2983 1283 3066 mahat
1304 3002 1352 3067 ira
1374 3004 1467 3068 levis.

644 3105 689 3168 At
713 3106 798 3169 bona
821 3105 848 3168 si
872 3103 1017 3178 taedent,
1041 3104 1207 3170 delectant
1229 3107 1374 3193 pessima
1397 3128 1556 3192 quaeque.

551 3231 588 3265 aa
620 3223 621 3226 ¹
729 3208 792 3271 Est
815 3208 896 3272 haec
920 3207 968 3271 ira
990 3208 1110 3291 gravis,
1134 3229 1187 3272 res
1211 3215 1244 3274 et
1267 3208 1387 3274 acerba
1409 3209 1517 3274 nimis.

644 3311 765 3395 Mergit
788 3311 821 3374 in
845 3311 926 3375 haec
950 3309 1016 3373 odii
1041 3331 1182 3375 caenosa
1205 3312 1359 3377 barathra
1381 3313 1525 3398 maligni,

727 3411 821 3487 Quod
845 3412 935 3478 ducit
956 3414 1093 3476 miseros
1118 3413 1159 3477 ad
1183 3412 1295 3498 Stygis
1318 3415 1383 3478 ima
1405 3416 1502 3480 viros.

644 3513 705 3578 Est
728 3493 867 3599 namque
890 3516 938 3578 ira
961 3514 1090 3584 Odium,
1115 3514 1243 3600 quando
1265 3517 1447 3580 inveterata
1469 3519 1621 3597 senescit,

728 3618 845 3703 Deque
868 3617 953 3682 malo
977 3618 1009 3681 in
1033 3618 1127 3702 peius
1150 3618 1248 3683 discit
1269 3619 1361 3683 abire
1384 3621 1516 3684 malum.

553 3747 588 3782 roa
646 3723 794 3802 ‘Cernis',
817 3726 864 3787 ait
886 3723 1069 3803 dominusl,
1095 3724 1265 3789 ‘festucam
1288 3726 1321 3790 in
1344 3725 1464 3789 lumine
1488 3726 1612 3806 fratris,-

730 3829 832 3912 Inqne
857 3827 983 3892 trabem
1007 3829 1139 3913 proprio
1163 3829 1303 3914 negligis
1327 3829 1496 3914 aspicere'

645 3932 699 3995 lra
722 3932 804 3996 levis
827 3931 965 4010 festuca,
988 3929 1100 3995 trabes
1124 3929 1233 3995 odium
1257 3937 1349 3995 extat
1372 3931 1507 4004 inorme,

728 4033 822 4099 Haec
846 4035 910 4098 cito
934 4035 1136 4106 transcurrit,
1159 4034 1192 4098 id
1215 4034 1409 4099 remorando
1432 4043 1554 4119 gravat.

646 4139 707 4203 llla
731 4145 826 4202 sonat
849 4139 976 4216 leviter,
1000 4138 1100 4201 tacito
1125 4137 1204 4202 illud
1229 4137 1326 4202 corde
1349 4140 1521 4222 gravescit,

553 4265 590 4301 no
735 4241 797 4305 llla
821 4242 910 4325 cupit
932 4241 1057 4327 plagas,
1080 4241 1160 4306 illud
1184 4249 1217 4306 et
1240 4243 1388 4308 exitium.

646 4345 733 4410 Iram
756 4345 856 4408 animi
880 4345 1008 4420 levitas,
1034 4343 1142 4410 odium
1165 4353 1255 4411 creat
1277 4348 1334 4412 illa
1356 4349 1545 4434 malignum,

732 4448 881 4512 Carduus
904 4448 1007 4514 herba
1035 4448 1135 4535 prius,
1158 4451 1330 4536 postmodo
1355 4452 1449 4540 spina
1471 4453 1590 4539 gravis.

645 4552 697 4618 De
721 4574 871 4617 sermone
895 4553 961 4617 levi
980 4554 1131 4618 'exoritur
1153 4575 1253 4639 grave
1276 4556 1401 4620 cumen
1422 4563 1456 4621 ct
1478 4563 1600 4622 atrum:

730 4655 800 4720 Ovo
823 4657 870 4720 ita
892 4655 932 4721 dc
955 4657 1053 4721 tereti
1076 4657 1112 4720 fit
1134 4656 1307 4723 basiliscus
1330 4666 1435 4724 atrox.

554 4783 591 4820 ns
653 4760 707 4824 Sic
729 4759 853 4824 nutrita
875 4759 931 4824 diu
954 4781 1063 4824 rerum
1086 4761 1172 4825 mala
1194 4763 1320 4827 semina
1342 4762 1485 4842 laedunt,

731 4863 924 4950 Exstirpata
946 4871 1066 4928 nocent
1088 4866 1237 4952 protinus
1261 4872 1332 4930 orta
1354 4866 1445 4931 nihil.

648 4968 684 5036 si
708 4969 751 5032 sit
773 4987 865 5031 amor
886 4967 1031 5044 fratrum,
1056 4989 1188 5032 saevam
1211 4990 1277 5034 non
1300 4970 1364 5034 itur
1387 4969 1428 5034 ad
1451 4969 1542 5048 iram,

731 5071 824 5135 Haec
849 5071 876 5135 si
899 5069 1052 5149 defuerit,
1076 5072 1166 5136 nulla
1187 5079 1321 5137 manent
1343 5071 1429 5136 odia.

648 5177 824 5262 Temperat
846 5175 1049 5260 aequanimis
1074 5176 1189 5240 vitium
1213 5176 1276 5241 hoc
1300 5176 1436 5240 rationis
1459 5175 1627 5246 honestas,

553 5304 590 5341 aa
734 5278 842 5364 Aequi
864 5299 957 5342 amor
978 5278 1067 5344 illius
1091 5281 1230 5344 conterit
1252 5301 1310 5344 ora
1332 5286 1439 5364 caput.

1537 5471 1566 5477 ,.-
1577 5470 1831 5480 amu—...ua-

387 5611 412 5672 1)
437 5611 485 5664 Ου.
504 5611 564 5664 Art.
583 5611 642 5663 Am.
661 5609 785 5670 uncos
811 5607 930 5661 Lumina
949 5607 1096 5678 Gorgoneo
1120 5607 1229 5661 saarim
1247 5606 1314 5676 igne
1332 5605 1446 5659 micant.
1515 5605 1543 5664 fl
1561 5604 1662 5659 Mauo.
1681 5604 1732 5670 l,3
1751 5603 1823 5671 Quid
1841 5605 1935 5660 autem

286 5713 363 5770 vidcs
382 5713 518 5768 festucam
536 5713 567 5766 iu
585 5714 666 5768 oculo
684 5712 778 5768 fratris
795 5711 847 5776 tui,
866 5713 895 5768 et
914 5711 1024 5768 trabem
1042 5710 1071 5765 in
1090 5711 1171 5766 oculo
1188 5713 1238 5766 tuo
1256 5728 1311 5766 non
1329 5708 1425 5764 rides?
1451 5709 1520 5764 Lae.
1538 5710 1563 5775 6,
1574 5709 1614 5764 ll.
