4988 6434
1256 382 1443 436 Boxlraru
1461 381 1636 434 uranum.

908 589 931 623 n·
983 558 1102 622 Dulcia
1129 558 1175 622 sie
1206 557 1366 642 quondum
1398 556 1582 620 celebrabis
1612 551 1730 638 gaudia
1759 555 1852 618 caeli.

983 662 1065 726 Sunt
1093 665 1157 726 alia
1185 663 1322 726 alterius
1350 662 1430 745 ligni
1460 660 1676 723 acerbissima
1702 660 1798 740 mala,

981 766 1145 830 Pestifero
1176 773 1314 830 vernant
1343 785 1427 849 quae
1456 765 1489 826 iu
1517 764 1606 848 liguo
1638 763 1752 826 mortis
1781 783 1922 836 amarae,

981 869 1073 941 Quae
1105 867 1212 933 Adam
1240 867 1440 931 manducans
1472 865 1542 930 dira
1573 877 1623 929 est
1651 888 1725 929 eum
1755 875 1858 929 morte
1889 875 2088 952 peremptus.
2190 880 2194 889 ·

980 973 1115 1058 Antiqui
1147 971 1268 1035 inlecta
1296 979 1330 1034 et
1359 971 1438 1034 llatu
1467 977 1499 1033 et
1530 970 1672 1057 felleque
1701 969 1862 1032 draconis
1929 973 1935 996 '

918 1103 929 1136 a
981 1077 1124 1161 l'ipereo
1154 1083 1191 1138 ut
1219 1073 1341 1138 dudum
1369 1095 1467 1138 saeue
1498 1074 1617 1158 perlita
1646 1095 1774 1138 ueneno
1800 1122 1807 1137 .

980 1180 1111 1243 Nitatur
1139 1178 1258 1264 palmis
1289 1178 1370 1242 haee
1398 1198 1574 1260 numquam
1603 1185 1738 1261 tangere
1767 1177 1870 1261 virgo,

980 1283 1136 1346 Mandane
1167 1304 1250 1366 quae
1281 1282 1373 1346 uelas
1404 1291 1455 1345 est
1484 1295 1517 1344 et
1548 1292 1681 1365 gustare
1712 1281 1893 1366 profanum.

980 1385 1030 1449 Ne
1060 1384 1177 1450 dentes
1208 1383 1367 1448 strideant
1399 1385 1516 1447 luseati
1547 1395 1642 1469 peste
1672 1384 1825 1468 maligna.

980 1489 1117 1552 Talibus
1147 1499 1204 1552 aut
1236 1490 1330 1552 malis
1360 1488 1551 1572 frangantur
1578 1487 1712 1552 foedera
1741 1497 1863 1552 saneta.

903 1618 928 1654 n
981 1593 1045 1657 Vel
1076 1593 1187 1679 sirperi
1216 1594 1378 1657 ineassum
1408 1591 1586 1677 pendantur
1614 1585 1737 1676 premia
1768 1593 1871 1676 regui.

1274 1780 1486 1866 [enorme
1510 1778 1604 1865 mu]

981 1902 1153 1966 Cernere²
1176 1904 1247 1987 quis
1276 1904 1412 1988 poterit,
1443 1924 1578 1966 numero
1608 1909 1663 1964 aut
1694 1900 1765 1984 quis
1799 1902 1943 1964 ealeulus
1974 1911 2103 1987 aequat.

981 2006 1167 2091 Splendida
1197 2029 1279 2091 quae
1309 2006 1436 2070 stolidis
1464 2006 1629 2092 praestavi
1659 2025 1796 2067 munera
1825 2005 1965 2067 saeelis‘!

980 2113 1011 2174 A
1042 2133 1106 2196 qua
1137 2113 1321 2196 praesentis
1356 2111 1568 2175 moderantur
1598 2109 1752 2193 dogmata
1780 2109 1877 2171 vitae.

980 2214 1099 2298 Atque
1128 2214 1236 2279 futura
1262 2216 1339 2278 nori
1367 2220 1578 2300 praestantur
1601 2213 1727 2297 premia
1757 2212 1861 2295 regni,

902 2343 913 2377 ι
980 2317 1119 2382 Ritibus
1149 2327 1247 2403 atque
1278 2320 1360 2383 meis
1390 2320 1586 2402 conplentur
1616 2317 1705 2380 iussa
1736 2337 1886 2401 superna.

979 2421 1121 2486 Talibus
1156 2423 1332 2487 humanum
1361 2443 1492 2507 semper·
1521 2421 1703 2486 miserebor
1732 2422 1766 2484 in
1797 2442 1924 2485 aerium.

980 2525 1103 2590 lusani
1133 2529 1271 2591 mortale
1298 2549 1403 2611 genus
1431 2526 1607 2590 virtutibus
1638 2527 1732 2590 almis

979 2630 1138 2716 Imperiis
1165 2631 1296 2695 domino
1329 2632 1456 2716 superis
1484 2631 1672 2694 famularier
1703 2630 1779 2698 alto,

978 2734 1118 2800 Tetrica
1147 2735 1301 2800 mundani
1331 2738 1458 2800 ealeent
1488 2743 1524 2799 ut
1554 2735 1679 2799 ludicra
1702 2735 1810 2798 luxus.

904 2857 929 2892 al·
982 2838 1121 2924 Regina
1152 2841 1287 2904 elamor.
1321 2842 1486 2905 caelorum
1515 2841 1581 2903 lilia
1611 2840 1710 2924 regis.

978 2941 1036 3005 Ad
1065 2943 1213 3027 requiem
1241 2952 1277 3007 ut
1309 2943 1443 3008 tendant
1473 2944 1612 3008 animae.
1644 2942 1782 3028 pulsabo
1812 2951 1991 3007 tonantem.

978 3045 1092 3108 Actus
1122 3047 1176 3111 rel
1204 3046 1281 3111 dicti
1316 3070 1432 3111 seusus
1462 3070 1520 3111 seu
1550 3057 1587 3111 ut
1617 3047 1723 3110 vinela
1751 3047 1921 3111 resolvat³.

979 3149 1127 3214 Sedibus
1155 3173 1172 3214 e
1204 3153 1331 3237 superis
1366 3152 1498 3215 soboles
1523 3172 1641 3236 nempe
1665 3150 1913 3218 architeueutis

979 3253 1112 3318 Cuncta
1143 3256 1225 3318 meis
1255 3256 1408 3341 preeibus
1439 3263 1602 3318 restaurat
1635 3255 1745 3318 saecla
1780 3254 1980 3340 redemptor,

902 3379 906 3406 ⁵
981 3357 1122 3422 Arbiter
1149 3360 1325 3424 aethereus
1354 3359 1463 3423 condit
1490 3381 1542 3423 me
1573 3360 1663 3423 caleo
1695 3367 1871 3440 carentem,

978 3459 1027 3523 Iu
1057 3482 1120 3545 qua
1149 3483 1208 3525 nee
1237 3469 1342 3526 metas
1375 3463 1448 3525 aevi
1475 3483 1536 3525 nee
1566 3470 1715 3547 tempora
1744 3463 1897 3530 elausit‘.

863 3551 867 3558 ’
978 3564 1148 3650 Tempora.
1177 3565 1233 3630 sed
1263 3567 1344 3629 mire
1375 3566 1445 3630 sine
1477 3575 1625 3651 tempore
1656 3566 1753 3649 longa
1782 3567 1914 3633 crearit.

1204 3752 1354 3840 [FIDES
1384 3753 1667 3841 CATHOLICA]

979 3878 1144 3943 Fecunda
1172 3885 1205 3943 et
1234 3878 1327 3942 fortis
1360 3901 1500 3944 vernans
1528 3881 1705 3944 virtutibus
1737 3879 1824 3944 altis.

979 3981 1094 4066 Ipsius
1125 3981 1295 4046 altithroni
1323 3981 1455 4046 ductrix
1486 3991 1519 4047 et
1543 3984 1657 4046 nuntia
1687 3982 1787 4054 dieor,

901 4099 927 4137 ⁴⁰
980 4084 1074 4148 Dum
1103 4084 1226 4148 Christi
1256 4087 1377 4171 populo
1409 4108 1469 4171 per
1495 4086 1650 4150 mundum
1681 4086 1793 4150 labara
1820 4095 1924 4171 porto,

722 4413 755 4466 10
780 4415 918 4483 quondum]
943 4418 969 4467 id
995 4425 1034 4467 est
1060 4417 1213 4482 quandoque
1237 4417 1259 4466 U
1369 4415 1400 4466 11
1425 4418 1589 4467 aceruissima
1607 4416 1646 4478 E,
1668 4419 1840 4468 seerciissima
1864 4417 1887 4466 Τ
1997 4415 2030 4468 13
2053 4420 2107 4469 dira
2130 4427 2168 4468 est
2186 4437 2235 4469 οιιι.
2262 4422 2289 4470 Τ

617 4519 754 4568 percussus
766 4521 833 4553 corr.
845 4513 990 4571 peremptus
1003 4501 1034 4566 L,
1054 4511 1181 4568 peremtus
1195 4501 1221 4550 Ε
1308 4499 1340 4552 14
1358 4505 1451 4554 insecta
1470 4505 1531 4554 llutu
1547 4502 1577 4564 Ε,
1595 4504 1643 4554 iam
1657 4505 1718 4554 flatu
1737 4504 1761 4552 Τ
1827 4504 1885 4554 felle
1899 4503 1925 4552 E
1941 4503 1996 4554 To
2082 4501 2114 4554 15
2128 4506 2230 4570 viperio
2246 4507 2280 4570 E,

619 4589 761 4655 l'iperoaL
848 4608 909 4641 seue
927 4607 1053 4654 asper-scr.
1071 4589 1222 4638 aduerbirun
1242 4589 1269 4650 C,
1287 4606 1379 4639 meuse
1395 4590 1419 4638 l:
1504 4607 1563 4655 sepe
1583 4591 1694 4654 rnaligna
1714 4589 1856 4640 ueuenoL
1962 4589 1995 4641 16
2012 4592 2117 4641 Niturdu
2136 4591 2163 4656 T,
2182 4593 2283 4644 Debuit

618 4675 664 4724 boe
683 4673 788 4739 [scilieet
806 4675 880 4741 mela]
900 4676 990 4742 palmis
1008 4691 1147 4739 numquam
1167 4676 1216 4724 iam
1234 4683 1339 4740 tangere
1351 4673 1434 4740 uirga]
1453 4676 1627 4726 scilieetaeua
1641 4677 1663 4725 (.'
1749 4674 1780 4726 ll
1794 4694 1844 4742 que
1859 4677 1885 4740 0,
1904 4678 2016 4744 quemL
2086 4680 2244 4745 propliuuuiu
2262 4682 2286 4730 (¹

619 4758 652 4810 18
664 4762 776 4827 maligno
799 4761 823 4810 Τ
925 4758 957 4810 19
975 4761 1003 4810 su
1022 4761 1095 4810 malis
1118 4759 1142 4808 Τ
1208 4761 1362 4825 franguntur
1376 4761 1398 4810 U
1500 4759 1535 4810 ⁴20
1554 4762 1696 4826 perduntur
1711 4763 1733 4813 0
1800 4764 1952 4829 proemiaE
2055 4763 2065 4826 ll
2078 4766 2174 4815 Caritas
2188 4765 2219 4826 E,
2240 4769 2281 4817 De

617 4849 721 4898 earime
735 4848 762 4911 C,
780 4849 833 4898 nine
845 4848 917 4896 dailo
930 4845 989 4896 PL
1075 4844 1107 4896 21
1121 4845 1242 4896 ealeulP
1320 4845 1469 4898 fflsedisb
1551 4845 1712 4915 d‘dregmina
1724 4851 1792 4900 uitae
1807 4851 1829 4899 C
1912 4847 2026 4900 24110112·
2040 4849 2065 4898 P
2125 4851 2236 4917 proemia
2257 4853 2285 4901 E

617 4931 651 4983 25
669 4935 844 5000 compleantur
861 4933 884 4982 IA
1010 4931 1044 4983 ‘26
1063 4933 1200 4984 miserebar
1222 4931 1257 4997 iul
1282 4934 1306 4983 id
1330 4943 1369 4984 est
1392 4952 1436 5001 per
1456 4935 1478 4984 U
1606 4933 1639 4984 27
1658 4937 1753 4986 Adiuui
1774 4937 1801 4998 0,
1824 4936 1959 4986 luuaniL
2085 4932 2119 4985 29
2137 4945 2166 4985 ut
2188 4951 2236 4984 oni.
2260 4936 2285 4984 P

618 5017 724 5084 ludicra]
752 5022 863 5070 fomenta
892 5021 914 5070 C
1030 5016 1067 5070 30
1093 5021 1182 5085 Regum
1208 5019 1232 5070 I}
1330 5071 1331 5074 ,
1354 5019 1388 5072 32
1412 5039 1458 5072 seu
1485 5039 1576 5072 εειιιιιιιι
1603 5031 1648 5072 aut
1675 5021 1712 5082 ld,
1738 5039 1786 5072 ceu
1814 5031 1842 5072 ut
1868 5023 1889 5070 (ῤ’
2012 5019 2046 5071 33
2062 5020 2236 5071 arebireuouis
2255 5020 2282 5068 Il

617 5103 652 5154 34
669 5107 789 5171 precibus
807 5105 832 5155 P
933 5103 968 5156 35
985 5107 1114 5157 aetherius
1133 5107 1161 5156 E
1262 5105 1295 5158 37
1314 5111 1439 5174 Tempore
1458 5108 1481 5157 L
1597 5107 1608 5169 {l
1631 5107 1705 5156 Fides
1724 5107 1757 5168 E,
1775 5109 1813 5157 De
1832 5109 1881 5158 fide
1896 5109 1922 5170 ζ’,
1941 5110 2016 5158 Fides
2033 5108 2157 5158 embolion
2175 5105 2207 5168 L,
2225 5107 2281 5156 sitne

618 5191 652 5238 lit.
672 5189 697 5239 P
797 5189 832 5242 38
850 5209 959 5242 veniens
979 5193 1006 5242 E
1107 5191 1141 5244 39
1159 5196 1265 5246 enuntia
1285 5195 1317 5258 E,
1340 5197 1435 5246 nuncia
1454 5194 1480 5244 P
1494 5195 1518 5244 L
1623 5189 1658 5244 40
1681 5194 1804 5258 populum
1825 5195 1847 5244 U
1920 5196 2007 5245 uruudi
2028 5197 2050 5244 (J
2116 5194 2201 5244 labere
2222 5192 2244 5242 L

723 5378 749 5442 1)
769 5377 899 5432 Aldllelin.
923 5379 957 5433 de
980 5387 1041 5434 oete
1062 5381 1212 5450 principiul.
1237 5383 1284 5435 vit.
1308 5399 1333 5436 v.
1350 5381 1410 5436 '130
1433 5383 1541 5452 spicula
1561 5382 1613 5435 lita
1630 5399 1746 5435 veneno.
1827 5383 1855 5442 2)
1884 5381 1997 5436 Primae
2014 5397 2140 5434 uersuum
2157 5381 2279 5433 21-34

618 5478 726 5532 litterae
749 5480 807 5531 sine
828 5497 939 5535 saraam
963 5484 1021 5538 ave
1043 5485 1169 5539 morsum
1191 5485 1260 5554 lepis
1277 5486 1384 5540 alteram
1402 5488 1503 5541 enimse
1520 5501 1611 5540 vocem
1629 5485 1749 5538 ‘canta'
1768 5485 1907 5552 efficiunt.
1986 5486 2014 5550 3)
2035 5485 2077 5552 Cf.
2096 5483 2226 5536 Alelltelm.
2246 5484 2282 5536 de

618 5586 678 5634 octo
693 5581 844 5650 principat.
862 5585 937 5640 uitiis
955 5603 979 5640 o.
998 5587 1146 5642 379-380
1164 5591 1316 5658 (Christus)
1335 5595 1450 5659 peemta
1468 5592 1604 5652 remittat,
1621 5591 1624 5658 l
1640 5588 1758 5643 Actibus
1776 5593 1825 5643 aaut
1843 5591 1926 5646 dictis
1945 5606 1992 5642 seu
2012 5590 2070 5641 solo
2088 5587 2171 5642 noxio
2189 5605 2278 5642 sensu.

617 5686 645 5753 4)
671 5684 747 5754 Vero,
767 5688 834 5739 Aen.
854 5689 879 5752 1,
897 5690 949 5744 278
967 5691 1017 5744 llis
1036 5709 1158 5762 egoneo
1176 5699 1376 5750 meteororum
1395 5713 1445 5750 uec
1464 5699 1591 5766 tempora
1611 5712 1697 5765 pouo;
1718 5697 1731 5749 l
1753 5696 1813 5748 Cer.
1834 5696 1874 5748 13.
1894 5697 1917 5747 8.
