4628 6428
533 421 672 479 VERSUS
690 423 739 478 AD
757 421 943 480 PICTURAS.
979 421 1025 479 DE
1044 421 1163 480 LAUDE
1181 421 1367 480 METRIOAE
1383 422 1499 480 ARTIS.

554 597 747 684 Adsumptis
770 599 899 683 aquilae
924 597 1074 663 Christus
1096 598 1180 684 petit
1202 598 1340 663 aethera
1361 599 1490 684 pennis,

637 700 889 787 Oonregnatque
912 702 980 788 poli
1003 723 1122 788 perpes
1145 702 1178 765 in
1202 723 1277 766 arce
1296 703 1397 787 patri.

554 863 710 930 Ostendis
734 862 900 929 Christum
922 865 1063 950 populis,
1086 865 1231 950 baptista
1252 865 1430 947 Iohannes,

553 967 618 1032 Hic
642 988 720 1032 ecce
742 970 870 1052 agnus¹
894 973 928 1031 et
949 967 1013 1048 hic,
1037 967 1093 1052 qui
1116 967 1202 1031 tollit
1225 968 1361 1033 crimina
1383 968 1506 1034 mundi.

939 1279 1095 1344 CXVIII.

151 1411 337 1485 VERSUS
355 1407 516 1483 ALBINI
531 1405 764 1480 MAGISTRI
784 1405 846 1478 DE
861 1405 1021 1478 LAUDE
1040 1405 1285 1480 METRICAE
1301 1407 1446 1481 ARTIS
1463 1407 1713 1483 FELICITER
1730 1407 1873 1482 AMEN.

553 1542 628 1605 Lux
650 1545 703 1604 est
725 1538 813 1602 orbis
836 1538 950 1618 honor,
973 1537 1129 1601 maiestas
1152 1537 1279 1603 fervida
1301 1540 1394 1605 caeli.

555 1644 647 1718 Quae
671 1647 762 1707 caret
783 1641 835 1704 his
858 1640 978 1704 iunctis
1000 1640 1184 1705 brevitatur
1206 1641 1323 1706 sillaba
1345 1643 1427 1708 iure.

553 1747 663 1812 Nauta
685 1745 794 1811 brevis
818 1749 951 1810 resonat
973 1765 1095 1829 gnarus
1117 1744 1159 1809 de
1182 1745 1292 1812 littore
1316 1746 1452 1812 Xerses.

552 1851 625 1915 Pax
646 1850 698 1913 xis
723 1869 862 1934 semper,
886 1847 944 1912 sed
968 1869 1080 1932 regna,
1104 1848 1266 1912 calumnia
1288 1849 1397 1934 longe.

554 1951 661 2033 Musa,
686 1951 819 2029 monile,
843 1949 954 2029 decus,
979 1950 1104 2031 consul,
1127 1950 1186 2029 vir,
1209 1949 1333 2033 doctor,
1357 1951 1460 2036 origo,

554 2054 675 2136 Cornu,
697 2055 786 2140 vigil,
809 2060 944 2133 tectum,
968 2074 1109 2132 carmen,
1134 2054 1209 2134 mel,
1232 2054 1364 2140 occiput
1387 2055 1508 2133 album,

554 2159 594 2222 In
616 2179 694 2223 casu
717 2163 852 2222 currunt
874 2156 993 2241 raptim
1015 2157 1097 2221 haec
1120 2157 1331 2221 nominativo.

554 2261 623 2343 Sol,
646 2261 739 2340 allec,
762 2258 934 2344 Tanaquil,
957 2259 1055 2344 frugi,
1078 2280 1154 2323 nam
1175 2261 1274 2345 longa
1297 2260 1446 2325 facultas.

554 2364 621 2446 Sal,
644 2364 775 2443 animal,
799 2384 903 2445 cesar,
927 2363 987 2444 lar,
1009 2384 1164 2442 murmur,
1186 2362 1249 2444 lur,
1273 2370 1367 2449 pater
1389 2370 1422 2428 et
1444 2384 1512 2445 ver,

554 2469 623 2550 Lis,
645 2469 749 2550 fortis,
773 2467 925 2553 simplex,
948 2468 1047 2552 longa
1069 2471 1120 2530 est
1142 2466 1308 2542 disillaba;
1331 2466 1390 2533 scd
1412 2488 1477 2531 non

552 2572 669 2658 Longa
691 2571 772 2648 dies,
796 2571 887 2652 edes,
909 2571 1028 2657 parics,
1052 2591 1122 2656 pes,
1146 2570 1273 2651 sillaba,
1295 2590 1432 2650 merces,

552 2676 650 2742 Miles
674 2681 707 2740 et
730 2675 805 2739 alba
829 2695 925 2761 reges
949 2694 1102 2739 crescens
1125 2674 1292 2738 breviatur
1314 2673 1348 2738 in
1371 2694 1439 2739 cre.

558 2778 605 2843 Os
629 2779 695 2843 oris
717 2779 815 2864 longa
838 2785 899 2859 est,
922 2797 958 2843 os
982 2784 1015 2842 et
1038 2778 1123 2842 ossis
1147 2777 1206 2842 sed
1228 2779 1338 2843 brevis
1363 2784 1484 2845 exstet.

554 2881 722 2969 Competis
746 2903 789 2948 ex
813 2903 947 2968 compos
971 2881 1081 2946 brevis
1106 2888 1166 2962 est,
1191 2881 1250 2946 sed
1272 2883 1371 2968 longa
1392 2883 1533 2969 nepotis.

555 2985 670 3050 Virtus
692 2985 822 3050 virtutis
846 2986 945 3071 longa
967 2991 1019 3049 est
1041 2992 1172 3072 praeter
1193 2986 1289 3071 palus
1311 3005 1377 3050 una

553 3088 616 3154 Est
637 3089 765 3163 brevis;
788 3095 821 3153 at
844 3095 972 3175 pectus,
993 3090 1113 3175 vulgus
1137 3110 1211 3154 cum
1232 3095 1367 3175 pectore
1389 3090 1490 3175 vulgi.

550 3193 665 3258 Verba
688 3201 805 3258 sonant
828 3192 989 3278 quaedam
1012 3193 1180 3278 praesenti
1203 3193 1237 3256 in
1260 3198 1408 3279 tempore
1432 3194 1560 3280 raptim,

552 3297 619 3361 Sed
640 3297 765 3361 faciunt
787 3297 930 3360 morulas
953 3301 1119 3359 transacto
1142 3295 1176 3359 in
1199 3301 1347 3381 tempore
1370 3296 1496 3382 longas,

552 3399 644 3473 Quae
668 3401 782 3464 subter
805 3399 945 3463 collecta
968 3398 1100 3482 quidem
1122 3405 1277 3464 notantur
1299 3400 1332 3462 in
1355 3421 1466 3463 unum.

550 3503 646 3570 Nunc
668 3505 754 3589 lego,
778 3525 863 3569 nuno
886 3503 993 3583 video,
1016 3503 1111 3582 iccio,
1135 3503 1229 3568 faveo
1252 3525 1431 3588 roseoque.

552 3608 608 3673 Sic
630 3609 716 3688 iuro,
740 3609 787 3672 sic
810 3607 918 3688 fodec,
943 3629 1054 3687 caveo,
1077 3608 1184 3688 foveo,
1209 3630 1282 3674 sero
1307 3609 1416 3673 currit.

551 3713 631 3778 Mox
655 3733 740 3794 cmo,
762 3733 841 3776 mox
865 3712 947 3790 sino,
970 3732 1112 3796 moxque
1133 3733 1224 3790 caro,
1248 3713 1321 3776 lavo
1336 3733 1414 3776 mox
1431 3712 1582 3799 odioque.

552 3815 618 3881 Sed
641 3816 705 3901 egi,
729 3814 805 3896 vidi,
827 3815 902 3897 feci,
926 3836 999 3880 oum
1021 3815 1132 3880 lecero
1155 3816 1231 3894 lavi,

549 3917 593 3983 Et
616 3918 696 4000 sedi,
719 3919 797 4001 iuvi,
820 3917 898 3999 fodi,
921 3939 994 3982 oum
1017 3917 1130 3984 fodero
1155 3919 1238 4000 cavi,

467 4021 1258 4104 QOQfflmmffli

550 4124 625 4190 Hoc
649 4124 714 4206 odi,
737 4125 814 4206 fori,
838 4125 913 4206 lavi,
937 4146 1010 4189 cum
1035 4126 1145 4191 lavero
1168 4125 1273 4190 iunxi.

820 4245 967 4332 Explicit
990 4245 1052 4312 deo
1075 4247 1210 4331 gratias.

952 4569 1074 4635 cxlx.

804 4697 990 4770 VERSUS
1016 4695 1224 4770 ALCUINI.
1293 4738 1299 4750 =

550 4830 645 4895 Mens
668 4829 846 4894 tenebrosa
868 4836 973 4894 tumet
994 4831 1109 4895 mortis
1133 4830 1274 4894 obscura
1295 4827 1453 4908 tenebris,

550 4933 610 4997 Vir
633 4932 765 4997 humilis
789 4939 916 4996 maesta
939 4934 1067 4999 caelum
1091 4931 1281 4998 conscendit
1303 4931 1344 4996 ab
1368 4930 1467 5038 lrumo
1478 4931 1501 5013 ²,

538 5077 656 5084 *ο-
670 5075 862 5082 .—---—--—-
879 5076 885 5080 -
899 5076 1108 5082 -—--·-.--........
1142 5075 1209 5080 ..--.Ἰ
1242 5075 1415 5080 .-·----.-.-
1432 5073 1738 5081 --m—-Q—-n

258 5156 388 5228 [CXVlll]
423 5179 454 5211 ea·
472 5160 527 5210 cod.
544 5159 622 5210 Voa'c.
637 5159 729 5208 Clo-ist.
748 5176 800 5224 rep.
821 5157 886 5209 1587
906 5162 926 5218 s.
939 5155 963 5208 3⁴
1072 5155 1192 5208 Eouucti
1204 5159 1231 5221 ζ’,
1248 5158 1343 5208 iunctis
1361 5175 1427 5209 corr.
1446 5157 1558 5209 Froben.
1628 5157 1760 5208 breniatur
1777 5171 1844 5205 corr.

185 5244 399 5298 iabreuitaturO
465 5243 618 5313 Ghocoupat
635 5262 702 5295 eros.
721 5245 779 5308 er',
798 5245 900 5310 occiput
912 5263 978 5296 corr.
996 5243 1067 5294 Wott.
1139 5242 1172 5293 14
1184 5245 1246 5308 sto,
1265 5261 1296 5294 ex
1316 5244 1472 5296 cerastem
1542 5241 1576 5296 23
1589 5241 1846 5310 uuirpocriseruso

253 5329 360 5399 [cxlx]
395 5334 491 5383 Versus
509 5333 613 5384 Alcuini
631 5330 686 5382 cod.
705 5329 791 5381 Paria.
807 5327 876 5380 2788
893 5349 914 5382 a.
929 5332 974 5381 Xl.
991 5329 1075 5395 MS,
1099 5331 1203 5381 Alcuiui
1221 5347 1312 5381 uersus
1329 5330 1384 5380 cod.
1401 5330 1505 5382 Vercell.
1525 5332 1617 5382 LVlll.
1635 5327 1670 5380 39
1693 5346 1713 5380 r.
1732 5330 1773 5392 X,
1791 5328 1845 5379 rinc

183 5417 256 5466 ritulo
279 5418 334 5468 cod.
352 5418 456 5469 Monac.
484 5417 524 5482 (S.
543 5419 667 5483 Ειηπιετ.)
688 5415 771 5472 14ἳ37
790 5434 810 5467 a.
829 5419 861 5466 x.
873 5419 898 5483 s.
919 5415 977 5481 197,
992 5418 1047 5468 cod.
1067 5417 1140 5468 Rom.
1160 5417 1305 5468 obrutam
1322 5434 1374 5482 req.
1394 5414 1460 5468 1587
1478 5435 1498 5468 a.
1516 5419 1548 5468 X.
1566 5419 1587 5482 f.
1604 5413 1636 5475 4·,
1653 5415 1721 5468 edid.
1739 5431 1770 5466 ec
1788 5415 1844 5466 cod.

184 5501 257 5553 Bora.
272 5502 350 5554 Flore
362 5503 500 5568 (Iohannis
509 5504 579 5558 Secti
591 5523 649 5571 opp.
660 5522 689 5570 p.
699 5502 797 5568 XVII),
811 5504 1031 5570 mensemque
1045 5504 1144 5555 Potrol.
1160 5505 1227 5568 cxl,
1237 5501 1295 5554 678.
1375 5501 1483 5556 Emestc
1497 5503 1563 5554 ΗΜ
1572 5503 1630 5554 VB
1680 5503 1713 5554 ab
1732 5503 1805 5554 hoste
1815 5502 1849 5553 M

288 5638 395 5706 1)1ou
415 5639 487 5702 l‚36.
576 5639 604 5706 2)
627 5638 738 5692 Versum
755 5638 824 5691 2-8
848 5637 932 5691 tuias
953 5637 1084 5692 cuminis
1106 5636 1203 5691 modat
1223 5638 1403 5690 Gonmmtum
1421 5635 1598 5690 Einsidleme
1616 5636 1667 5704 (E)
1690 5637 1720 5691 io
1738 5637 1845 5693 Doara

183 5735 271 5786 ortem
287 5734 418 5788 culmem
436 5733 588 5798 (anecdota
607 5732 713 5788 Helori.
733 5731 774 5787 ed.
793 5732 895 5802 Hopec
908 5749 939 5802 p.
957 5732 1025 5800 227).

1583 5825 1637 5880 44⁸
