4694 6428
622 432 759 488 VERSUS
779 435 825 488 DE
843 436 994 491 SANC'l'lS
1013 437 1272 494 EUBORICENSIS
1292 440 1490 498 ECCLESIAE.

545 629 582 665 sss
639 609 717 693 Ipsa
740 631 879 696 namque
902 609 965 690 die,
989 632 1053 695 qua
1075 633 1157 696 gens
1182 621 1374 700 susceperat
1396 616 1463 697 illa,

639 711 806 777 Doctrinis
829 713 956 778 imbuta
979 715 1092 794 sacris,
1116 715 1324 801 baptismatis
1347 718 1477 800 undam,

638 816 820 883 Descendit
842 819 963 904 pluvia,
987 826 1021 883 ct
1044 819 1217 883 telluribus
1241 842 1321 885 aura
1345 845 1470 904 serena,

637 921 681 984 Et
704 929 809 986 terrae
834 920 930 985 rediit
953 923 1120 1007 specimen
1142 923 1357 990 viridantibus
1380 927 1482 1002 arvis;

638 1025 809 1110 Florigero
833 1025 939 1111 campi
963 1032 1156 1110 montesque
1180 1035 1336 1094 ornantur
1358 1032 1494 1096 amictu:

553 1155 557 1184 r
638 1128 790 1212 Frugifer
812 1128 964 1212 agricolis
989 1129 1189 1194 lactantibus
1212 1131 1334 1197 inditur
1355 1155 1470 1216 annus,

638 1230 743 1315 Inque
766 1230 864 1295 deum
887 1251 1003 1294 carnes
1027 1239 1216 1296 cunctorum
1239 1235 1403 1320 cordaque
1426 1238 1535 1302 vivum

638 1334 890 1413 Erubuerunt,
915 1334 1034 1398 cecinit
1056 1335 1141 1398 sicut
1164 1343 1261 1401 antea
1283 1337 1390 1403 David
1404 1343 1425 1422 ¹,

638 1438 768 1502 Gentius
791 1437 934 1502 aeternis
958 1437 1122 1502 inhiantes
1147 1447 1281 1524 pectore
1305 1441 1410 1524 donis,

638 1540 711 1615 Quo
735 1563 905 1627 sumpsere
929 1543 1019 1628 prius
1043 1542 1176 1607 sibimet
1198 1550 1329 1610 terrena
1352 1568 1411 1632 per
1433 1548 1535 1614 illum.

542 1667 580 1704 us
680 1645 746 1709 Hic
770 1667 898 1731 quoque
922 1645 1108 1730 compulsus
1130 1645 1269 1711 Romam
1292 1651 1491 1736 properabat
1514 1652 1615 1733 adire,
1679 1672 1710 1724 Β,
1732 1674 1805 1736 Vm.

640 1748 707 1813 Sed
729 1749 820 1834 prius
844 1756 895 1813 est
918 1750 1025 1813 ventis
1049 1749 1232 1814 Frcsonum
1254 1761 1367 1818 vectus
1391 1755 1424 1818 in
1448 1777 1533 1837 oras,
1717 1763 1780 1824 677

637 1853 747 1937 Atque
770 1853 816 1917 ibi
839 1874 916 1916 mox
938 1853 1050 1938 populi
1074 1856 1234 1918 convertit
1257 1856 1358 1920 millia
1381 1856 1522 1938 Christo,

638 1956 783 2021 Plurima
807 1962 986 2041 perpetuas
1010 1956 1238 2021 demonstrans
1262 1959 1347 2023 dona
1370 1961 1494 2024 salutis.

637 2058 681 2122 Et
703 2079 898 2145 quocunque
921 2059 1039 2144 pedem
1064 2061 1175 2140 movit,
1198 2061 1253 2146 pia
1276 2062 1403 2126 semina
1426 2065 1520 2134 sevit,

543 2183 581 2222 ao
637 2163 777 2228 Pectora
801 2162 1001 2249 perfundens
1025 2164 1152 2227 arentia
1176 2186 1248 2230 rore
1273 2187 1425 2251 superno,

639 2267 766 2351 Inclyta
789 2266 923 2330 caelesti
947 2266 1122 2352 complevit
1146 2275 1179 2331 et
1201 2268 1318 2334 horrea
1341 2269 1458 2350 fructu,

637 2371 680 2436 Et
703 2372 825 2436 celebri
848 2371 935 2436 fama
958 2372 1045 2436 laeto
1069 2372 1220 2436 laudatur
1242 2373 1275 2437 in
1299 2373 1388 2440 orbe.

637 2476 724 2540 Dum
748 2477 822 2562 pius
844 2475 925 2540 illud
948 2477 1012 2540 iter
1034 2477 1135 2560 gestit
1158 2471 1322 2562 complere
1347 2477 1511 2559 sacerdos,
1719 2486 1779 2547 'llll

636 2579 723 2645 Ecce
746 2586 883 2664 repcute
907 2579 969 2643 fuit
990 2579 1108 2643 morbo
1131 2581 1302 2664 perculsus
1324 2581 1455 2662 acerbo,

569 2707 580 2742 r
639 2684 768 2767 Perque
791 2682 862 2748 dics
885 2684 1005 2746 multos
1028 2681 1135 2747 valido
1160 2689 1328 2748 crescente
1351 2683 1464 2750 dolore

636 2785 737 2850 Venit
760 2785 800 2849 ad
825 2791 1008 2850 extremum
1033 2785 1182 2850 confecto
1206 2806 1341 2872 corpore
1364 2787 1472 2858 finem,

626 2881 694 2952 'nis
717 2889 877 2973 binosque
899 2887 969 2953 dies
994 2911 1093 2954 sensu
1116 2890 1187 2954 sine
1211 2891 1356 2976 corporis
1380 2891 1469 2955 omni

621 2991 807 3056 ¹Excmmis
830 2992 930 3056 iacuit
952 3014 1057 3079 paene
1081 2999 1114 3058 ct
1137 2994 1323 3078 spiraminis
1347 3013 1476 3068 exsors;

636 3095 728 3160 Voce
752 3116 877 3168 carens,
901 3097 1121 3181 membrisque
1145 3105 1291 3182 stupens,
1314 3097 1347 3160 in
1370 3103 1505 3182 pectore
1528 3105 1653 3164 tantum

549 3221 573 3258 m
639 3199 774 3282 Frigida
797 3199 853 3262 vix
876 3200 966 3263 tenui
990 3199 1083 3263 duxit
1107 3201 1246 3286 suspiria
1268 3200 1356 3264 flatu.

635 3303 798 3390 Discipuli
822 3305 901 3368 socii
926 3305 1058 3369 stabant
1081 3304 1157 3367 binc
1181 3303 1256 3367 inde
1278 3310 1461 3388 gementes,

636 3406 869 3492 Lugentesque
894 3408 944 3472 sui
966 3407 1063 3472 funus
1087 3406 1286 3471 lacrimabile
1310 3407 1422 3492 patris.

636 3510 736 3592 Ecce,
759 3511 812 3576 die
836 3512 951 3597 quinta
974 3512 1082 3576 subito
1106 3516 1201 3597 pater
1223 3511 1294 3595 ipse
1318 3509 1450 3586 resedit,

635 3615 745 3699 Atque
769 3616 883 3680 levans
907 3617 1031 3694 oculos,
1055 3616 1162 3679 socios
1186 3614 1359 3699 conspexit
1381 3621 1414 3678 et
1437 3614 1524 3678 iniit:

539 3739 562 3776 er
636 3717 733 3792 ‘Quid
757 3720 847 3782 iurat
870 3719 971 3782 atroci
995 3725 1121 3783 tantum
1144 3716 1315 3801 indulgere
1338 3716 1464 3781 dolori?

636 3821 698 3886 Oui
719 3823 799 3902 vult,
822 3822 1030 3908 omnipotens
1053 3822 1174 3908 poterit
1196 3823 1369 3885 mitescere
1391 3820 1501 3898 iudex,

635 3924 893 4011 Extremamque
916 3947 1036 3990 novum
1060 3926 1158 3989 vitam
1183 3932 1375 3990 convertere
1398 3925 1431 3988 in
1455 3932 1570 3990 ortum.

635 4029 784 4116 Namque
810 4051 904 4094 suum
928 4031 1074 4095 clemens
1096 4030 1242 4115 legatum
1265 4029 1354 4093 misit
1377 4029 1418 4094 ab
1441 4031 1549 4112 astris,

636 4130 701 4205 Qui
725 4139 863 4198 steterat
885 4133 981 4198 niveo
1005 4133 1140 4197 nimium
1162 4133 1350 4218 praeclarus
1372 4132 1509 4216 amictu·

638 4235 683 4299 Et
704 4235 783 4299 mihi
807 4236 1008 4320 flammigero
1031 4234 1196 4322 praedixit
1218 4235 1297 4299 talia
1319 4237 1427 4300 vultu:

635 4339 700 4403 ‘Me
723 4340 798 4425 pius
822 4340 1017 4404 altithronus
1039 4339 1236 4404 Michaelem
1257 4340 1347 4404 misit
1370 4338 1520 4426 Olympo,

635 4443 755 4508 Dicere
780 4443 866 4528 quod
889 4445 1003 4508 morbo
1026 4465 1112 4509 nunc
1136 4443 1374 4508 confortaberis
1397 4444 1471 4524 isto,

636 4546 700 4612 Pro
724 4548 849 4612 meritis
875 4556 1007 4614 sanctae
1031 4549 1143 4614 matris
1166 4548 1384 4634 precibusque
1408 4547 1543 4624 Mariae,

636 4649 727 4724 Quae
752 4652 904 4736 gemitus,
927 4653 1089 4726 lacrimas,
1113 4653 1276 4717 sociorum
1299 4659 1333 4717 et
1355 4657 1432 4716 vota
1453 4659 1582 4717 tuorum

568 4779 579 4814 c
636 4755 782 4820 Auribus
806 4777 824 4821 c
848 4757 930 4821 solio
954 4756 1091 4822 caelesti
1113 4755 1237 4821 audivit
1258 4757 1392 4842 apertis,

637 4858 831 4945 Deposcens
858 4859 988 4923 tibimet
1010 4859 1110 4923 vitam
1134 4861 1352 4944 simulatque
1377 4861 1526 4926 salutem.

637 4961 718 5026 Esto
742 4968 851 5027 tamen
875 4967 989 5046 quarto
1011 4962 1164 5026 veniente
1187 4968 1320 5047 paratus
1343 4962 1377 5027 in
1399 4983 1502 5038 anno;

638 5064 715 5151 Ipse
739 5085 801 5149 ego
825 5072 902 5129 tunc
926 5065 1044 5129 iterum
1067 5066 1198 5130 veniam
1221 5072 1254 5131 te
1277 5066 1395 5148 visere,
1418 5087 1492 5130 nam
1515 5073 1551 5131 tu

638 5167 802 5253 Tempore
827 5167 1002 5252 tranquillo
1026 5169 1151 5254 patriae
1174 5169 1323 5234 morieris
1346 5167 1380 5233 in
1403 5169 1489 5233 cris'.

544 5292 582 5331 ero
636 5271 815 5356 Angelicos
839 5270 988 5355 sequitur
1009 5271 1152 5336 monitus
1175 5293 1251 5336 mox
1274 5272 1342 5335 vita
1364 5271 1528 5356 salusque,

636 5372 794 5438 Necnon
818 5373 969 5459 expletos
992 5379 1069 5459 post
1091 5379 1231 5459 quatuor
1254 5372 1363 5438 exitus
1386 5393 1489 5436 annos

323 5595 375 5649 595
393 5617 444 5664 quo
465 5602 530 5653 Gale
634 5599 685 5652 618
703 5609 787 5654 extors
808 5603 873 5654 Gala
977 5597 1027 5652 637
1046 5601 1159 5652 venienti
1180 5600 1253 5663 Gale,
1271 5599 1389 5650 verrionte
1407 5599 1550 5652 emendarit
1567 5600 1717 5652 Frobeniao.

325 5735 351 5800 l)
370 5734 419 5789 Pa.
438 5735 480 5802 83,
498 5736 523 5789 3.
559 5735 600 5790 Et
616 5734 688 5790 baar
705 5715 811 5792 υἱνωηι
828 5752 863 5791 aa
881 5736 994 5792 Boedas
1011 5735 1130 5792 bistoria
1147 5735 1253 5790 sumet.
