4628 6428
1094 353 1240 410 ALCUINI
1260 353 1436 410 CARMINA.

1253 550 1273 593 x

805 631 868 705 Qui
892 633 934 696 ad
956 634 1064 697 lucem
1087 633 1164 698 fidei
1187 634 1297 717 nigros
1321 637 1527 696 converterat
1550 631 1660 710 Indos,

802 736 1076 801 Bartholomaeus
1098 736 1199 800 habet
1222 757 1380 822 praesens
1403 734 1465 797 hoc
1488 735 1657 819 apostolus
1681 735 1777 798 altar.

804 838 961 924 Martyrio
985 839 1117 922 fratres,
1140 863 1332 926 necnonque
1356 841 1558 927 parentibus,
1581 841 1630 903 illi

805 939 985 1005 Gervasius
1008 943 1076 1006 illic
1099 950 1197 1028 atque
1220 943 1389 1007 Protesius
1413 944 1528 1007 almus.

1253 1161 1283 1204 xr

806 1237 953 1325 Scriptor
975 1223 1189 1325 euangelicus
1213 1248 1324 1306 servet
1347 1243 1429 1306 hanc
1452 1242 1604 1306 Matheus
1628 1263 1725 1320 aram,

806 1340 979 1406 Cornelius
1003 1345 1136 1428 praesul
1158 1343 1309 1407 Romana
1331 1351 1365 1408 et
1383 1352 1506 1428 martyr
1528 1345 1561 1408 in
1583 1345 1674 1422 urbo,

805 1444 850 1507 Et
871 1445 972 1509 decus
995 1445 1149 1509 Afrorum
1173 1447 1367 1532 Cyprianus,
1391 1455 1513 1532 martyr
1536 1454 1570 1510 et
1593 1448 1659 1524 ine,

805 1547 893 1612 Ante
917 1546 1020 1633 pedes
1044 1569 1182 1632 quorum
1205 1549 1357 1612 lacrimas
1382 1551 1453 1636 spei
1476 1549 1612 1631 fundite,
1636 1550 1764 1613 fratres.

1116 1677 1173 1684 *-
1180 1678 1305 1684 .-.--,-
1314 1679 1362 1684 ...-

1247 1769 1290 1812 xn

806 1849 902 1913 Hanc
926 1849 1039 1913 Iacobi
1061 1852 1172 1942 frater,
1195 1851 1279 1915 hanc
1304 1850 1416 1914 Simon
1440 1851 1608 1936 apostolus
1632 1873 1719 1915 aram

806 1951 966 2031 Exornat,
989 1953 1115 2016 meritis
1139 1961 1172 2017 et
1196 1955 1326 2039 praesul
1348 1939 1496 2018 Hilarius
1519 1955 1634 2034 almus,

808 2053 1054 2138 Remediusque
1079 2056 1174 2119 simul
1197 2057 1396 2122 Francorum
1421 2057 1534 2120 doctor
1556 2063 1697 2120 amatus:

809 2153 856 2217 Hi
878 2155 1011 2240 pietatis
1035 2177 1097 2242 ope
1121 2156 1215 2220 nobis
1240 2159 1393 2242 suffragia
1417 2157 1558 2221 laudant.

1243 2373 1295 2416 xm

808 2452 984 2520 Thaddeus
1009 2455 1162 2540 egregius
1185 2454 1299 2519 doctor
1323 2455 1500 2541 Simonque
1524 2458 1681 2538 minister,

808 2556 987 2643 Presbyter
1010 2565 1042 2622 et
1065 2579 1141 2622 vero
1159 2557 1272 2622 dictus
1296 2560 1489 2644 cognomine
1512 2560 1619 2640 Felix,

809 2660 853 2724 Et
876 2661 1015 2725 Samson
1038 2661 1114 2725 fidei
1136 2662 1236 2726 decus
1260 2664 1435 2748 praefortis
1457 2664 1627 2742 honestae,

807 2763 903 2829 Hanc
925 2786 1016 2829 aram
1038 2764 1162 2850 pariter
1183 2766 1310 2829 meritis
1334 2772 1368 2830 et
1391 2772 1479 2830 tecta
1504 2774 1646 2831 tuentur.

1244 2983 1296 3026 inv

808 3065 939 3129 Praelia
961 3065 1017 3149 qui
1040 3065 1151 3129 muudi
1175 3067 1324 3130 vicerunt
1346 3088 1428 3153 pace
1452 3068 1604 3147 tonantis,

811 3167 974 3253 Martyres
998 3174 1031 3232 et
1054 3169 1165 3252 magui
1187 3190 1302 3232 mensa
1323 3171 1503 3253 iunguntur
1524 3170 1557 3232 in
1580 3171 1661 3232 ista:

809 3271 934 3335 Doctor
955 3270 1155 3356 Apollinaris
1178 3277 1364 3356 martyrque
1389 3271 1569 3355 Gregorius
1592 3274 1697 3336 almus

808 3373 1043 3457 Romanaeque
1065 3395 1147 3458 puer
1171 3422 1178 3436 .
1202 3424 1210 3438 .
1235 3423 1242 3436 .
1267 3423 1274 3436 .
1298 3374 1491 3438 Pancratius
1516 3374 1616 3439 urbis.

1249 3591 1291 3634 XV

808 3680 981 3759 Patricius,
1006 3679 1176 3744 Cheranus
1201 3681 1385 3746 Scottorum
1409 3683 1512 3767 gloria
1535 3685 1653 3767 gentis,

806 3785 915 3869 Atque
939 3782 1171 3860 columbanus,
1196 3782 1383 3869 (megellus,
1407 3786 1620 3850 Adomnanus
1644 3793 1752 3870 atque,

808 3886 974 3951 Praeclari
997 3892 1118 3972 patres,
1141 3909 1267 3951 morum
1290 3889 1443 3974 vitaeque
1466 3891 1626 3973 magistri,

808 3989 873 4054 Hic
897 3989 1051 4074 precibus
1074 3990 1179 4075 pietas
1203 3989 1320 4054 horum
1342 4012 1402 4055 nos
1427 3992 1559 4056 adiuvet
1582 4013 1705 4056 omnes.

1247 4217 1299 4260 XVl

686 4322 693 4342 ·
809 4303 1002 4390 Virginibus
1025 4306 1127 4369 sacris
1150 4326 1307 4392 praesens
1331 4307 1412 4372 haec
1435 4330 1492 4372 ara
1514 4308 1622 4372 dicata
1645 4315 1706 4384 est,

810 4407 955 4481 Quarum
978 4408 1066 4472 clara
1089 4408 1150 4472 fuit
1173 4407 1359 4472 Scottorum
1383 4411 1450 4474 vita
1473 4432 1532 4496 per
1553 4412 1661 4474 urbes.

808 4511 944 4596 Brigida
967 4511 1089 4574 femina
1113 4518 1234 4590 sancta,
1258 4512 1355 4574 simul
1379 4510 1509 4576 Christo
1532 4511 1584 4574 Ita
1606 4513 1726 4576 fidelis:

811 4614 951 4698 Hacque
975 4615 1116 4678 salutem
1138 4635 1198 4699 per
1222 4613 1377 4698 suffragia
1401 4623 1514 4678 sancta
1536 4616 1730 4679 ministrant.

1238 4829 1303 4873 XVll

807 4919 969 4984 Martinus
992 4920 1124 5005 praesul
1147 4927 1215 4983 toto
1240 4921 1437 4985 venerabilis
1462 4922 1551 4995 orbe,

807 5023 951 5086 Brictius
976 5028 1009 5085 et
1032 5022 1173 5085 famulus
1198 5021 1330 5099 Christi,
1354 5024 1427 5108 pius
1451 5031 1547 5108 atque
1572 5026 1739 5098 sacerdos,

808 5123 1131 5209 Christophorusque
1154 5125 1228 5209 pius
1253 5125 1369 5188 colitur
1392 5125 1453 5189 hac
1475 5134 1599 5210 martyr
1622 5129 1656 5191 in
1678 5131 1766 5193 aula:

807 5227 853 5290 Hi
876 5227 989 5312 templi
1013 5227 1199 5310 ingressum
1221 5228 1374 5312 precibus
1397 5234 1551 5293 tueantur
1573 5230 1614 5293 ab
1639 5232 1744 5297 hoste.

624 5367 1556 5378 -1--.....-.-——-——----——ae-—-—--——=——————-—-—
1569 5369 1629 5374 -ψ-
1641 5370 1718 5376 ----
1729 5372 1772 5376 .-.
1781 5373 1846 5377 --
1861 5375 1893 5378 -,

557 5453 618 5519 lllx]
637 5451 703 5504 4illi
717 5453 746 5517 Q,
764 5451 859 5502 illicF
961 5449 972 5514 ΙΙ
994 5450 1057 5516 [xm]
1078 5450 1245 5518 ldoctorquc
1262 5452 1290 5514 Q,
1308 5454 1395 5502 doctor
1409 5453 1546 5517 Simonque
1566 5454 1636 5505 ll‘ou
1746 5457 1757 5520 ll
1781 5454 1847 5520 lxlv]
1865 5455 1882 5505 4
1898 5458 1928 5507 'in
1952 5461 1976 5522 Q
1995 5467 2122 5530 sequitur

441 5555 554 5596 camaris,
571 5539 640 5601 quod
657 5557 738 5604 supra
752 5555 781 5602 p.
800 5535 850 5586 337
868 5539 942 5586 uxr
960 5538 1012 5586 iam
1029 5537 1162 5586 edidimus.
1244 5538 1255 5600 ll
1268 5535 1330 5601 [xvr]
1348 5535 1365 5586 3
1379 5537 1481 5601 Brigidn
1495 5547 1582 5589 sancta
1594 5541 1687 5590 femina
1705 5543 1806 5591 Christo
1823 5542 1900 5592 simul
1921 5543 1955 5594 irs
1976 5549 2069 5602 litlelis
2087 5554 2120 5618 Q,

442 5625 480 5672 lta
495 5624 567 5672 Wolt.
656 5621 672 5672 4
691 5626 761 5672 Haec
779 5623 853 5671 nohis
872 5621 901 5682 Q,
921 5624 1028 5686 llneque
1045 5622 1115 5671 Wolt.
1187 5623 1348 5684 ministrth
1445 5622 1455 5684 ll
1469 5621 1540 5688 [xvir]
1558 5623 1575 5674 3
1592 5626 1649 5692 pius
1666 5627 1759 5676 addidi
