4666 6406
546 427 684 486 VERSUS
703 429 750 485 DE
768 427 910 487 SANCTO
932 427 1122 497 QUlN'l'INO.
1158 429 1207 487 ΑΙ)
1225 429 1442 489 HLUDUICUM
1460 431 1593 490 REGEM.

607 605 774 692 Sanguine
798 606 854 692 qui
875 606 1006 694 proprio
1030 613 1082 671 est
1103 613 1266 672 mercatus
1290 609 1414 673 caelica
1435 629 1547 694 regna,

688 711 798 797 Atque
822 713 931 776 locum
955 711 1087 775 sibimet
1111 712 1190 776 emit
1211 713 1245 775 in
1267 733 1342 778 aree
1366 713 1444 799 poli.

605 813 707 878 Cuius
730 815 921 900 martyrium
945 813 1064 879 devota
1086 821 1196 880 mente
1220 815 1409 900 frequentet

526 939 549 975 ιο
693 917 794 982 Plebs
817 918 942 996 vivens,
967 938 1129 1003 quaerens
1153 923 1186 982 et
1209 918 1402 1004 peregrinus
1426 940 1532 1004 opem.

605 1020 695 1094 Quos
717 1041 879 1087 memores
902 1022 1007 1085 nostri
1028 1021 1191 1086 Fulradus
1215 1043 1354 1086 cernuus
1377 1029 1464 1108 opto,

688 1123 735 1187 Ut
757 1124 861 1187 vestri
884 1143 1015 1210 semper
1037 1122 1080 1187 sit
1101 1145 1227 1190 memor
1248 1125 1320 1210 ipse
1343 1124 1434 1190 deus.

859 1345 1269 1363 —-.—-.-4——

985 1606 1145 1671 XXXIX.

597 1750 803 1836 EIUSDEM
830 1751 895 1823 AD
923 1749 1210 1824 HLUDUICUM
1237 1749 1536 1824 VALEDICTIO.

603 1899 667 1973 Qui
689 1901 775 1985 regit
797 1921 884 1982 arva,
907 1902 1020 1986 polum
1043 1899 1102 1965 tibi
1126 1901 1178 1976 sit,
1201 1921 1272 1980 rex,
1295 1900 1404 1965 fautor
1424 1901 1557 1988 ubique,

685 2004 797 2089 Teque
820 2004 912 2068 iuvet
934 2023 1074 2089 semper,
1098 2004 1153 2088 qui
1176 2003 1261 2087 regit
1284 2024 1371 2083 arva,
1395 2006 1517 2089 polum.

602 2105 666 2179 Qui
688 2107 750 2171 tibi
772 2113 903 2192 sceptra
925 2105 1025 2186 dedit,
1048 2106 1135 2170 vitae
1158 2105 1214 2170 det
1236 2112 1384 2192 tempora
1406 2109 1514 2193 longe,

683 2209 811 2275 Gaudia
834 2210 1004 2290 concedat,
1028 2210 1083 2295 qui
1105 2211 1166 2275 tibi
1190 2219 1321 2296 sceptra
1343 2210 1442 2276 dedit.

532 2337 544 2374 s
605 2312 673 2379 Sub
696 2319 753 2377 tua
774 2314 846 2377 iura
867 2312 949 2378 deus
973 2313 1064 2378 dedit
1087 2312 1254 2399 Europeia
1277 2335 1389 2399 regne,

685 2415 805 2480 Totum
828 2416 940 2480 orbem
963 2417 1100 2482 inclinet
1122 2416 1264 2481 subtus
1286 2418 1359 2481 iura
1381 2417 1475 2484 deus.

599 2518 645 2583 Ut
667 2519 789 2605 premis
812 2519 883 2604 ipse
900 2519 1014 2596 feras¹,
1038 2521 1197 2606 reprimas
1222 2521 1268 2585 sic
1292 2521 1433 2585 barbare
1455 2522 1549 2600 collo,

680 2623 895 2708 Hesperiam²
918 2623 1087 2708 reprimes,
1110 2629 1147 2687 ut
1168 2624 1290 2710 premis
1313 2624 1384 2709 ipse
1407 2624 1504 2689 feras.

599 2725 646 2790 Ut
667 2726 729 2790 tibi
751 2725 837 2790 cedit
859 2747 948 2811 aper,
971 2726 1107 2791 Maurus
1131 2726 1192 2790 tibi
1215 2725 1310 2792 cedat
1331 2727 1516 2813 Arebsquc,

518 2850 543 2888 10
690 2828 841 2893 Sarmata
865 2830 1070 2909 subcumbet,
1094 2835 1130 2894 ut
1152 2829 1214 2894 tibi
1238 2829 1325 2895 cedit
1347 2851 1437 2916 aper.

600 2929 694 2994 Colla
716 2929 859 3016 superbe
881 2938 979 3012 teras,
1004 2938 1118 2996 anates
1140 2937 1177 2995 ut
1199 2931 1294 2995 turba
1316 2951 1480 3018 caporum,

677 3034 839 3100 Anserem
861 3041 898 3098 ut
919 3035 1085 3121 accipiter,
1109 3037 1194 3099 colle
1217 3036 1358 3120 superba
1380 3043 1478 3101 teras.

600 3136 730 3202 Gaudia
753 3138 821 3203 sive
844 3137 934 3201 iocos
957 3138 1038 3202 istos
1061 3145 1197 3202 aeterna
1219 3144 1407 3223 sequentur,

682 3240 781 3305 Ferte
805 3261 863 3325 per
886 3240 1069 3305 inmensum
1093 3240 1213 3325 gaudia
1236 3241 1305 3306 sive
1329 3241 1429 3306 iocos.

517 3365 540 3402 n
601 3342 715 3408 Gratia
737 3363 855 3428 magna
877 3341 931 3406 dei
953 3343 1041 3408 vitae
1066 3343 1128 3408 tibi
1150 3365 1287 3409 munera
1309 3344 1440 3430 pandat,

681 3447 729 3513 Te
752 3452 846 3532 regat
869 3452 966 3531 atque
991 3453 1083 3532 tegat
1105 3448 1211 3532 gratie
1235 3469 1355 3532 magna
1378 3448 1441 3513 dei.

598 3551 726 3616 Gaudia
748 3552 847 3636 longa
869 3550 1004 3632 habeas,
1028 3550 1241 3636 gaudensque
1264 3551 1463 3637 perenniter,
1487 3573 1505 3615 o
1528 3573 1597 3632 rex,

676 3654 759 3720 Oum
782 3655 883 3741 prole,
897 3661 994 3740 atque
1018 3654 1114 3719 domo
1137 3655 1258 3740 gaudia
1280 3656 1379 3740 longa
1400 3655 1534 3724 habeas.

596 3758 646 3824 Tu
669 3759 768 3824 decus
796 3759 1016 3843 omnigenum,
1039 3759 1237 3844 longamque
1260 3764 1372 3822 teneto
1396 3759 1534 3823 salutern

514 3887 540 3924 20
685 3863 768 3928 Cum
791 3865 879 3928 clero
903 3868 937 3928 et
958 3864 1090 3949 populo,
1114 3869 1150 3927 tu
1172 3861 1273 3928 decus
1298 3863 1517 3946 omnigenum.

594 3967 680 4032 Nam
702 3973 760 4032 tua
781 3973 875 4053 grata.
898 3968 986 4032 selus
1011 3967 1083 4032 istis
1106 3973 1157 4032 est
1179 3967 1291 4032 lumen
1315 3966 1438 4045 ocellis,

679 4071 741 4136 Est
764 4070 906 4157 optanda
927 4072 1022 4136 bonis
1046 4093 1121 4136 nam
1144 4079 1202 4135 tue
1224 4078 1318 4156 grata
1341 4073 1439 4136 selus.

595 4175 704 4241 Macte
728 4174 829 4240 decus
852 4175 976 4261 populi,
1001 4173 1123 4239 Oeesar
1147 4174 1324 4240 fortissime
1348 4180 1463 4254 macte,

679 4278 797 4344 Inclita
819 4285 951 4364 sceptra
973 4285 1100 4360 tenens,
1124 4285 1230 4344 macte
1253 4277 1354 4343 decus
1377 4277 1501 4364 populi.

513 4407 538 4442 ss
598 4383 818 4468 Induperator
839 4403 901 4448 ave
925 4384 1061 4467 longum
1083 4382 1248 4447 tribuente
1272 4387 1416 4462 tonante,

678 4485 779 4551 Sume
802 4506 912 4550 meum
934 4486 1040 4550 laetus
1064 4485 1277 4570 induperator
1299 4505 1369 4548 eve.

580 4663 1002 4670 ———-.—.-..—..-...-
1021 4663 1137 4669 .—....
1144 4662 1251 4668 ---.›-
1475 4661 1772 4667 —....—-.-.-—--.-.-—.......

297 4779 428 4848 [XXXIX]
447 4783 568 4833 Eiusdem
584 4782 616 4832 ad
634 4782 781 4832 Ludnioum
799 4781 976 4832 valedIctioH
989 4783 1008 4841 s.
1022 4777 1072 4846 30¹,
1091 4782 1123 4832 ad
1135 4781 1255 4832 Cerolum
1274 4782 1449 4848 imperatorem
1464 4778 1543 4831 Sirm.
1560 4797 1586 4844 p.
1600 4775 1653 4829 270
1671 4781 1686 4830 l.
1701 4781 1737 4829 VI
1756 4797 1776 4830 c.
1789 4781 1876 4830 XXVI

228 4864 243 4916 1
263 4869 327 4930 Quis
345 4884 409 4934 egos
427 4877 458 4919 nt
474 4885 538 4919 arua
556 4867 589 4918 H
687 4863 705 4917 3
722 4869 801 4918 vitam
821 4864 856 4918 H
954 4864 972 4917 4
989 4868 1112 4919 concedat
1128 4884 1217 4933 separa
1235 4867 1304 4918 dedit
1321 4866 1355 4916 H
1453 4864 1470 4917 6
1488 4869 1578 4917 Totam
1597 4865 1631 4914 H
1733 4862 1748 4914 7
1767 4868 1834 4917 feros
1853 4867 1887 4916 H
1970 4853 1975 4864 ’

229 4949 264 5003 10
280 4953 394 5004 Sermata
412 4952 445 5002 H
563 4949 596 5003 12
614 4954 656 5002 An
673 4954 756 5004 furem
775 4953 810 5002 H
927 4949 960 5004 13
978 4954 1027 5004 sibi
1044 4953 1114 5004 iocos
1129 4953 1163 5002 H
1245 4959 1385 5019 sequentur
1402 4952 1435 5002 H
1547 4949 1581 5002 14
1598 4951 1693 5018 gaudia
1711 4967 1739 5002 so
1756 4968 1834 5002 voces
1853 4951 1887 5001 H

229 5035 334 5089 15-18
352 5056 399 5089 om.
412 5039 447 5088 H
534 5036 567 5088 19
587 5055 661 5089 omne
679 5039 739 5105 iuge
752 5037 785 5088 H
871 5035 905 5089 20
923 5041 990 5090 Τιιιιι
1008 5041 1077 5091 claro
1094 5048 1120 5091 et
1137 5039 1197 5106 oppl
1210 5039 1244 5089 H
1290 5030 1291 5033 ¹
1310 5055 1385 5090 omne
1403 5038 1465 5104 inge
1478 5037 1510 5087 H
1602 5035 1635 5086 21
1653 5037 1742 5088 lumen
1760 5039 1841 5089 celius
1853 5037 1884 5086 H

226 5120 261 5174 22
279 5124 389 5176 obtanda
407 5124 440 5174 H
538 5120 573 5172 23
592 5125 728 5175 fortissime
746 5124 824 5176 ιιιιῐιι3
842 5123 921 5175 Sirm.
1025 5123 1060 5177 25
1077 5127 1141 5177 sbae
1154 5125 1189 5175 H

329 5309 357 5377 1)
378 5308 421 5378 Cf.
449 5309 570 5379 Thecani
595 5311 679 5364 vitem
698 5310 862 5365 Hludoroici
884 5310 948 5380 imp.
967 5326 989 5366 c.
1003 5311 1036 5364 19
1060 5311 1127 5364 Erat
1145 5311 1219 5365 enim
1301 5309 1421 5364 creontis
1439 5308 1608 5372 fortissimis,
1633 5308 1674 5362 ita
1691 5312 1725 5363 ut
1743 5310 1837 5364 nullus
1855 5312 1881 5364 ei

227 5411 256 5464 in
275 5429 340 5466 arcu
353 5412 398 5466 vel
410 5411 508 5496 lancea
523 5411 684 5481 sagittando
697 5412 879 5482 aequiperare
890 5415 1002 5482 poteret
1024 5413 1110 5468 ...ln
1122 5429 1217 5467 mense
1229 5415 1323 5467 eutem
1335 5414 1472 5482 Augusto,
1489 5394 1604 5480 ‘quando
1618 5413 1691 5467 cervi
1705 5413 1881 5484 pinguissimi

227 5518 303 5578 sunt,
322 5515 622 5578 venationevacabat,
640 5533 727 5584 usque
746 5515 812 5570 dum
830 5534 960 5587 aprorum
979 5520 1089 5588 tempus
1108 5517 1267 5572 advenerat.
1354 5515 1383 5584 2)
1401 5517 1420 5570 i.
1439 5533 1460 5569 r.
1480 5514 1660 5585 Hispaniam.
1747 5517 1774 5584 3)
1794 5517 1882 5572 Edere

229 5617 337 5686 (Gesclt.
365 5619 414 5672 der·
430 5618 517 5674 Liter.
536 5619 583 5672 des
602 5617 668 5670 MA.
686 5621 729 5685 ΙΙ,
745 5619 791 5688 81)
813 5619 863 5674 ltoc
886 5621 1018 5676 vocobulo
1036 5623 1117 5676 ‘nole’
1133 5622 1254 5692 prodero
1271 5620 1378 5687 nititur,
1396 5619 1447 5672 doc
1468 5634 1577 5672 carmen
1591 5618 1691 5674 Coreto
1707 5620 1769 5672 virro
1786 5637 1813 5674 o.
1830 5621 1883 5675 813

225 5722 365 5776 condilum
383 5739 450 5788 esee,
468 5727 498 5776 ot
516 5723 622 5776 ‘macic'
636 5723 737 5792 potius
755 5723 896 5792 tapetiolum
913 5725 1029 5780 videtur.

1621 5815 1676 5868 el*
1693 5817 1694 5820 ’
