4628 6428
698 427 737 484 IN
756 429 902 484 SACRUM
920 428 1124 484 BIBLIOltUM
1144 427 1312 485 CODICEM.

543 604 668 690 Impius
692 609 749 668 aut
771 603 872 669 lrater
895 604 1087 668 sceleratam
1111 604 1269 688 sauguine
1292 603 1441 669 dextram

626 707 785 772 Fraterno
809 709 960 793 impleret
983 729 1041 772 our
1062 709 1194 793 pietatis
1217 709 1322 794 inops.

542 809 623 874 Post
646 810 744 874 etiam
767 811 888 874 retinet
910 831 1063 875 numeros
1087 819 1120 875 et
1142 813 1274 876 nomina
1296 817 1435 898 patrum,

627 913 815 980 Sacelorum
838 937 898 1000 per
919 935 1000 998 quos
1023 915 1101 980 crdo
1125 916 1266 979 cucurrit
1289 936 1400 980 ovans.

460 1041 485 1078 rs
546 1019 628 1085 Inde
651 1019 741 1095 Noc,
765 1020 895 1104 requies
918 1019 1041 1096 mundi,
1065 1021 1128 1084 iam
1152 1019 1298 1082 noscitur
1319 1020 1435 1098 almus,

627 1125 789 1211 Tempore
814 1125 873 1188 sub
898 1126 990 1189 cuius
1013 1125 1076 1189 iam
1101 1125 1308 1188 cataclismus
1332 1131 1411 1200 erat,

542 1227 630 1293 Dum
652 1235 742 1292 natat
765 1249 841 1292 arca
863 1228 916 1292 dci
939 1229 1076 1314 pelago,
1101 1251 1177 1314 spes
1201 1229 1304 1292 altera
1327 1225 1448 1306 mundi,

623 1331 739 1416 ¹'Potius
763 1338 796 1396 et
820 1333 899 1396 secli
923 1333 1013 1417 prole
1036 1333 1164 1418 repleta
1186 1331 1293 1397 simul.

544 1432 677 1498 Extruit
700 1435 882 1498 inmensam
905 1434 1090 1500 damnanda
1113 1433 1266 1520 superbia
1288 1441 1423 1513 turrem,

463 1559 488 1596 ro
634 1538 699 1603 Pro
723 1560 787 1623 qua
809 1538 965 1603 dividitur
988 1559 1130 1602 consona
1153 1559 1218 1602 vox
1240 1537 1417 1602 hominum.

544 1641 627 1705 Turn
651 1647 745 1727 pater
767 1641 910 1706 Abraam
935 1643 1017 1706 caeli
1040 1642 1124 1706 bene
1148 1641 1263 1706 doctus
1287 1641 1450 1720 incastris,

629 1743 690 1808 Cui
712 1746 893 1831 promissus
917 1752 987 1809 erat
1010 1746 1096 1809 filius
1120 1746 1191 1831 ipse
1214 1743 1279 1808 dei.

546 1847 657 1912 Exilia
679 1848 754 1912 hinc
777 1849 883 1928 Isaac,
907 1848 1006 1913 Iacob
1031 1870 1159 1933 quoque
1182 1850 1281 1933 longa
1303 1850 1467 1933 leguntur,

627 1950 757 2036 Perque
781 1959 892 2037 patres
916 1952 967 2015 bis
991 1974 1050 2016 son
1074 1952 1182 2037 gentis
1205 1952 1297 2036 origo
1321 1973 1444 2016 sacrae.

464 2077 489 2114 ss
547 2053 710 2119 Venditur
733 2054 808 2118 hinc
831 2055 967 2118 fratrum
991 2055 1115 2119 scelere
1139 2059 1173 2119 ct
1195 2076 1278 2140 puer
1299 2054 1439 2140 inclytus
1462 2060 1533 2118 atro

628 2157 750 2243 Ioseph
774 2158 807 2221 iu
830 2157 1036 2243 Aegyptum,
1060 2164 1152 2242 patre
1175 2157 1307 2222 dolente
1330 2157 1400 2243 pio;

545 2261 609 2335 Qui
633 2261 726 2346 regui
749 2268 800 2326 est
823 2261 931 2325 subito
954 2261 1061 2325 factus
1084 2260 1124 2325 de
1147 2280 1278 2324 carcere
1301 2265 1418 2338 rector,

627 2363 670 2428 Et
693 2385 766 2428 cum
789 2366 881 2450 prole
905 2371 1031 2450 patrem
1056 2365 1150 2428 duxit
1171 2365 1204 2427 iu
1227 2385 1305 2427 arva
1329 2363 1450 2429 (lesen.

416 2541 421 2558 1
547 2467 701 2532 Continet
724 2468 807 2533 hacc
831 2467 970 2532 Genesis
994 2469 1117 2554 pariter
1139 2467 1223 2531 liber
1246 2467 1354 2532 omnia
1376 2468 1510 2555 primus,

464 2592 489 2631 co
631 2570 745 2656 Usque
769 2571 830 2635 fuit
851 2571 973 2656 Ioseph
996 2571 1111 2634 mortis
1134 2591 1245 2634 amara
1267 2569 1349 2634 dies.

545 2675 627 2739 Post
650 2677 742 2739 cuius
766 2682 903 2739 mortem
927 2675 1055 2738 Pharao
1080 2697 1139 2738 rex
1162 2674 1281 2759 impius
1304 2674 1389 2738 alter

627 2779 779 2864 Inposuit
801 2778 932 2842 famulis
955 2778 1086 2842 vincula
1109 2777 1191 2841 dura
1212 2776 1275 2840 dci.

547 2882 626 2946 Post
649 2881 785 2945 Exodus
809 2881 909 2945 habet
932 2882 1092 2966 praeclari
1116 2889 1263 2966 tempora
1286 2859 1420 2966 Moysis,

633 2984 696 3058 Qui
719 2984 894 3048 mandante
919 2983 980 3048 deo
1004 2983 1072 3047 dux
1094 2982 1156 3046 fuit
1180 2983 1213 3046 iu
1236 2983 1369 3069 populo,

464 3109 489 3148 cs
548 3087 692 3153 Fortiter
715 3087 859 3152 educens
883 3088 1028 3172 Aegypti
1051 3093 1086 3152 et
1108 3093 1206 3171 geute
1230 3085 1374 3171 maligna

629 3189 758 3275 Perque
783 3190 888 3255 decim
912 3191 1028 3275 plagas
1051 3190 1184 3275 agmina
1207 3195 1319 3253 sancta
1342 3189 1407 3254 dei.

545 3292 625 3377 Egit
647 3293 709 3356 iter
731 3294 871 3378 populus
896 3294 992 3357 siccis
1015 3314 1114 3378 super
1137 3312 1279 3375 aequora
1301 3292 1422 3377 plantis

633 3394 811 3461 Cantantes
835 3397 965 3460 domino
990 3398 1135 3461 carmina
1157 3396 1315 3460 lactitiae.

548 3499 635 3564 Hinc
658 3497 735 3562 data
756 3501 812 3563 lex
835 3500 942 3564 iuerat
966 3500 1066 3585 Synai
1090 3501 1130 3566 de
1154 3501 1276 3566 vertice
1300 3499 1389 3564 celso

466 3625 491 3663 rc
632 3603 671 3666 In
696 3603 816 3667 tabulis
841 3610 954 3666 sancto
978 3604 1100 3690 scripta
1122 3603 1177 3669 dei
1200 3603 1312 3688 digito,

549 3706 654 3780 Quam
679 3706 783 3770 turbis
807 3705 1147 3772 retulitdcsoendcns
1170 3707 1293 3770 vertice
1318 3704 1449 3786 montis²

633 3810 779 3875 Comuta
801 3810 884 3875 facie
908 3810 1026 3896 legifer
1048 3811 1120 3897 ipse
1144 3811 1232 3897 pius:

546 3915 663 4000 Longa
686 3913 817 3998 quidem
841 3915 998 3999 populum
1021 3914 1075 3978 vix
1098 3936 1158 4001 per
1181 3913 1311 3978 deserto
1332 3917 1506 3996 vagantem

631 4016 781 4082 Condere
804 4017 1011 4104 praecipiens
1036 4019 1119 4082 atria
1142 4023 1254 4082 sancta
1277 4016 1350 4095 deo,

467 4143 491 4181 rs
550 4119 633 4186 Cum
656 4121 798 4200 mensis,
821 4121 924 4199 vasis,
948 4120 1070 4185 tabulis
1094 4121 1190 4185 simul
1214 4126 1312 4205 atqua
1333 4117 1488 4198 lucemis‚

633 4222 819 4310 Sanctaque
842 4231 1046 4306 sanctorum,
1069 4246 1133 4310 quc
1157 4223 1219 4289 luit
1241 4244 1316 4287 arca
1338 4221 1409 4297 dei;

548 4327 629 4393 Inde
654 4327 859 4393 sacerdotum
882 4326 1041 4394 describit
1062 4330 1097 4392 iu
1119 4327 1231 4393 ordine
1256 4328 1373 4406 cultus,

629 4430 680 4495 Ac
702 4431 874 4496 levitarum
896 4431 1013 4496 tertius
1036 4432 1108 4517 ipsc
1131 4430 1225 4512 liber,

550 4536 713 4620 Tempora
736 4541 922 4600 sanctorum
948 4535 1114 4600 currentia
1136 4533 1221 4599 leste
1242 4533 1369 4599 dierum

468 4661 493 4698 sc
633 4638 677 4703 Et
699 4644 809 4704 vestes
832 4639 945 4703 Aaron
967 4638 1224 4724 progeniemque
1248 4657 1383 4701 sacram.

550 4741 711 4807 Scribitur
732 4742 765 4807 in
788 4749 903 4827 quarto
925 4762 1132 4808 numerorum
1155 4741 1302 4805 misticus
1325 4727 1414 4820 ordo,

631 4844 696 4908 Per
718 4845 823 4910 tribus
846 4852 880 4910 et
901 4852 1024 4910 turmas
1048 4865 1175 4909 summa
1196 4842 1250 4907 dei
1272 4843 1403 4928 populo.

550 4945 681 5009 lllistica
704 4945 762 5010 scd
785 4945 920 5010 Balaam
944 4947 1082 5012 senioris
1105 4944 1207 5010 verba
1229 4942 1420 5029 prophetae,

633 5047 723 5112 Vera
746 5048 866 5113 cadcus
889 5050 1019 5135 quinam
1044 5048 1182 5134 plurima
1205 5045 1415 5132 praececinit.

469 5171 494 5208 as
552 5147 714 5223 Quattuor
735 5151 809 5215 hine
833 5151 942 5216 decies
965 5173 1024 5238 per
1046 5157 1140 5214 vasta
1163 5148 1293 5214 silentia
1315 5147 1438 5226 mundi,

635 5252 768 5318 Erravit
791 5255 906 5320 sitiens
929 5255 1024 5342 plebs
1046 5252 1198 5319 malefida
1219 5250 1292 5316 deo.

287 5475 323 5528 45
339 5479 399 5528 ulmi
415 5477 439 5526 V
554 5475 589 5530 46
607 5487 675 5530 cerat
691 5479 715 5527 V
826 5475 859 5531 47
878 5496 940 5546 arga
955 5477 979 5528 V
1053 5480 1157 5546 pelagos
1176 5477 1200 5526 V
1316 5473 1352 5526 48
1368 5476 1456 5526 'lotias
1476 5475 1500 5524 V
1611 5472 1647 5526 50
1664 5475 1805 5526 diduiditur
1821 5473 1845 5522 V

185 5561 220 5613 {ab
238 5563 353 5616 uinditur
369 5563 393 5612 V
445 5563 515 5628 incly
534 5563 561 5628 V,
580 5565 684 5616 inclitus
696 5565 745 5630 Br,
763 5566 875 5632 inclytus
887 5565 1019 5616 Botisbom
1117 5563 1151 5614 58
1168 5581 1248 5631 gosen
1265 5563 1293 5626 V,
1310 5579 1390 5630 gosan
1402 5561 1442 5613 Br
1455 5561 1480 5612 R
1580 5558 1615 5612 62
1632 5564 1686 5613 Iam
1704 5559 1841 5628 posuitBr

186 5649 220 5700 65
238 5650 300 5700 irasc
311 5657 388 5716 ganto
406 5647 433 5713 V,
451 5656 477 5700 et
493 5657 570 5715 gente
582 5649 622 5700 Br
752 5649 786 5702 lili
804 5651 890 5702 docem
902 5650 943 5701 Br
1063 5647 1097 5702 67
1116 5651 1187 5702 Fooit
1204 5651 1252 5700 iter
1263 5649 1304 5699 Br
1434 5645 1469 5699 69
1486 5646 1552 5698 sinai
1564 5645 1605 5697 Br
1695 5648 1805 5700 nauticas
1821 5645 1845 5696 V

186 5733 219 5786 72
238 5736 317 5786 saclas
336 5734 361 5782 V
477 5730 510 5784 73
536 5737 638 5802 populls
657 5735 681 5784 V
779 5735 812 5787 81
841 5737 910 5788 misti
927 5737 1003 5788 cordo
1020 5735 1044 5786 V

255 5826 359 5880 Porrus
371 5841 455 5878 mmm
467 5840 527 5878 srvi
539 5825 665 5880 Canourm
681 5829 700 5880 L
1255 5815 1260 5820 ¹
1600 5825 1634 5880 37
