4574 6442
399 442 457 502 154
1053 433 1202 488 succum
1220 431 1396 488 assumi.

392 609 609 690 familiaribus
630 609 699 672 suis
715 607 892 688 prolific-ari
905 606 1029 683 solebat,
1050 607 1207 687 prooemia
1221 607 1269 670 uel
1284 605 1523 685 subscriptiones
1535 605 1685 670 tilmorum
1694 604 1863 684 praecipue
1875 603 2053 680 bibliorum,

394 714 437 776 ad
456 733 536 794 acme
565 711 688 774 tandm
717 710 865 774 accedunt
891 710 1000 791 bpumi
1026 710 1176 772 nonnulli
1202 709 1287 773 sacri
1299 711 1319 787 ¹,
1349 710 1542 790 aenipmata,
1568 713 1733 790 maecopta
1755 709 1892 786 urinandi,
1919 709 2053 775 similia.

397 814 476 881 Cum
495 815 568 896 fieri
589 833 651 878 non
668 815 823 894 potuerit,
850 813 885 877 id
913 813 996 893 quod
1024 813 1159 876 manime
1180 816 1356 892 comiatum
1379 816 1470 889 esset,
1500 817 1535 874 ut
1556 813 1662 875 ounn'o
1683 811 1756 875 baec
1778 813 1934 890 carmina,
1969 834 2053 893 quac

393 919 567 982 amieriam
588 921 683 997 parte
710 921 879 996 terciporum
907 917 990 980 iretis
1016 917 1141 979 cornino
1168 920 1288 992 areu,
1319 917 1398 979 serie
1426 936 1505 995 pirae
1532 915 1649 978 dieitur
1675 916 1888 996 clironelopica
1912 916 2052 991 edamus,

393 1022 545 1085 Frobenil
559 1021 689 1102 vestipia
701 1020 855 1100 persancti
875 1019 1040 1083 seeundum
1063 1023 1247 1100 arpnmenta
1266 1019 1372 1099 petius
1393 1019 1429 1081 in
1451 1018 1591 1081 mulinum
1605 1017 1742 1098 redibere
1758 1018 1847 1081 nabis
1856 1020 2052 1098 propesitum

393 1130 447 1188 est.
508 1123 691 1188 Macimum
731 1122 840 1185 borccm
883 1123 1058 1186 miroslaum
1098 1143 1243 1186 aceruum
1278 1121 1375 1185 edidit
1411 1143 1442 1184 a.
1482 1125 1563 1184 1617
1600 1121 1636 1184 in
1678 1119 1871 1185 CCLXXII
1904 1140 2053 1184 nutrieras

394 1227 595 1290 distributum
628 1224 778 1288 Andreas
816 1226 1027 1306 Quicrcetanus
1062 1224 1114 1310 (p.
1145 1223 1386 1309 1673-1744)
1425 1246 1466 1288 ex
1505 1225 1638 1308 antiquo
1673 1223 1786 1287 codiee
1828 1225 2051 1289 bibliothecae

394 1330 428 1394 S.
452 1329 595 1408 Bertini,
632 1350 696 1413 quo
735 1327 798 1390 lrui
834 1329 926 1392 licuit
954 1350 1015 1415 ope
1044 1350 1082 1392 ae
1112 1328 1273 1393 beneficio
1296 1327 1338 1390 V.
1361 1327 1403 1390 D.
1435 1327 1548 1391 lucebi
1572 1327 1749 1402 Sirmondi,
1781 1347 1870 1406 quem
1903 1349 1971 1392 curru
1993 1332 2053 1392 aut

393 1432 559 1513 deperiisse
589 1435 646 1494 aut
680 1431 801 1494 iamdiu·
835 1431 998 1494 evanuisse
1030 1450 1220 1511 summopere
1248 1429 1419 1506 doleamus,
1457 1429 1619 1492 editionem
1654 1429 1742 1493 illam
1776 1431 1948 1510 principem
1981 1451 2053 1494 minc

392 1535 549 1600 Frobcnio
569 1535 606 1598 in
627 1533 831 1614 tundarnento
853 1535 1030 1598 collocemus
1052 1537 1177 1614 aaut.
1225 1533 1301 1599 Cum
1324 1551 1394 1596 vero
1417 1532 1451 1593 in
1473 1532 1571 1596 culice
1585 1533 1642 1595 illo
1656 1534 1798 1596 coracina
1810 1535 1960 1614 pleraque
1981 1535 2053 1597 sine

393 1639 484 1704 titulo
506 1639 655 1702 contiuua
676 1637 756 1700 serie
776 1655 808 1698 se
830 1635 1097 1716 subsequerentur,
1124 1636 1164 1699 ab
1185 1635 1314 1712 editore,
1343 1635 1398 1716 qni
1418 1635 1459 1698 ab
1480 1635 1589 1698 ordine
1612 1636 1739 1699 librarii
1759 1656 1915 1716 nusquam
1935 1637 2053 1699 discre-

386 1743 496 1821 pnisse
510 1741 641 1817 videtur,
663 1739 821 1804 interdum
834 1741 994 1818 coruplura
1015 1739 1321 1820 coreptietinobantur,
1343 1759 1422 1818 quae
1444 1759 1483 1800 ea
1498 1743 1593 1818 parte
1615 1740 1680 1803 carn
1694 1740 1879 1817 Frobenius,
1900 1761 1939 1802 arc
1956 1745 2054 1820 parte

392 1862 449 1905 nos
470 1861 617 1922 sepiarum
639 1843 864 1923 temptauimus.
914 1842 1012 1905 Locos
1037 1842 1176 1920 uitiosos,
1206 1861 1337 1922 quornm
1366 1861 1430 1904 non
1447 1863 1550 1922 parea
1573 1846 1617 1904 est
1638 1843 1737 1922 eopia,
1771 1845 1980 1925 Ciceronianus
2002 1844 2054 1907 bio

390 1946 458 2008 illic
486 1946 697 2011 emendatione
724 1946 768 2010 ad
797 1947 970 2028 urarplncm
991 1946 1112 2010 adiecta
1133 1947 1284 2028 corripere
1306 1949 1434 2009 aouatm
1456 1950 1511 2022 est,
1546 1967 1625 2026 puae
1645 1948 1794 2027 pleraque
1815 1948 1991 2012 Frobcnius
2014 1949 2051 2009 iu

392 2052 510 2112 tectum
530 2068 622 2113 sunm
642 2050 776 2130 recipere
796 2069 861 2112 neu
882 2049 1045 2116 dubitauit.
1102 2049 1163 2115 Ubi
1184 2050 1293 2112 mellae
1315 2069 1426 2113 causae
1446 2049 1619 2132 proniores,
1646 2053 1682 2113 nt
1705 2051 1889 2131 Qinrcetani
1911 2052 2053 2114 ordinem

392 2153 570 2231 desererem,
591 2175 638 2217 me
660 2157 807 2236 cuperent,
829 2154 865 2216 in
887 2153 1081 2217 carminibus
1102 2153 1304 2233 disponendis
1325 2152 1430 2216 ducem
1452 2173 1521 2215 eum
1542 2157 1663 2215 seui-lus
1684 2171 1762 2215 suni.

503 2256 605 2322 Codex
626 2257 839 2320 Bertinionus
860 2257 1035 2320 continebat
1054 2259 1180 2336 praeter
1196 2260 1355 2336 poemata,
1383 2277 1463 2336 quac
1489 2276 1528 2318 cn
1550 2257 1694 2336 opinione
1712 2257 1872 2336 probabili
1894 2258 2054 2321 Alcuiuus

392 2359 576 2439 composuit,
607 2359 676 2423 alia
704 2378 822 2439 qaoque
847 2359 888 2422 ab
915 2359 992 2422 aliis
1018 2359 1197 2423 auctoribus
1223 2363 1301 2423 certe
1322 2359 1459 2435 condita,
1489 2379 1569 2438 quem
1598 2359 1674 2438 quia
1700 2359 1744 2422 ad
1763 2360 1846 2422 bime
1867 2361 1963 2424 lomim
1987 2381 2054 2424 nou

389 2464 560 2543 pertinent,
582 2460 632 2524 bie
653 2465 776 2525 tantum
797 2481 978 2526 munimem
1000 2462 1110 2526 liceat:

503 2564 564 2628 Nr.
588 2565 634 2628 II
633 2563 772 2628 —XVI
780 2564 981 2629 Aldbelmum
1002 2565 1274 2630 Seireburncnsern
1293 2566 1466 2645 episemmm
1481 2565 1690 2650 (705-709)
1705 2567 1858 2628 auctorem
1874 2572 2057 2648 apuosamt,

393 2667 607 2750 es.Aldbclmi
630 2687 698 2748 opp.
722 2666 768 2731 ed.
794 2668 883 2733 Ciles
899 2689 935 2749 p.
961 2671 1155 2740 lib—128:
1177 2669 1262 2750 Anp.
1285 2669 1360 2732 Mai
1380 2669 1473 2734 Auet.
1496 2669 1615 2732 classic.
1639 2668 1671 2745 V,
1695 2671 1884 2732 ssi—390.
1933 2671 2055 2734 Frobe-

392 2772 467 2836 nius
490 2770 539 2855 (p.
563 2769 640 2853 549)
663 2790 789 2834 carrmn
809 2791 938 2835 numero
960 2771 1025 2835 III
1044 2772 1202 2853 sipnatnm
1224 2771 1434 2834 tantummodo
1454 2772 1567 2835 reiecit.

500 2873 560 2937 Nr.
584 2872 700 2952 XXV,·
720 2874 789 2937 XX
795 2873 846 2937 VI
848 2911 889 2920 —
897 2873 1019 2938 XLVI
1035 2875 1092 2938 sub
1115 2874 1240 2938 Rustici
1261 2874 1406 2954 Helpidii
1428 2876 1552 2938 rcorriine
1574 2875 1639 2937 iani
1661 2895 1746 2937 anno
1771 2878 1852 2938 1502
1873 2896 1894 2939 a
1919 2877 2057 2956 (lcorpio

393 2976 544 3040 Fabricio
565 2977 649 3040 inter
670 2981 805 3040 aeterum
824 2980 987 3057 poetarum
1008 2976 1281 3041 ecelesiasticorum
1304 2997 1399 3056 oprcra
1415 2998 1450 3057 p.
1475 2980 1535 3040 753
1559 2978 1593 3038 iu
1615 2979 1712 3040 lucent
1728 2979 1858 3058 prolata
1880 2982 1964 3042 sunl.
2008 3013 2014 3022 -

504 3079 565 3143 Nr.
587 3078 751 3143 XLVIII
768 3082 813 3142 est
832 3078 963 3142 Boedas
985 3078 1085 3164 (Hist.
1108 3079 1206 3160 Anpl.
1227 3078 1285 3143 IV
1303 3099 1328 3142 e.
1351 3078 1406 3165 20)
1428 3077 1562 3164 bpnmus
1583 3080 1620 3144 de
1634 3080 1802 3144 Tuliltbida
1823 3082 1941 3162 rapina,
1963 3103 2056 3162 arcam

392 3181 570 3246 Frobenins
592 3181 641 3266 (p.
666 3181 743 3268 548)
766 3185 795 3245 et
816 3182 918 3262 ipsum
940 3183 1065 3262 repulit.

500 3283 562 3348 Nr.
583 3284 703 3350 XLIX
722 3285 842 3349 Kanou
870 3285 1104 3366 euonpeliornm
1126 3307 1147 3348 a
1169 3284 1345 3349 Laurentio
1367 3285 1470 3350 Scotto
1496 3285 1617 3349 saecule
1646 3285 1722 3348 VII.
1745 3287 1941 3366 conpositus,
1963 3307 2057 3368 quern

392 3408 432 3450 en
453 3387 552 3452 codice
573 3387 898 3469 nnucMaibinpensi,
921 3387 1079 3468 pecandum
1092 3388 1126 3453 S.
1141 3388 1272 3468 Aruulfi
1287 3387 1447 3464 Mettensi,
1469 3388 1597 3468 aeacculi
1618 3407 1719 3467 nuper
1738 3389 1902 3452 ulularunt
1916 3390 2057 3453 Bartsch

394 3490 591 3574 (Zeitscbrist
611 3489 667 3570 fiir
688 3489 824 3557 Roman.
841 3489 957 3554 Pliilel.
982 3489 1031 3567 II,
1055 3491 1132 3575 216)
1154 3494 1184 3554 et
1204 3489 1370 3554 Diimmter
1393 3490 1563 3575 (Arreciper
1583 3491 1639 3572 fiir
1661 3491 1778 3556 Kiceae
1799 3493 1855 3556 cler
1876 3492 2056 3556 Duelsclun

401 3593 522 3657 Verreil
544 3593 674 3672 XXVI,
698 3597 762 3678 80).

501 3695 563 3759 Nr.
597 3695 734 3761 CXC—
744 3695 853 3763 CXCI
883 3697 944 3760 due
972 3696 1151 3779 srapmenta
1187 3701 1261 3761 sunt
1292 3697 1445 3762 carminis
1471 3697 1512 3760 ab
1540 3697 1683 3779 Eupenio
1712 3697 1860 3761 Toletano
1885 3699 2056 3778 conpositi,

393 3799 477 3862 alita
498 3820 520 3862 a
542 3799 718 3877 SiruwndO,
740 3820 809 3880 opp.
832 3801 923 3863 uaria
945 3800 991 3863 ed.
1022 3801 1136 3863 Veneta
1158 3798 1208 3877 II,
1232 3802 1305 3863 610.

501 3901 561 3966 Nr.
588 3901 745 3968 CLXXX
751 3902 826 3967 V—
836 3901 992 3968 CLXXX
998 3903 1069 3966 VII
1079 3922 1178 3984 snpra
1199 3903 1264 3966 iarn
1285 3903 1368 3966 edita
1390 3906 1465 3965 ment
1487 3903 1571 3966 inter
1593 3901 1694 3968 Pauli
1714 3905 1857 3968 curruiua
1867 3925 1901 3984 p.
1916 3908 2055 3987 ill—il,

398 4004 608 4071 CCXVII—
619 4004 803 4071 CCXVIII
826 4006 908 4069 inter
930 4006 1038 4070 titulos
1059 4025 1137 4069 saec.
1167 4003 1265 4069 VIII.
1285 4026 1318 4086 p.
1346 4008 1415 4068 113.

501 4106 562 4172 Nr.
580 4107 639 4173 CX
647 4107 699 4185 VI,
718 4105 779 4172 CX
785 4107 861 4186 VII,
880 4107 1081 4174 CLXXVII
1090 4109 1227 4189 inferius
1248 4108 1377 4172 omniur
1396 4109 1480 4172 inter
1494 4107 1643 4188 Fordulfi
1658 4109 1876 4190 etAnpilberti
1897 4111 2053 4175 carticino.

502 4211 652 4291 Quemvis
672 4214 766 4274 antea
788 4210 907 4297 (Neues
921 4212 1016 4276 Areb.
1039 4210 1101 4291 IV,
1128 4212 1202 4298 138)
1225 4234 1246 4275 a
1267 4212 1424 4277 Frobenlo
1446 4210 1511 4296 (II,
1536 4213 1613 4296 546)
1636 4212 1747 4274 duetus
1773 4232 1906 4289 carrium,
1929 4213 2012 4293 qnod
2032 4236 2054 4276 a

396 4316 585 4396 Quereetane
607 4313 664 4378 sub
685 4332 814 4377 uunnro
839 4313 1017 4380 CLXXIX
1036 4315 1152 4379 editum
1174 4318 1234 4393 est,
1264 4319 1293 4380 et
1319 4315 1422 4394 ipsum
1444 4315 1612 4394 suippe-sitis
1640 4314 1848 4378 adnumerare
1879 4317 2055 4394 maluerim,

393 4437 488 4496 nnnc,
510 4437 545 4481 re
566 4417 678 4481 niellus
696 4421 865 4496 perspecta,
888 4417 969 4482 idem
980 4419 1117 4482 Alcuino
1132 4418 1306 4482 adscribere
1320 4418 1446 4481 minime
1462 4417 1577 4481 dubito.
1613 4417 1770 4499 blapnum
1782 4423 2056 4482 sancmomcntum

393 4520 437 4584 ad
463 4520 544 4584 banc
572 4519 781 4600 qaaestionem
809 4520 1046 4585 diiudicandum
1074 4521 1165 4585 babet
1191 4522 1342 4587 Seruatus
1373 4521 1499 4602 Lupus,
1528 4522 1661 4585 Alouini
1681 4542 1785 4602 paene
1811 4522 1967 4602 aequalis,
1997 4525 2056 4602 quii

394 4630 455 4704 (ep.
480 4627 520 4686 20
546 4644 578 4703 p.
602 4627 642 4686 40
668 4622 714 4689 ed.
742 4622 880 4698 Batnae)
913 4645 1035 4689 uersum
1065 4625 1216 4688 conuiuis
1241 4625 1331 4688 illius
1356 4625 1591 4706 nonapesimmn
1626 4623 1676 4688 bis
1709 4623 1811 4688 uerbis
1844 4623 1972 4688 laudat:
2014 4625 2052 4688 ln

393 4727 542 4790 versibus
564 4726 753 4803 moralibus,
776 4746 857 4809 quos
880 4725 1039 4792 Aleuinus
1062 4727 1182 4792 dieitur
1204 4727 1358 4806 edidisse,
1382 4733 1504 4792 statera
1528 4728 1575 4791 sie
1597 4728 1705 4814 posite
1728 4734 1796 4792 est:

760 4827 834 4893 Nun
858 4829 918 4894 tihi
942 4831 984 4895 eit
1006 4832 1134 4896 modius
1157 4832 1290 4917 duplex,
1314 4851 1375 4896 nee
1399 4837 1520 4895 stetere
1542 4830 1673 4917 duplex.

499 5089 524 5155 1)
545 5087 589 5154 Cf.
608 5087 688 5140 ctiam
706 5101 777 5154 puae
797 5087 952 5154 Harinlsnc
973 5089 1144 5142 Ceutnlcnsie
1166 5088 1199 5141 de
1217 5088 1335 5141 Alcuiuo
1358 5091 1502 5143 rcirrnoriac
1522 5089 1649 5158 prodidit
1668 5089 1817 5156 (Mobillon
1835 5092 1904 5143 Aulo
1925 5092 1978 5143 SS.
1998 5090 2019 5143 Ι
2026 5091 2054 5158 l',

395 5192 417 5254 l,
432 5189 504 5257 lm:
523 5188 699 5258 Antiphanes
717 5204 828 5256 quoque
847 5192 876 5243 et
894 5190 1068 5259 responsoria
1086 5191 1130 5245 vel
1154 5190 1272 5258 hymnos
1291 5190 1325 5243 de
1339 5189 1435 5244 eadem
1448 5194 1543 5244 sancto
1557 5191 1714 5257 (Ilicbario)
1727 5193 1892 5262 composuit.
1911 5197 1943 5246 ut
1954 5195 2054 5262 insigni

392 5293 480 5361 patris
498 5291 636 5345 festivitas
654 5291 724 5345 nihil
743 5291 835 5344 minus
856 5293 972 5362 congrui
986 5293 1070 5346 officii
1084 5293 1187 5347 habere
1200 5292 1350 5348 videretur.
1381 5295 1435 5348 Ubi
1448 5295 1602 5348 notandum
1615 5298 1664 5352 est.
1683 5297 1758 5364 quod
1771 5297 1890 5364 quodam
1905 5297 1933 5350 in
1948 5298 2054 5365 hymno

393 5398 483 5466 ipsum
497 5397 523 5450 S.
534 5395 695 5448 Richarium
705 5394 845 5448 laudando
858 5396 1003 5464 alloquens
1017 5395 1105 5450 dicit:
1148 5395 1191 5450 Tu
1210 5397 1336 5451 struxisti
1354 5399 1519 5452 coenobium

1150 5484 1180 5536 in
1198 5484 1259 5538 loco
1277 5501 1363 5554 prope
1379 5485 1538 5556 Arguhium,

1151 5571 1180 5622 et
1198 5570 1276 5623 aliud
1293 5570 1323 5623 in
1341 5572 1459 5625 Centulo

1153 5656 1235 5710 ambo
1253 5658 1367 5726 perenni
1386 5659 1493 5714 merite.

394 5743 478 5811 Quem
496 5737 623 5803 bpmnum
641 5741 764 5807 reperire
781 5753 836 5792 non
849 5741 939 5808 potui.
