4538 6428
585 421 722 477 VERSUS
741 423 788 477 DE
806 424 957 480 SANCTIS
976 425 1235 484 EUBCRICENSIS
1256 429 1455 485 ECCLESIAE.

514 614 551 652 rao
610 598 768 680 Vertitur,
793 607 826 664 ot
848 601 946 665 variis
971 621 1103 689 semper
1125 609 1269 668 motatur
1291 605 1324 668 in
1347 605 1446 670 horis.

608 701 695 767 Ecce
718 703 832 768 decem
857 711 890 769 et
913 713 1040 791 septem
1064 713 1239 793 postquam
1262 715 1456 792 regnaverat
1478 708 1582 789 annis,

607 805 764 871 Edwinus
788 808 940 872 occubuit
962 831 1077 894 regum
1101 810 1301 876 clarissimus
1324 812 1390 891 ille,
1733 817 1795 878 633

607 907 688 972 Post
710 930 806 993 quem
830 931 894 973 nou
917 910 1031 975 habuit
1051 914 1221 998 praeclara
1235 913 1405 978 Britannia
1422 915 1531 979 talem.

653 1011 727 1075 Hoc
743 1019 852 1076 tamen
868 1015 1075 1099 omnipotens
1098 1015 1169 1080 fieri
1184 1037 1250 1082 non
1262 1039 1379 1104 passus
1396 1018 1537 1082 inultum
1552 1025 1613 1096 cst,
1671 1020 1702 1071 B.
1714 1021 1771 1087 HJ,
1792 1034 1810 1069 1·
1823 1032 1843 1069 ²·

514 1135 552 1172 aa
610 1115 675 1180 Sed
699 1114 789 1179 dedit
812 1116 999 1181 Oswaldum
1024 1119 1112 1204 rogis
1135 1141 1273 1204 regnare
1296 1128 1459 1207 nepotem.

608 1216 672 1291 Qui
695 1218 803 1282 subito
827 1220 964 1284 veniens
988 1223 1133 1285 externis
1158 1224 1235 1286 exul
1258 1222 1298 1287 ab
1322 1225 1397 1306 oris,

608 1321 761 1385 Firmiter
784 1322 923 1389 invictae
947 1323 1024 1389 fidei
1046 1326 1187 1390 confisus
1210 1327 1244 1390 in
1267 1329 1376 1408 armis,
1731 1331 1794 1392 635

607 1423 750 1509 Agmina
771 1448 873 1512 parva
895 1426 995 1490 trahit
1018 1448 1196 1513 properans
1221 1436 1255 1494 et
1277 1431 1386 1515 pergit
1409 1431 1442 1493 in
1472 1430 1612 1510 hostem,

606 1527 801 1592 Vastantern
824 1530 962 1615 patriam
986 1529 1073 1606 terro
1097 1531 1301 1616 flammisque
1332 1539 1531 1597 cremantem

513 1652 551 1689 aro
609 1631 753 1696 Millibus
778 1633 966 1712 innumeris,
991 1634 1105 1718 spoliis
1128 1635 1328 1720 nimiumque
1345 1636 1530 1723 superbum.

608 1733 674 1799 Sed
697 1721 770 1819 pius
794 1736 966 1800 Oswaldus
990 1757 1125 1802 numero
1148 1759 1213 1802 non
1237 1738 1369 1804 territus
1392 1740 1470 1821 ullo,

608 1837 795 1923 Alloquitur
817 1839 981 1925 propriam
1005 1840 1169 1904 constanti
1191 1849 1325 1925 pectore
1349 1848 1501 1906 turmam:

608 1940 647 2004 ‘O
671 1942 788 2026 quibus
811 1949 861 2007 cst
884 1964 1015 2028 semper
1037 1943 1198 2008 bellorum
1220 1944 1329 2008 vivida
1351 1946 1453 2010 virtus
1467 1948 1487 2027 ¹,
1614 1939 1616 1942 ⁵

607 2043 713 2124 Nunc,
737 2066 862 2131 precor,
888 2045 1025 2109 invictas
1049 2046 1167 2110 animis
1190 2046 1351 2112 adsumite
1374 2048 1472 2128 vires,

512 2169 550 2204 ro
608 2149 843 2234 Auxiliumque
868 2149 922 2214 dei
946 2151 1071 2214 cunctis
1094 2152 1314 2236 praestantius
1337 2152 1435 2215 armis

606 2251 737 2316 Posoite
760 2252 857 2318 corde
880 2253 935 2339 pio
958 2254 1120 2340 precibus,
1143 2255 1339 2339 prosternite
1362 2261 1487 2320 vestros

607 2355 727 2420 Vultus
750 2362 826 2420 ante
850 2377 990 2434 crucem,
1014 2378 1110 2442 quam
1127 2358 1251 2422 vertice
1268 2359 1388 2423 montis
1412 2359 1446 2422 in
1469 2360 1532 2423 isto

607 2458 719 2539 Erexi,
743 2459 854 2524 rutilat
878 2459 1000 2524 Christi
1024 2481 1108 2544 quae
1132 2461 1220 2525 clara
1242 2461 1411 2547 trophaea

607 2559 698 2634 Quae
723 2583 850 2648 quoque
874 2584 960 2627 nunc
983 2564 1078 2628 uobis
1101 2563 1284 2648 praestabit
1306 2565 1347 2628 ab
1371 2565 1466 2629 hoste
1489 2564 1710 2650 triumphum'.

513 2687 537 2722 aa
608 2663 700 2728 Tunc
724 2666 845 2729 clamor
866 2665 980 2751 popuii
1002 2666 1106 2730 fertur
1130 2687 1227 2752 super
1249 2673 1338 2730 astra
1356 2667 1530 2752 precantis,

607 2766 650 2831 Ht
673 2789 768 2832 cruce
792 2769 838 2833 sic
862 2789 971 2833 coram
993 2768 1223 2854 dominumque
1246 2768 1408 2856 deumque
1431 2775 1599 2856 potentem

606 2869 790 2956 Poplitibus
813 2872 908 2936 flexis
932 2873 1096 2936 exercitus
1120 2874 1225 2938 omnis
1248 2872 1371 2938 adorat.

607 2973 669 3038 His
693 2975 791 3039 etiarn
814 2976 917 3060 gestis
947 2983 1117 3062 promptus
1147 2978 1311 3062 prooessit
1337 2979 1370 3042 in
1392 2977 1531 3059 hostem,

608 3077 772 3144 Caedibus
796 3079 986 3165 inrumpens
1009 3079 1143 3143 hostilia
1167 3086 1275 3145 castra
1297 3083 1451 3146 cruentis.

514 3203 538 3238 aa
607 3180 653 3244 Ut
675 3181 727 3246 leo
750 3202 823 3246 cum
846 3181 962 3246 catulis
986 3181 1126 3246 crudelis
1149 3183 1248 3246 ovilia
1270 3190 1384 3263 vastat,

607 3285 651 3349 Et
666 3306 767 3370 pecus
781 3306 877 3349 omne
893 3286 981 3350 ferus
997 3292 1118 3350 mactat
1133 3286 1321 3372 manditque
1337 3288 1530 3373 trahitque²:

608 3387 708 3451 Haud
724 3409 820 3452 secus
833 3387 1004 3452 Oswaldus
1017 3409 1076 3452 rex
1092 3390 1206 3454 stravit
1217 3389 1338 3474 ubique
1350 3390 1531 3476 phalanges

608 3491 803 3556 Barbaricas
826 3492 930 3556 victor
952 3491 1106 3577 gradiens
1130 3513 1190 3576 per
1212 3493 1288 3573 tela,
1312 3515 1371 3578 per
1392 3493 1516 3576 hostes,

609 3592 726 3658 Caedit
749 3600 783 3659 et
805 3594 957 3673 inculcat,
980 3595 1208 3679 fugientesque
1231 3596 1344 3659 atterit
1366 3596 1445 3664 alas.

515 3717 526 3753 2
610 3695 788 3760 Praevenit
810 3694 956 3760 Oswaldi
979 3695 1154 3760 sternendo
1178 3697 1343 3762 exereitus
1366 3698 1490 3779 hostes,

610 3799 815 3884 Sanguineas
840 3800 963 3886 campis
987 3801 1073 3865 rivos
1096 3807 1173 3886 post
1194 3806 1288 3884 terga
1310 3801 1508 3886 relinquens,
1537 3835 1540 3841 =

608 3901 723 3966 Donec
745 3902 816 3989 ipse
838 3903 933 3966 luens
957 3903 1075 3967 cecidit
1099 3903 1252 3968 Cadwala
1273 3904 1433 3969 nefandus

608 4004 769 4070 Perfidiae
792 4026 926 4090 poenas,
950 4007 1092 4070 moriens
1116 4007 1151 4070 in
1174 4012 1282 4091 strage
1307 4028 1448 4088 suorum,

610 4108 770 4194 Claraque
793 4109 967 4193 magnifico
990 4110 1092 4176 cessit
1113 4109 1251 4174 victoria
1271 4110 1353 4194 regi.

610 4212 772 4277 Hostibus
796 4212 914 4277 occisis
937 4233 1075 4297 regnum
1098 4213 1322 4278 sanctissimus
1345 4213 1478 4278 Oswald

608 4314 803 4399 Ingreditur,
827 4314 923 4378 heros
947 4321 1095 4379 veterum
1118 4313 1298 4399 condignus
1322 4336 1471 4380 avorum:

607 4417 667 4481 Vir
689 4417 808 4481 virtuto
831 4423 960 4502 potens,
983 4418 1107 4504 patriae
1131 4424 1262 4500 tutator,
1286 4426 1422 4500 amator,

607 4520 754 4585 Moribus
778 4520 941 4604 egregius,
966 4519 1089 4585 Christi
1112 4521 1265 4586 mandata
1288 4529 1431 4603 secutus,

608 4622 814 4708 Pauperibus
837 4624 962 4708 largus,
992 4646 1110 4710 parcus
1133 4624 1211 4704 sibi,
1234 4625 1326 4690 dives
1350 4626 1383 4691 in
1407 4647 1530 4706 omnes,

515 4749 548 4785 ⁴2.
608 4727 744 4792 Iudiciis
767 4748 878 4806 verax,
901 4727 1001 4792 animi
1020 4728 1144 4813 pietate
1167 4728 1340 4813 benignus,

607 4831 769 4896 Excelsus
792 4831 927 4911 meritis,
951 4831 1132 4896 submissus
1156 4838 1266 4897 mente
1290 4833 1349 4897 sed
1372 4834 1453 4919 ipsa,

608 4934 770 5000 Hostibus
793 4933 968 5014 horribilis,
992 4935 1116 4998 eunctis
1139 4933 1296 4999 iocundus
1319 4936 1442 5012 amicis,
1528 4995 1529 5000 ,

608 5037 654 5101 Ut
676 5037 764 5101 bello
788 5036 976 5117 indomitus,
1000 5037 1046 5100 sic
1070 5043 1167 5122 pacta
1190 5035 1230 5100 in
1245 5057 1327 5121 pace
1350 5037 1466 5101 fidelis.

607 5140 751 5205 Invaluit
772 5144 944 5225 postquam
968 5138 1107 5224 sceptris
1130 5144 1164 5202 et
1186 5138 1327 5202 culmino
1350 5137 1454 5222 regni,
1684 5136 1813 5202 BHM·

514 5265 552 5304 aa
608 5243 741 5307 Extruit
765 5241 922 5306 ecclesias
946 5239 1103 5325 donisque
1128 5247 1266 5304 exornat
1287 5241 1415 5325 opimis,
1760 5245 1766 5256 '

297 5420 475 5428 u—-u-——w
1525 5417 1736 5423 ......—--—-.-—-

296 5537 348 5590 238
367 5540 443 5590 trabit
460 5540 532 5590 aucis
550 5539 650 5590 iactauit
670 5537 744 5599 Gale,
762 5537 862 5602 ursaque
879 5537 982 5588 emtum
1000 5533 1119 5586 euriacum
1138 5534 1268 5586 addidisse
1286 5534 1392 5586 videtur.
1494 5531 1544 5584 271
1562 5534 1714 5585 summissus
1735 5535 1799 5585 Gala

298 5707 325 5774 1)
346 5707 390 5775 Ct‘.
414 5707 491 5780 Verq.
510 5713 582 5761 Aea.
601 5708 657 5775 XI,
675 5707 735 5762 383.
805 5707 832 5772 2)
853 5707 897 5774 Cf.
921 5705 997 5772 Vero.
1015 5705 1084 5758 Aen.
1102 5703 1160 5768 IX,
1177 5701 1322 5759 337-333.
