4574 6442
716 423 870 477 HYMNUS
889 425 934 478 llll
953 425 1094 480 SANCTO
1113 427 1280 481 SlMEONE.
1382 509 1386 520 ¹

619 598 647 660 3.
662 595 839 679 Postquam
861 599 994 682 puellae
1019 597 1089 664 dies
1113 600 1381 686 quadragesimus

659 706 710 762 est
732 697 929 784 adimpletus
953 702 1045 766 iuxta
1068 705 1176 788 legem
1199 705 1331 774 domini.

660 801 764 865 Maria
786 802 880 887 virgo
904 804 1015 869 Iesum
1039 813 1187 871 sanetum
1210 830 1345 893 puerum

658 905 746 967 ulnis
771 907 907 970 sacratis
930 911 1045 994 templi
1068 915 1144 974 tunc
1167 911 1201 974 in
1224 911 1316 974 atriis
1336 911 1340 922 ⁴

660 1007 743 1086 tulit,
767 1010 933 1074 tremendi
955 1013 1113 1095 genitoris
1136 1014 1278 1079 unicum.

617 1181 645 1239 l.
660 1176 768 1241 Mater
791 1177 886 1242 beata
909 1182 1015 1244 carnis
1040 1183 1100 1246 sub
1124 1185 1286 1250 velamine

660 1278 758 1343 deum
781 1282 910 1346 ferebat
932 1283 1077 1349 humeris
1101 1287 1304 1360 castissimis,

658 1381 767 1447 dulcia
789 1386 909 1449 strictis
933 1387 1026 1451 basia
1050 1388 1109 1452 sub
1134 1391 1230 1454 labiis

658 1485 786 1571 deoque
810 1509 887 1553 vero
911 1489 1035 1554 bomini
1059 1492 1271 1578 impresserat

658 1611 713 1653 ore
736 1591 882 1662 iubente,
907 1614 970 1676 quo
995 1601 1071 1658 sunt
1094 1603 1211 1660 cuncta
1234 1597 1373 1661 condita.

615 1758 750 1824 anuos
774 1768 927 1845 parentes
951 1765 1096 1829 tulerunt
1118 1768 1308 1834 candidulos

658 1862 764 1945 pullos
788 1865 958 1930 columbae
983 1868 1132 1934 lacteolis
1155 1873 1318 1957 plumulis,

658 1963 778 2030 dedere
802 1968 834 2030 in
858 1971 980 2054 templo
1003 1992 1062 2055 par
1084 1995 1141 2058 pro
1172 1995 1211 2038 eo
1234 1983 1404 2056 turturum,

657 2067 758 2132 voluti
782 2070 865 2154 legis
888 2075 1117 2158 promulgabat
1141 2079 1275 2153 sanctio,

657 2170 770 2252 quales
793 2180 943 2257 perustas
967 2187 1198 2243 consecrarent
1220 2181 1355 2247 hostias.

612 2341 642 2402 6.
656 2339 720 2405 Dei
745 2343 896 2408 sacerdos
920 2345 1051 2413 humilis
1074 2351 1265 2416 mitissimus
1305 2383 1308 2388 “

657 2451 728 2507 erat
750 2446 783 2509 in
806 2449 887 2512 urbe
909 2449 1015 2514 iustus
1040 2474 1140 2518 senex
1165 2455 1316 2539 optimus.

649 2529 747 2624 dclix,
770 2549 885 2615 beatus
911 2551 1054 2637 Symeon
1078 2557 1228 2622 coelifluo

655 2658 831 2737 sanctoque
855 2655 971 2740 plenus
996 2658 1089 2722 affuit
1111 2661 1297 2745 spiramine,

657 2774 750 2817 saera
773 2758 833 2821 sub
856 2759 931 2821 aula
954 2761 1046 2825 verbi
1069 2761 1123 2826 dei
1146 2766 1307 2829 conscius.

613 2925 717 2990 7.Hic
741 2949 880 3014 namque
908 2929 1028 2994 dudum
1052 2953 1244 3017 responsum
1268 2941 1450 3023 acceperat,

655 3037 768 3093 sancto
791 3031 930 3098 docente
955 3035 1082 3120 spiritu,
1105 3036 1192 3119 quod
1214 3039 1343 3103 vinculo

653 3133 766 3197 mortis
789 3136 910 3200 resolvi
933 3159 998 3202 non
1020 3138 1125 3224 possit
1147 3139 1188 3203 de
1212 3162 1358 3226 corporo,

654 3235 716 3298 nisi
740 3236 866 3300 videret
890 3239 1055 3305 Christum
1076 3241 1191 3305 vivens
1215 3242 1349 3320 domini,

654 3359 751 3422 quem
775 3340 864 3404 misit
886 3342 953 3405 alto
976 3344 1105 3427 genitor
1127 3343 1168 3408 de
1192 3345 1285 3411 solio.

610 3511 640 3572 8.
655 3509 808 3594 Suscepit
830 3529 969 3595 namque
993 3533 1130 3596 puerum
1154 3515 1187 3578 in
1210 3514 1360 3578 manibus

655 3633 758 3695 agens
781 3633 921 3697 superno
944 3615 1086 3698 genitori
1109 3617 1241 3700 gratias,

651 3715 737 3778 ulnis
761 3721 927 3779 retentans
951 3715 1120 3782 benedixit
1142 3719 1310 3783 dominum

652 3838 762 3881 amore
784 3818 901 3904 plenus
924 3818 1031 3882 cordis
1055 3841 1128 3884 cum
1151 3821 1323 3886 dulcedine

649 3919 773 3985 addens
797 3928 830 3984 et
852 3922 918 3986 alto
942 3943 1091 3987 sermone
1115 3925 1302 3989 subintulit:

610 4096 640 4156 9.
654 4091 800 4157 ‘Dimitte
823 4098 925 4164 tuum.
948 4092 1089 4172 domine,
1113 4115 1199 4158 nunc
1223 4095 1371 4172 obsecre,

653 4198 685 4260 in
708 4217 789 4282 pace
815 4217 954 4276 servum,
978 4196 1053 4281 quia
1075 4197 1158 4261 meis
1181 4198 1285 4262 merui

654 4298 765 4362 videre
789 4305 880 4361 tuum
903 4300 1045 4363 salutare
1070 4300 1193 4365 visibus

652 4400 738 4485 quod
760 4400 964 4486 praeparasti
988 4401 1110 4486 pietate
1134 4403 1231 4467 unica
1312 4442 1314 4446 .

651 4510 726 4568 ante
750 4510 878 4568 tuorum
901 4504 1095 4590 populorum
1117 4505 1245 4571 faciem.

590 4677 637 4738 ro.
651 4673 860 4758 Fulgcusque
884 4676 994 4740 lumen
1016 4677 1163 4762 gentium
1187 4678 1219 4741 in
1242 4678 1346 4741 oculis

650 4777 787 4860 gloriam
810 4778 900 4863 plebi
923 4777 1056 4843 Israelis
1078 4779 1234 4864 germinis

651 4880 777 4964 positus
800 4881 853 4944 lric
877 4881 982 4945 estin
1004 4881 1132 4945 ruinam
1156 4882 1300 4946 scandali

652 4983 741 5047 etin
764 4983 903 5048 salutem
926 4983 1025 5048 Iacob
1049 4984 1160 5069 stirpis
1184 5006 1314 5064 aureae,

651 5084 755 5149 donec
778 5091 906 5150 secreta
928 5087 1115 5152 revelentur
1138 5086 1293 5152 cordium.

262 5443 303 5507 d,3
319 5449 426 5499 strictim
443 5448 482 5498 ed.
619 5445 662 5513 4,4
676 5450 767 5516 deique
787 5451 840 5500 veri
858 5450 1018 5515 hominisque
1035 5449 1074 5500 ed.
1214 5446 1258 5514 4‚5
1276 5450 1313 5500 ori
1330 5449 1369 5500 ed.
1508 5447 1551 5513 ῦ,3
1568 5451 1660 5501 dedero
1678 5453 1771 5518 ternplc
1788 5451 1814 5500 V

158 5540 201 5604 al
219 5543 284 5608 legis
301 5543 381 5592 veluti
392 5543 431 5594 ed.
531 5541 573 5604 infr
591 5545 737 5610 peristasV
818 5541 861 5606 aa
878 5544 1010 5596 adsuited.
1106 5542 1149 5608 643
1166 5553 1232 5594 nutu
1244 5545 1284 5595 dei
1297 5545 1412 5595 concitus
1424 5544 1462 5594 ed.
1552 5543 1593 5608 'l‚l
1611 5555 1757 5609 susceperat
1768 5547 1807 5598 ed

159 5633 201 5698 7‚4
218 5638 298 5690 donec
315 5637 354 5687 ed.
485 5634 526 5700 l‚5
542 5639 600 5688 altis
618 5640 657 5688 ed.
744 5641 814 5690 saillis
831 5639 870 5689 ed.
998 5635 1038 5702 8,l
1058 5639 1175 5704 argued.
1293 5637 1335 5702 83
1352 5639 1405 5704 ogit
1422 5639 1461 5690 ed.
1574 5638 1617 5702 8,5
1635 5655 1763 5690 sennones
1788 5639 1813 5690 V

43 5705 46 5720 Ι
159 5729 202 5790 9,3
220 5740 293 5783 tuum
312 5733 397 5784 uiderc
419 5731 440 5780 V
542 5727 597 5794 10,l
618 5734 743 5804 Fulgente
761 5734 800 5785 ed.
910 5731 966 5798 loa
984 5733 1098 5786 cordium
1116 5751 1144 5784 se
1162 5735 1267 5802 pallient
1284 5733 1322 5783 ed.

1553 5823 1601 5879 lo*
