4612 6414
800 387 1009 442 GOSBERTUS
1027 385 1154 442 conlui
1173 386 1390 442 GUILLELMO.

636 558 719 624 Sunt
741 564 775 625 et
796 557 883 646 apud
904 558 1083 624 monachos
1107 567 1241 625 sunctae
1265 559 1325 624 tibi
1347 559 1459 624 munia
1481 559 1598 642 leudis,

635 661 748 727 Omnis
770 668 808 726 ut
830 661 863 726 in
887 682 1060 727 commune
1084 661 1161 727 boet
1183 661 1243 727 tibi
1266 662 1362 726 turba
1385 661 1548 727 canendo:

636 764 683 830 Te
706 765 827 829 virtute
851 764 957 829 erucis
981 771 1080 844 soter,
1105 763 1294 846 Guillelme,
1317 771 1461 830 coronet.

634 867 697 932 Eis
718 868 766 932 tui
790 866 908 948 cordis,
931 867 1097 953 princeps,
1120 868 1179 933 tibi
1203 861 1331 934 viscera
1350 868 1469 955 pande,

635 970 824 1057 Regnorum
848 965 935 1056 quod
959 993 1039 1057 opes
1063 979 1153 1037 ccrte
1176 994 1332 1060 superare
1355 973 1523 1059 probetur.

633 1072 747 1138 Gloria
768 1074 887 1138 mentis
910 1074 997 1137 enim
1014 1074 1088 1160 Gog
1104 1096 1227 1154 amens,
1243 1076 1341 1142 librat
1361 1097 1491 1162 quoque
1507 1075 1629 1162 Magog
1639 1077 1661 1154 ¹,

633 1175 680 1241 Ut
702 1175 800 1242 docet
824 1177 979 1262 egregius
1002 1178 1136 1259 Paulus,
1159 1180 1361 1264 praestabile
1384 1179 1484 1258 dictu,

634 1277 738 1344 immo
761 1280 835 1367 pins
858 1281 954 1345 Iesus
978 1280 1129 1346 dominus
1152 1282 1227 1346 hinc
1251 1283 1372 1367 gaudia
1394 1283 1506 1367 quaeri

635 1381 726 1447 Luce
749 1382 954 1468 splendidius
978 1385 1074 1449 solito
1098 1384 1161 1449 hoc
1184 1393 1306 1465 monet,
1330 1387 1536 1472 omnipotens
1558 1385 1617 1463 sol,

564 1506 575 1544 s
619 1484 799 1560 ,Laetitiae
824 1487 961 1566 fructus,
985 1488 1158 1572 celsaeque
1181 1509 1293 1573 gazao,
1316 1490 1411 1554 unice
1436 1489 1577 1576 praesul,

632 1587 695 1654 Est
717 1590 794 1675 quia
816 1591 884 1655 vita
908 1613 1053 1672 manens,
1077 1598 1129 1656 est
1152 1613 1278 1658 summa
1300 1592 1410 1658 beatio
1432 1593 1531 1672 ritae,

633 1691 717 1773 Lux,
742 1693 884 1778 inquam,
909 1695 968 1758 tibi
991 1695 1185 1779 praelucens
1209 1694 1300 1774 haec,
1324 1717 1343 1759 ο
1367 1696 1452 1761 bone
1475 1694 1600 1774 consul,

633 1794 853 1882 Mortigenum
876 1798 979 1862 virtus
1002 1797 1161 1862 tumidum
1186 1818 1380 1883 semperque
1403 1798 1545 1863 duellem

631 1897 757 1983 Effugit
779 1901 977 1987 assistatque
1001 1902 1067 1964 tuis
1089 1900 1265 1965 virtutibus
1289 1903 1366 1966 alte.

634 2001 718 2067 Cum
741 2024 818 2069 vero
841 2005 1009 2090 complens
1033 2005 1178 2069 saeclum
1201 2005 1393 2090 migraveris
1416 2005 1522 2086 istinc,

633 2104 764 2192 Optime
788 2108 1004 2193 compositum
1029 2107 1115 2172 doxa
1138 2109 1325 2173 conscribat
1347 2109 1381 2172 in
1403 2109 1478 2174 albo

632 2206 716 2289 Rex,
741 2210 834 2274 cuins
857 2210 979 2276 vexillo
1002 2213 1090 2296 geris
1114 2212 1268 2276 certando
1292 2212 1448 2292 valenter,
1484 2209 1485 2212 ’

631 2310 758 2378 Officiis
781 2335 917 2400 operum
940 2314 1036 2380 modo
1060 2315 1256 2380 clarificatus
1278 2314 1319 2379 ab
1342 2315 1425 2402 ipsc.

630 2416 726 2482 Nunc
749 2419 890 2504 populus
912 2419 1010 2500 vitae,
1034 2441 1120 2485 nune
1143 2440 1229 2484 nunc
1252 2420 1441 2484 venerabile
1465 2439 1584 2484 nomen

633 2518 685 2584 Ex
706 2521 815 2586 animo
838 2521 1028 2607 adgaudens
1052 2543 1179 2588 mecum
1203 2521 1250 2586 sic
1272 2522 1408 2588 concine
1430 2522 1535 2586 clare:

632 2622 680 2688 Te
703 2625 822 2690 virtute
847 2626 952 2690 crucis
975 2633 1074 2706 soter,
1097 2624 1288 2712 Guillqlme,
1311 2631 1456 2690 coronet.

630 2813 871 2898 Francigenum
893 2813 998 2900 primo
1020 2813 1150 2900 proavis
1172 2811 1350 2898 absvisque
1373 2812 1499 2899 peralto

631 2914 808 2980 Gnillelmo
831 2915 963 2998 dinami,
987 2915 1112 3002 sophia,
1136 2921 1280 2982 scemate
1303 2922 1432 3002 compto

631 3011 817 3084 Gosbertus¹
835 3020 976 3107 tapinos,
1000 3021 1128 3100 micros,
1150 3018 1329 3105 apodemus
1352 3025 1385 3082 et
1408 3017 1495 3082 exul.

370 3179 608 3189 -...-..--——⁴—

368 3302 395 3368 1)
414 3297 512 3352 Erech.
529 3297 571 3364 38,
588 3298 613 3364 2,
631 3279 717 3365 Apoc.
734 3297 777 3364 20,
796 3297 820 3350 t.
