4574 6442
438 431 497 490 150
1015 426 1158 480 lOSEl'HI
1177 427 1307 481 SCOTTI
1325 427 1500 480 CARMINA.

434 617 460 661 s.
484 595 547 662 IX.
563 618 598 677 p.
623 601 766 678 2-252‚
793 619 883 679 quem
905 598 1067 679 decripsit
1094 598 1262 662 Martinus
1299 599 1430 666 Gerbcrt
1465 597 1548 683 (Iter
1575 597 1773 663 Alamannia.
1796 595 1842 659 cd.
1864 617 1914 676 pr.
1940 617 1975 676 p.
2006 593 2102 676 102).

434 699 528 764 Deest
549 700 680 780 aristote
701 721 771 765 cum
791 700 931 766 vasibus
952 701 1101 766 connects
1115 703 1134 766 ¹.

1250 1032 1277 1096 Ι.

725 1185 911 1261 VERSUS
938 1189 1110 1262 IOSEPH
1138 1191 1202 1263 Al)
1231 1191 1458 1264 SANCTUM
1485 1183 1800 1263 LlUDGERUM².
1893 1173 1896 1179 ¹

851 1354 967 1419 Frater
991 1376 1100 1420 amore
1124 1355 1177 1420 dci
1201 1363 1340 1440 cognato
1363 1355 1488 1420 dulcior
1510 1355 1597 1419 omni

851 1456 896 1520 Et
918 1458 1169 1542 consanguineis
1192 1458 1309 1522 meritc
1333 1458 1514 1543 preciosior
1534 1457 1626 1542 ipsis.

852 1559 998 1644 Liudger
1021 1567 1128 1625 amate
1151 1560 1241 1640 mihi,
1266 1560 1387 1624 Christi
1411 1553 1447 1624 te'
1462 1560 1572 1644 'gratia
1595 1559 1715 1622 salvet:

853 1662 938 1727 Vive
960 1671 1036 1728 tuae
1059 1664 1168 1747 gentis
1192 1663 1373 1728 Fresonum
1396 1663 1484 1727 clara
1507 1663 1666 1726 columna.

853 1764 1022 1828 Presbiter
1045 1765 1188 1829 occiduis
1211 1765 1385 1829 laudabilis
1409 1765 1497 1828 orbis
1521 1765 1554 1827 in
1577 1763 1641 1827 cris

852 1866 988 1948 Doctus,
1012 1869 1044 1932 in
1070 1871 1200 1954 eloquio
1223 1868 1379 1955 prudens,
1403 1877 1437 1934 et
1458 1876 1568 1932 mente
1593 1865 1782 1953 profundus,

853 1968 928 2054 lpse
953 1970 1090 2055 gradum
1113 1973 1238 2036 meritis
1262 1994 1358 2036 ornas
1383 1979 1417 2037 et
1440 1972 1585 2036 moribus
1610 1970 1715 2034 almis.

853 2071 897 2135 nt
918 2094 1010 2159 puer,
1034 2095 1085 2146 cn,
1110 2075 1244 2138 senibus
1269 2075 1384 2139 humili
1405 2075 1447 2138 de
1471 2072 1568 2138 corde
1590 2072 1766 2148 ministras,

853 2175 897 2239 at
919 2198 1093 2261 germanus
1116 2179 1187 2263 agis
1210 2179 1336 2243 cunctis
1358 2178 1551 2264 aequalibus
1574 2197 1666 2254 aevo„

855 2277 966 2362 Atque
989 2301 1107 2365 parcns
1131 2283 1243 2366 pueris
1266 2282 1353 2346 vitae
1377 2281 1573 2346 documenta
1594 2277 1757 2364 rependis.

854 2379 893 2443 In
917 2381 1035 2445 melius
1058 2382 1237 2448 crescendo
1261 2385 1327 2448 mei
1349 2405 1474 2448 memor
1497 2390 1579 2462 esto,
1603 2380 1768 2458 sacerdos,

760 2504 766 2516 ·
854 2481 894 2545 In
916 2483 1135 2568 precibusque
1157 2486 1223 2550 tuis
1247 2486 1457 2551 commendes
1481 2507 1603 2571 quaese
1627 2483 1752 2548 tonanti

854 2582 918 2648 His
941 2586 1095 2650 brevibus
1119 2595 1237 2669 vatem,
1262 2590 1316 2674 qui
1340 2597 1371 2653 te
1395 2588 1540 2652 laudavit
1563 2588 1596 2650 in
1620 2585 1706 2655 odis:

856 2685 918 2749 Cui
943 2689 1056 2752 teretis
1079 2689 1187 2754 baculi
1211 2713 1269 2776 pro
1294 2692 1352 2754 tali
1376 2691 1519 2754 carmine
1543 2689 1663 2752 donum

858 2786 1032 2855 Munificus
1055 2792 1191 2856 tribuas.
1236 2793 1318 2857 Fors
1340 2793 1422 2857 hacc
1446 2790 1633 2856 mercedula
1655 2791 1722 2855 vati

856 2887 1042 2957 Concordat
1063 2893 1202 2958 medico.
1246 2895 1343 2959 Felix
1367 2896 1437 2959 sinc
1460 2895 1523 2958 fine
1546 2895 1668 2957 valete!

548 3099 989 3110 ae————-——-——-—·-—
1003 3103 1026 3106 -
1034 3103 1506 3110 ,-.ff‚—.-,-—,-„——„-
1517 3103 1659 3108 .,---....-
1669 3098 1990 3107 ——.—.-...—-—.

507 3251 537 3318 [1]
573 3269 604 3302 er:
621 3251 676 3302 cod.
695 3250 814 3302 Leidcuei
830 3250 899 3301 Voss.
918 3254 963 3302 lat.
980 3251 1028 3318 55,
1052 3255 1190 3305 Quotam
1213 3255 1301 3306 Tlicol.
1319 3253 1354 3305 4⁰
1369 3274 1394 3304 u.
1412 3253 1459 3316 29,
1476 3254 1645 3304 Londiriicaai
1661 3253 1807 3302 Harlciauc
1824 3249 1907 3314 aab,
1937 3251 2110 3316 Guelferbyt.

439 3336 616 3403 (Hermas).
651 3339 747 3389 Versus
764 3337 892 3389 salutandi
904 3338 935 3402 L,
956 3341 1258 3408 Versus-Liudgerum
1276 3342 1354 3391 iudea
1371 3342 1446 3406 capit.
1465 3341 1523 3391 Le
1612 3339 1778 3406 2prcticsior
1797 3339 1821 3387 (ι’
1914 3333 2071 3402 3Liutgcr
2084 3339 2111 3387 G

437 3424 528 3476 4siue
548 3426 570 3474 Ο
620 3423 798 3490 columpnas}
894 3421 1054 3491 5prespiter
1070 3427 1174 3492 Il(arl.)
1228 3429 1297 3478 horis
1318 3429 1341 3477 (ι’
1426 3427 1487 3477 Sat
1503 3443 1566 3493 puer
1586 3426 1618 3488 0,
1641 3427 1676 3475 Ut
1692 3441 1755 3490 puer
1773 3423 1805 3472 ΙΙ
1852 3439 1885 3472 eu
1903 3423 2014 3472 senibus
2031 3441 2111 3472 corr.

437 3513 466 3560 in
483 3509 590 3561 cenibus
608 3509 632 3557 L
718 3506 735 3558 9
753 3513 780 3558 tu
799 3525 937 3575 gernmuus
958 3510 984 3574 Ο,
1005 3512 1038 3560 Ut
1054 3528 1192 3576 gemianus
1211 3511 1242 3560 H
1333 3509 1366 3561 10
1384 3511 1501 3577 etqueL
1588 3509 1621 3560 1⁴2
1639 3528 1671 3561 cu
1689 3509 1858 3576 precibusque
1878 3506 1901 3556 0
1990 3504 2025 3556 13
2045 3509 2071 3558 is
2085 3507 2111 3557 L

439 3597 496 3647 Hiis
516 3597 540 3646 G
643 3592 676 3644 14
695 3595 727 3644 Ni
747 3593 769 3644 G
835 3594 917 3644 teritis
934 3593 1023 3645 LCG
1034 3595 1068 3644 H
1169 3595 1201 3646 15
1218 3597 1344 3648 almificus
1361 3615 1428 3648 corr.
1446 3598 1474 3647 in
1491 3598 1627 3647 munificus
1645 3595 1679 3644 Η

543 3781 568 3844 1)
597 3779 733 3846 (laevaque
749 3776 848 3830 Isaiae
869 3776 969 3830 librum
993 3779 1100 3834 claudit
1122 3781 1153 3832 in
1169 3787 1286 3850 utroque
1303 3782 1395 3835 codice
1412 3784 1580 3847 hexameter,
1604 3782 1654 3849 qui
1672 3799 1691 3834 a
1708 3777 1827 3846 Iosepbo
1844 3777 1909 3844 ipso
1927 3781 2112 3843 compositus

439 3879 685 3944 essentitatem&
716 3895 747 3947 p.
775 3879 820 3932 13:
848 3879 1024 3935 Hieronimus
1043 3883 1163 3950 primum
1181 3884 1282 3937 clausit
1299 3884 1352 3937 hac
1370 3887 1450 3952 parte
1468 3884 1602 3937 libellum.

852 3965 996 4020 Terminat
1014 3968 1190 4022 Hieronimus
1208 3968 1308 4023 deinde
1326 3969 1452 4024 libellum
1471 3969 1629 4023 secundum.
1740 4027 1746 4036 ¹

852 4050 963 4106 Tertius
981 4053 1135 4108 Hieronimi
1154 4056 1255 4109 clausit
1272 4055 1318 4109 hic
1336 4057 1421 4109 verba
1438 4056 1558 4109 libellus.

852 4139 975 4208 Explicit
992 4141 1058 4196 inde
1077 4142 1147 4196 liber
1165 4143 1338 4212 conscriptus
1356 4143 1387 4196 in
1404 4143 1500 4198 ordine
1519 4147 1643 4210 quartus.

850 4225 976 4280 Misticus
994 4245 1056 4282 ecce
1074 4227 1146 4282 liber
1162 4229 1258 4282 finitur
1275 4228 1305 4282 in
1323 4228 1421 4282 ordine
1438 4232 1542 4282 sextus.

850 4311 991 4380 Septimus
1009 4316 1037 4366 et
1055 4314 1169 4381 quintus
1188 4316 1269 4367 finem
1287 4313 1427 4368 ducuntur
1445 4314 1474 4366 in
1492 4331 1587 4372 unum.

850 4397 909 4452 Hac
927 4400 1041 4452 octavus
1059 4399 1126 4452 item
1144 4399 1240 4453 finitur
1258 4402 1338 4469 parte
1356 4400 1475 4454 libellus.

851 4483 904 4538 llic
921 4501 1032 4553 quoque
1049 4485 1087 4538 sit
1103 4503 1176 4539 nouo
1195 4502 1269 4539 nunc
1286 4485 1422 4539 terminus
1440 4487 1492 4539 iste
1511 4485 1614 4540 libelle.

853 4569 933 4622 Hunc
952 4570 1035 4623 finem
1054 4569 1177 4623 decimus
1195 4569 1336 4624 contraxit
1354 4573 1427 4624 sorte
1445 4570 1564 4623 libellus.

852 4653 1019 4708 Undecimus
1037 4653 1089 4708 tali
1107 4655 1247 4708 clauditur
1265 4656 1343 4722 (corr.
1362 4657 1434 4720 etur)
1453 4656 1508 4708 fine
1527 4655 1646 4709 libellus.

850 4740 928 4792 Alter
945 4739 981 4792 ab
998 4739 1145 4794 undecimo
1164 4740 1227 4793 linit
1244 4757 1272 4793 se
1291 4740 1343 4793 hac
1356 4742 1435 4809 parte
1454 4739 1574 4793 libellus.

851 4823 962 4876 Tertius
980 4841 1013 4877 ac
1031 4823 1153 4877 decimus
1170 4823 1216 4878 hic
1234 4823 1350 4892 explicit
1367 4823 1421 4877 iste
1439 4823 1559 4877 libellus.

852 4907 972 4970 Quartus
989 4908 1020 4960 in
1037 4908 1147 4961 Fauiam
1165 4908 1288 4961 decimus
1307 4907 1378 4961 liber
1396 4908 1511 4976 explicit
1528 4908 1600 4962 istic.

851 4993 970 5056 Quintus
988 4996 1016 5046 et
1034 4993 1080 5046 hic
1097 4992 1220 5045 decimus
1239 4992 1335 5045 finitur
1353 4993 1383 5045 in
1400 4992 1496 5046 ordine
1515 4994 1608 5047 codex.

850 5080 928 5133 Finit
945 5080 975 5133 in
994 5079 1105 5132 Esaiam
1122 5082 1216 5132 sextus
1235 5080 1412 5150 decimusque
1430 5080 1501 5133 liber
1518 5083 1596 5145 (corr.
1615 5080 1746 5146 libellus),

854 5165 994 5234 Septimus
1011 5183 1043 5218 ac
1061 5164 1183 5217 decimus
1201 5169 1279 5218 tenet
1297 5165 1343 5218 hic
1361 5165 1481 5218 claustra
1499 5164 1618 5218 libellus.

720 5263 751 5315 p.
760 5247 824 5301 252:
852 5249 957 5303 Octavo
975 5248 1081 5303 decimo
1100 5249 1137 5302 sit
1155 5250 1289 5304 terminus
1308 5251 1361 5303 iste
1378 5249 1482 5303 libello.
1496 5250 1572 5317 (Pr.
1593 5251 1652 5316 192)

443 5353 564 5421 Quorum
581 5351 708 5406 notitiam
725 5349 808 5403 debeo
826 5351 1013 5415 Idteirsobaia
1032 5351 1239 5407 bibliothecario
1258 5355 1287 5407 S.
1299 5353 1382 5408 Galli.
1418 5353 1454 5406 Iu
1472 5353 1596 5419 catabpo
1614 5352 1737 5405 codicum
1756 5353 1883 5421 Saapalt.
1903 5369 1921 5406 a
1941 5357 2112 5417 Scbmero

440 5457 564 5523 consecto
581 5455 626 5508 bic
644 5452 852 5507 contrectavisse
869 5453 964 5506 Reduc
980 5453 1056 5506 baad
1072 5456 1143 5506 recte
1160 5454 1293 5508 tribuitur
1310 5455 1350 5522 [p.
1368 5455 1422 5522 95).
1503 5454 1531 5520 2)
1550 5453 1587 5506 Ia
1604 5453 1726 5520 Altsridi
1743 5453 1801 5507 cita
1820 5456 1849 5506 S.
1868 5455 2012 5524 Liadpm'
2031 5478 2056 5516 c,
2074 5468 2111 5520 ῃ

439 5559 505 5612 baec
524 5558 703 5612 auuceduat:
730 5554 781 5608 Cui
805 5555 891 5608 etium
915 5553 1106 5607 testimonium
1129 5555 1273 5622 perhibuit
1289 5556 1403 5623 quidum
1420 5555 1552 5609 Alchuiui
1574 5555 1726 5625 discipulus
1746 5555 1868 5609 versibus
1886 5556 2010 5616 heroicis
2031 5567 2113 5624 talia

439 5661 583 5715 mandans.
