4574 6442
1020 402 1170 459 ALCUINI
1188 401 1364 459 cnunmn.

783 578 827 642 Et
849 579 969 643 tacitus
993 578 1079 643 aedit
1102 579 1257 645 sublustri
1280 579 1402 644 lumine
1426 579 1537 643 lunae:

785 682 846 746 Vir
868 683 960 747 stetit
980 684 1112 768 ignotus
1135 683 1249 748 habitu
1271 685 1427 769 vultuque
1450 689 1586 770 repente

783 785 872 849 Ante
895 787 1008 851 oculos
1031 788 1175 866 iuvenis,
1204 787 1380 871 verbisque
1402 786 1531 851 adfatur
1553 788 1698 851 amicis¹z

783 887 887 961 ‘Quae
911 895 944 954 te
967 889 1048 954 dura
1069 891 1190 974 coquit,
1213 892 1365 955 iuuenum
1380 890 1568 968 fortissime,
1592 890 1707 954 oura‘2?

721 1015 723 1018 ·
784 992 858 1058 Rex
880 993 962 1058 deus
984 1000 1149 1074 aeternus,
1173 996 1255 1060 caeli
1277 996 1332 1080 qui
1356 994 1474 1080 sydera
1495 996 1583 1074 iecit,

785 1097 878 1172 Quae
901 1105 937 1163 tu
959 1099 1096 1185 pulchra
1117 1098 1221 1180 videa,
1245 1100 1362 1164 solatia
1383 1099 1440 1164 dat
1460 1101 1521 1164 tibi
1545 1105 1645 1163 certa.

784 1201 871 1266 Ecce
895 1201 984 1266 tuam
1006 1203 1107 1267 vitam
1130 1202 1300 1287 quaerenti
1323 1209 1431 1268 servat
1453 1203 1494 1268 ab
1518 1204 1628 1276 hoste;

785 1304 926 1392 Insuper
947 1306 1120 1391 imperium
1142 1306 1245 1370 latum
1267 1307 1327 1370 tibi
1350 1307 1504 1370 terminat
1524 1306 1632 1372 undis.

783 1408 858 1473 Rex
880 1408 962 1472 deus
984 1409 1039 1473 ille
1063 1409 1124 1473 tibi
1147 1415 1251 1474 totum
1275 1410 1317 1474 sit
1340 1431 1470 1497 semper
1491 1410 1525 1473 in
1548 1412 1685 1476 aevum'.

786 1508 1028 1596 Imponensque
1052 1533 1110 1576 suo
1134 1512 1234 1598 capiti
1256 1533 1315 1598 pro
1337 1512 1471 1578 foedere
1494 1512 1658 1578 dextram:

785 1614 890 1679 ‘Haec
912 1614 992 1693 tibi,
1016 1614 1108 1692 dixit,
1132 1619 1239 1679 ‘eruut
1260 1616 1364 1680 nostri
1388 1617 1557 1702 signacula
1578 1617 1686 1702 pacti'.

784 1716 926 1782 Nuntius
948 1717 1000 1782 his
1023 1717 1119 1783 dictis
1142 1718 1250 1782 subito
1273 1718 1428 1783 discessit
1451 1720 1492 1783 ab
1516 1720 1583 1798 illo,

786 1818 848 1884 Cui
869 1821 964 1906 vigor
985 1820 1110 1884 affatim
1131 1841 1233 1885 venas
1255 1820 1399 1886 decurrit
1421 1822 1455 1885 in
1480 1843 1603 1896 omnes,

784 1924 886 1990 Pulsa
907 1926 1022 2011 procul
1043 1925 1174 2010 fugiens
1197 1932 1231 1989 et
1253 1924 1440 2012 desperatio
1463 1925 1562 1990 fibras

784 2030 951 2114 Liqucrat.
995 2028 1143 2094 Eventus
1167 2029 1329 2094 venientis
1350 2028 1437 2094 dicta
1459 2029 1610 2115 probavit

785 2135 950 2221 Hospitis:
976 2134 1129 2198 occubuit
1152 2134 1262 2198 statim
1285 2155 1346 2198 rex
1368 2154 1447 2198 ense
1470 2133 1611 2198 nefando

783 2236 917 2302 Invidus
939 2238 1068 2324 imperii
1091 2237 1177 2302 vitae
1201 2237 1298 2301 simul
1321 2237 1409 2301 illius
1432 2243 1541 2323 atque.

784 2341 878 2406 Tunc
901 2341 1028 2406 iuvenis
1050 2340 1183 2406 rediens
1207 2340 1341 2406 intravit
1362 2342 1512 2406 amabilis
1536 2343 1635 2407 urbes

783 2443 854 2508 Iam
877 2445 1011 2531 patrias,
1035 2444 1150 2531 populi
1163 2465 1401 2530 procerumque
1417 2445 1531 2510 favore
1547 2453 1710 2532 receptus.

786 2547 850 2622 Qui
873 2570 951 2613 mox
973 2549 1139 2634 accipiens
1163 2549 1284 2634 sceptri
1307 2550 1429 2634 regalis
1452 2550 1620 2626 honorem,

785 2651 956 2725 Quaesivit
978 2652 1130 2738 propriae
1154 2651 1246 2737 genti
1267 2652 1368 2730 bona,
1392 2655 1503 2739 largus
1526 2655 1560 2718 in
1584 2677 1712 2726 omncs:

783 2756 855 2821 Neo
879 2777 939 2842 per
962 2763 1092 2842 sceptra
1115 2755 1220 2836 ferox,
1246 2755 1304 2821 sed
1328 2755 1368 2822 de
1392 2758 1515 2843 pietate
1538 2759 1710 2844 benignus.

783 2861 906 2926 Factus
922 2881 1015 2924 amor
1028 2860 1152 2946 populi,
1172 2860 1297 2945 patriae
1314 2867 1420 2946 pater,
1437 2869 1471 2926 et
1486 2861 1586 2928 decus
1602 2866 1711 2932 aulae:

782 2963 937 3028 Aasiduis
962 2984 1122 3048 superans
1145 2962 1280 3027 hostilia
1303 2970 1410 3028 castra
1432 2966 1616 3052 triumphis,

784 3068 994 3154 Imperioque
1018 3088 1077 3131 suo
1101 3073 1218 3152 gentes
1241 3066 1468 3153 superaddidit
1490 3091 1614 3147 omnes,

784 3170 921 3236 Finibus
945 3177 1043 3256 atque
1065 3170 1173 3257 plagis
1196 3192 1260 3255 qua
1282 3171 1427 3236 tenditur
1450 3174 1556 3240 insula
1577 3177 1685 3262 longo.

783 3274 921 3360 Iamque
944 3275 1056 3359 iugum
1079 3274 1167 3359 regia
1189 3295 1294 3360 prona
1316 3276 1443 3342 cervice
1468 3277 1621 3343 subibant

785 3377 954 3443 Saxonum
978 3378 1128 3464 populus,
1150 3377 1263 3442 Pictus
1284 3377 1500 3464 Scotuaque³,
1524 3380 1712 3451 Britannus.

782 3483 916 3548 Interea
937 3481 1068 3566 placida
1090 3481 1184 3566 regni
1207 3479 1284 3544 dum
1306 3503 1389 3568 pace
1411 3484 1555 3560 tribunal

783 3586 932 3651 Rexcrat
954 3584 1166 3671 armipotens,
1190 3584 1305 3670 sopitis
1327 3584 1470 3671 undique
1493 3587 1600 3667 bellis,

784 3689 937 3754 Iustitiae
961 3687 1077 3752 validis
1100 3688 1240 3774 populos
1262 3687 1415 3752 frenabat
1437 3689 1585 3772 habenis,

784 3792 855 3857 Nec
871 3791 959 3878 rapit
974 3811 1065 3854 arma
1079 3789 1179 3868 furor,
1202 3790 1313 3876 legum
1330 3791 1389 3854 sub
1405 3791 1550 3877 pondere
1565 3815 1710 3880 pressus.

782 3896 927 3960 Ultrices
949 3895 1058 3959 timuit
1081 3894 1198 3980 capitis
1222 3894 1299 3979 quia
1321 3895 1458 3980 quisque
1482 3917 1624 3978 secures,

783 3997 926 4062 Provida
947 3998 982 4061 ni
1004 4003 1073 4062 toto
1097 4004 1245 4062 servaret
1267 4004 1401 4083 pectore
1426 3999 1518 4080 scita,

785 4098 878 4173 Quae
902 4101 1012 4187 posuit
1033 4101 1165 4186 populis
1188 4107 1297 4165 rector
1319 4101 1480 4166 servanda
1501 4103 1657 4169 subactis.
1688 4185 1691 4194 Κ

784 4203 917 4289 Accipit
938 4224 1075 4268 uxorem
1098 4203 1232 4267 australi
1255 4203 1296 4268 de
1319 4211 1412 4291 parte
1435 4204 1566 4271 fidelem
1576 4207 1599 4286 ⁴,

784 4307 933 4372 Moribus
955 4307 1123 4394 egregiam
1146 4312 1338 4392 patmmque
1362 4308 1403 4372 ab
1427 4309 1552 4394 origine
1576 4311 1707 4394 claram,
1829 4312 1860 4363 B.
1875 4312 1915 4376 Π,
1930 4325 1950 4362 ⁹·

787 4413 948 4478 Omnibus
971 4433 1009 4476 ao
1033 4417 1165 4475 sanctae
1189 4409 1265 4474 fidoi
1288 4410 1463 4476 uirtutibus
1485 4413 1614 4479 almam.

785 4517 847 4582 Cui
870 4515 966 4580 datur
988 4515 1125 4580 antistes
1147 4514 1236 4579 vitae
1260 4521 1406 4579 servator
1429 4515 1598 4590 honestae,

715 4645 726 4682 a
785 4621 925 4700 Nomine
947 4619 1117 4696 Paulinus,
1141 4617 1222 4681 civis
1246 4618 1447 4682 clarissimus
1469 4620 1560 4683 urbis

782 4724 962 4804 Romanae,
986 4743 1105 4807 magno
1128 4721 1318 4785 meritorum
1340 4722 1444 4787 fretus
1468 4723 1602 4802 honore,

784 4829 848 4903 Qui
871 4828 934 4892 fuit
957 4849 1014 4892 orc
1038 4826 1134 4890 simul
1157 4847 1260 4890 verax
1282 4833 1315 4891 ot
1337 4835 1471 4912 pectore
1495 4827 1649 4912 prudeus,

788 4931 937 4998 Iustitiae
961 4930 1075 5010 cultor,
1098 4950 1195 4994 verua
1218 4930 1352 5016 pietatis
1375 4937 1500 4995 amator
1511 4933 1533 5012 ⁵,

789 5035 980 5101 Catholicae
1003 5033 1126 5114 doctor,
1150 5034 1306 5099 caelestia
1329 5033 1415 5099 dona
1437 5035 1625 5099 ministrans

468 5332 623 5386 99-1203
640 5334 722 5385 occisit
740 5333 811 5384 Mau.
917 5329 968 5383 105
985 5339 1030 5382 tuo
1051 5330 1116 5380 Gale
1221 5327 1269 5378 lll
1288 5330 1410 5395 Hospites
1431 5330 1495 5380 Gale
1600 5327 1649 5380 121
1668 5330 1744 5396 longa
1765 5329 1830 5380 Gale

470 5505 494 5570 l)
517 5505 587 5558 Aca.
604 5503 648 5572 ΙΙ,
666 5501 718 5556 372
734 5499 826 5556 verbis
845 5499 995 5568 compellat
1012 5497 1117 5551 amicis.
1174 5497 1203 5564 2)
1224 5497 1268 5566 Os.
1287 5497 1354 5551 Aea.
1373 5496 1439 5560 VII,
1456 5496 1517 5549 345.
1574 5497 1601 5562 3)
1616 5497 1710 5550 Pictos
1729 5500 1753 5550 el
1773 5497 1870 5550 Scotoa
1883 5493 2024 5549 Alcuiaua

367 5601 483 5660 addidit.
552 5608 580 5672 4)
594 5605 796 5677 Ethelberyom,
805 5604 895 5673 filium
908 5601 1062 5656 Etbclberli
1073 5602 1148 5669 rogia
1163 5601 1284 5655 Contine.
1354 5601 1382 5668 5)
1404 5599 1447 5669 Os.
1460 5600 1574 5653 Aletrini
1584 5615 1681 5654 cranaos
1693 5599 1783 5653 Lemni
1789 5615 1884 5669 papae
1895 5599 2024 5652 mucoso

367 5706 493 5762 Iustitiae
511 5709 602 5764 cultor
620 5725 702 5764 venae
720 5713 749 5764 et
767 5706 882 5779 pietatis
900 5708 1016 5760 amator.
