4988 6434
1194 363 1197 366 ’
1224 367 1333 421 PAULI
1353 368 1502 424 DlACONl
1521 373 1696 428 CARMINA.

980 541 1010 600 o.
1033 538 1086 602 Ex
1109 539 1183 604 hino
1206 564 1309 626 usque
1335 565 1398 628 quo
1423 545 1562 609 salutem
1586 547 1677 632 virgo
1701 550 1813 614 mundi
1836 554 1974 638 peperit,

1077 666 1173 728 quem
1197 647 1377 732 prophetae
1400 649 1635 734 praedixerunt
1658 663 1830 718 venturum
1855 656 2062 736 Emmanuel,

1077 749 1269 814 ootodeoom
1293 761 1326 815 et
1350 753 1520 839 quingenti
1542 758 1667 839 peracti
1691 767 1766 822 suut
1789 761 1912 824 circuli.

979 889 1007 948 7.
1030 885 1104 951 Rex
1127 893 1260 952 eternus
1284 889 1439 954 mundum
1462 893 1553 955 venit
1576 901 1760 960 restaurare
1784 899 1957 984 perditum,

1076 992 1217 1076 quinque
1242 994 1332 1058 milia
1356 995 1498 1080 expletis
1523 999 1616 1062 annis
1641 1021 1660 1062 o
1684 1001 1844 1087 principio

1076 1103 1206 1159 eentum
1230 1103 1328 1182 atque
1351 1101 1529 1184 nonaginta
1552 1122 1669 1165 novem
1693 1104 1768 1168 hino
1793 1127 1851 1190 por
1874 1107 2043 1171 calculum.

979 1233 1009 1294 8.
1033 1231 1184 1296 Glorioso
1208 1235 1249 1298 ab
1274 1235 1417 1301 adventu
1442 1238 1657 1324 redemptoris
1682 1243 1825 1305 omnium

1077 1335 1116 1398 ad
1141 1335 1225 1400 huno
1249 1361 1352 1422 usque
1376 1341 1480 1424 primo
1502 1337 1676 1406 annum'in
1701 1367 1763 1429 quo
1787 1355 1837 1408 est
1860 1347 2004 1417 indictio,

1078 1441 1277 1525 septingenti
1302 1445 1476 1528 sexaginta
1498 1453 1630 1530 tresque
1656 1449 1751 1512 simul
1774 1452 1850 1514 anni
1874 1454 1974 1515 sunt.¹

979 1579 1008 1638 o.
1032 1576 1112 1640 Alto
1135 1599 1214 1662 paee
1238 1601 1322 1643 nnnc
1347 1583 1472 1644 exultat
1495 1579 1643 1646 Ausonia
1665 1587 1768 1668 regio,

1077 1679 1251 1744 Desiderio
1276 1683 1436 1768 simulque
1461 1683 1618 1749 Adelohis
1640 1689 1876 1770 regnantibus²

1076 1785 1315 1852 florentissimis
1339 1796 1372 1852 et
1395 1790 1476 1874 piis,
1500 1812 1573 1854 oum
1598 1793 1679 1857 haee
1702 1803 1857 1860 annotata
1881 1805 1973 1866 sunt:

962 1925 1010 1984 lo.
1034 1923 1258 2010 Prinoipatum
1280 1925 1464 1990 Beneventi
1488 1927 1621 1992 duotore
1644 1931 1823 1994 fortissimo

1076 2029 1216 2094 Areohis
1239 2037 1397 2115 regnante
1420 2030 1505 2095 freto
1529 2035 1661 2117 superni
1685 2036 1808 2098 auxilio

1075 2131 1266 2219 Adelperga
1289 2155 1361 2198 oum
1386 2135 1561 2218 tranquilla
1584 2137 1686 2221 stirpe
1711 2147 1786 2201 nata
1810 2141 1933 2222 regia.³

960 2272 1008 2331 11.
1032 2268 1137 2334 Iudex
1161 2270 1269 2334 veniet
1293 2291 1453 2356 supernus
1478 2271 1567 2334 volut
1591 2272 1698 2356 fulgor
1723 2275 1870 2354 caelitus

1076 2373 1146 2437 dies
1170 2373 1228 2438 sed
1252 2381 1307 2436 aut
1329 2373 1411 2437 hora
1434 2373 1563 2459 quando
1588 2397 1652 2438 non
1676 2383 1766 2461 patet
1791 2381 1992 2462 mortalibus

1075 2477 1156 2541 felin
1178 2477 1239 2540 erit
1263 2499 1359 2562 quem
1383 2484 1532 2562 paratum
1556 2477 1717 2542 invenerit
1740 2479 1901 2544 dominus.

961 2616 1009 2676 12.
1032 2613 1119 2678 Ante
1143 2621 1244 2694 tuum,
1268 2615 1353 2678 iuste
1378 2613 1488 2695 iudex,
1512 2613 1589 2679 dum
1613 2617 1741 2680 steterit
1765 2618 1882 2681 solium

1074 2719 1214 2783 Areehis
1237 2719 1400 2802 benignus
1424 2717 1538 2782 ductor
1560 2740 1631 2783 oum
1655 2721 1822 2804 praeclara
1845 2725 1995 2810 coniuge.

971 2843 977 2850 ·
1074 2822 1159 2887 dona
1182 2823 1230 2888 eis
1255 2845 1328 2894 oum
1352 2823 1466 2886 electis
1490 2822 1607 2885 laetari
1630 2824 1826 2907 perenniter.

1446 3268 1490 3332 II.

995 3424 1177 3498 VERSUS
1204 3426 1252 3498 IN
1280 3427 1439 3500 LAUDE
1468 3428 1640 3501 SANGTl
1667 3430 1929 3504 BENlllllCTl.

763 3603 891 3675 Diebus
915 3611 1089 3675 Iustiniani
1105 3611 1279 3676 orthodoxi
1295 3612 1504 3697 imperatoris
1521 3614 1637 3678 beatus
1655 3613 1855 3676 Benedictus
1872 3623 1973 3700 pater,
1991 3618 2044 3700 qui
2061 3619 2310 3686 monachorum

634 3719 781 3803 regulam
805 3716 955 3795 instituit,
979 3723 1011 3778 et
1034 3716 1124 3799 prius
1148 3716 1179 3778 in
1205 3717 1276 3778 looo
1300 3717 1355 3799 qui
1381 3715 1540 3779 Sublaous
1565 3717 1693 3795 dieitur,
1718 3717 1772 3800 qui
1796 3717 1837 3779 ab
1860 3718 1942 3782 urbe
1958 3719 2062 3783 Roma
2078 3720 2309 3806 quadraginta.

633 3824 767 3888 milibus
789 3823 893 3898 abest,
919 3827 952 3885 et
974 3828 1091 3904 postea
1115 3821 1147 3883 in
1170 3829 1277 3884 oestro
1302 3819 1433 3890 Casino,
1457 3821 1543 3905 quod
1561 3821 1631 3883 Arx
1654 3823 1848 3906 appellatur,
1873 3830 1906 3885 et
1928 3824 2144 3906 magnavitoe
2169 3829 2307 3894 meritis

634 3937 668 3995 et
690 3925 880 4012 apostolicis
904 3922 1079 3987 virtutibus
1106 3923 1207 3986 fulsit.
1262 3923 1365 3986 Cuius
1389 3926 1499 3996 vitam,
1531 3927 1615 3987 sieut
1638 3935 1749 3988 notum
1774 3933 1833 4002 est,
1865 3925 1981 3989 beatus
2005 3948 2089 4012 papa
2113 3925 2306 4011 Gregorius

633 4033 667 4096 in
698 4030 766 4094 suis
795 4027 934 4111 dialogis
967 4025 1059 4088 suavi
1084 4047 1234 4088 sermone
1259 4029 1451 4112 composuit.
1503 4028 1575 4112 Ego
1598 4049 1726 4112 qnoque
1750 4050 1808 4112 pro
1832 4029 1992 4112 parvitate
2017 4029 2139 4113 ingenii
2163 4034 2233 4096 mei
2258 4037 2305 4100 ad

633 4137 791 4200 honorem
815 4131 897 4194 tanti
913 4130 1015 4216 patris
1031 4130 1160 4212 singula
1177 4129 1247 4191 eius
1271 4130 1426 4194 miracula
1442 4154 1501 4216 por
1525 4132 1653 4214 singula
1674 4130 1790 4194 distica
1810 4131 1955 4215 elegiaco
1978 4140 2082 4197 metro
2110 4139 2304 4203 contexui¹1

997 4263 1116 4328 Ordiar
1142 4265 1229 4329 unde
1260 4272 1347 4346 tuos,
1377 4288 1469 4330 sacer
1498 4289 1516 4331 o
1545 4265 1744 4346 Benediote,
1773 4267 1978 4352 triumphos?

1084 4367 1252 4432 Virtutum
1282 4370 1429 4433 cumulos
1459 4370 1566 4434 ordiar
1594 4368 1680 4434 unde
1709 4377 1805 4432 tuos?

744 4548 863 4556 ——u-a—
1258 4545 2189 4556 ——w--m———-—--—-—-—-·--——-———·————-———--.—-..

737 4667 780 4730 6,ss
789 4661 935 4720 ootodaooni
946 4667 1099 4727 Bellorum,
1113 4666 1229 4716 octodeni
1247 4684 1312 4714 eor-r.
1328 4665 1441 4714 Ilurmer
1539 4661 1579 4724 753
1590 4664 1649 4712 hino
1665 4682 1712 4712 oue.
1727 4663 1758 4720 ,1,
1772 4663 1832 4712 arld.
1844 4663 1941 4712 Bellon.
2047 4664 2087 4728 ql
2099 4668 2169 4731 regio
2180 4671 2300 4721 »irisonin

640 4757 726 4805 Waltz.
737 4757 798 4804 haer
811 4755 923 4803 Ausonia
934 4753 1180 4806 llatae,n11soniana
1192 4751 1367 4817 h'gssarulrurdl
1455 4747 1497 4810 923
1507 4768 1573 4799 :nnio
1583 4759 1653 4798 tituta
1665 4751 1688 4796 ,1
1701 4749 1713 4797 1
1805 4745 1862 4806 11),3
1873 4751 2021 4814 stirpenlula
2034 4751 2103 4816 regio
2117 4751 2150 4804 ,1.
2162 4754 2234 4817 regio
2246 4757 2271 4804 ,1
2285 4756 2298 4804 1

634 4839 690 4904 ll‚l
702 4841 774 4891 uenit
786 4839 808 4887 ,1
821 4836 833 4887 1
924 4837 982 4902 11,3
992 4840 1111 4888 dominus
1122 4838 1247 4888 invenerit
1260 4837 1306 4892 ne,
1318 4836 1463 4898 (irmanhilt,
1474 4837 1572 4884 steterit
1579 4837 1800 4899 pronmuiuudum
1813 4837 1858 4884 erit
1873 4835 1913 4896 ll')
2003 4834 2062 4900 123
2075 4838 2238 4902 perhenniter
2250 4843 2274 4890 ,1
2286 4843 2299 4893 l

736 4925 746 4988 ΙΙ
760 4927 856 4974 Versus
869 4952 901 4959 —
916 4927 1046 4975 Benedicti
1056 4925 1082 4974 P
1091 4927 1116 4988 Ι1.
1133 4921 1188 4984 1311,
1208 4923 1300 4987 lneipit
1318 4922 1476 4987 prohemium
1495 4922 1650 4971 uenerabilis
1664 4923 1736 4971 l'nnli
1755 4922 1853 4970 diaconi
1874 4922 1899 4969 in
1918 4939 2009 4972 uersus
2027 4924 2057 4973 de
2071 4925 2201 4974 miraculis
2214 4931 2300 4980 aurioli

633 5015 711 5080 patris
735 5013 866 5063 Benedicti
891 5011 915 5058 V
933 5013 1027 5075 (l'ariv.
1053 5006 1147 5064 12112),
1180 5010 1270 5075 lncipit
1299 5010 1420 5074 prologus
1443 5008 1517 5056 Pauli
1545 5009 1645 5056 dineoni
1665 5010 1687 5056 l'
1706 5008 1851 5068 (ls'osiuens.
1877 5006 1934 5062 sr'rl.
1958 5010 2065 5058 l’ronico
2089 5010 2119 5058 de
2143 5017 2302 5064 rnonnaterio

632 5099 784 5150 sanctissimi
804 5099 934 5148 Benedicti
954 5097 983 5145 ,11
1006 5097 1108 5154 (tirsi-u.
1133 5093 1185 5146 353
1207 5113 1225 5144 s.
1251 5097 1281 5143 X.
1308 5095 1367 5146 inl.
1396 5095 1450 5143 sirie
1474 5093 1545 5141 titulo
1568 5094 1623 5141 rell.
1632 5131 1638 5154 ,
1659 5095 1848 5158 praeputiorum
1870 5111 1916 5142 orn.
1943 5095 1967 5143 11
1990 5095 2127 5150 (l'oaunol.
2154 5097 2174 5144 ll
2194 5099 2236 5148 ll'.
2265 5102 2300 5152 18

632 5189 651 5246 f,
673 5184 731 5250 137)
756 5183 813 5235 PL
831 5183 959 5244 (Μάρκε.
977 5183 1043 5232 l'oar.
1060 5183 1118 5232 Lar.
1136 5190 1218 5245 quml.
1242 5179 1274 5229 11)
1290 5197 1308 5228 s.
1324 5181 1380 5244 XJ'.
1398 5178 1443 5240 4⁶),
1462 5179 1493 5228 de
1507 5179 1628 5226 rurr'etole
1645 5180 1767 5228 libroruin
1783 5179 1971 5229 irisalu'slorioe
1985 5179 2099 5242 Iurnyod.
2114 5179 2193 5261 Bauli
2208 5185 2300 5236 rideas

626 5241 765 5324 ¹edr'h'onem
784 5288 802 5319 o
822 5269 981 5320 Bethoronno
998 5270 1151 5333 ll'oitzioque
1165 5278 1299 5332 prorutum.
1338 5269 1359 5326 ¹)
1370 5267 1481 5333 Explicit
1492 5264 1657 5331 prohemium.
1670 5267 1796 5331 incipiunt
1808 5283 1898 5316 uersus
1914 5266 1937 5314 l'
2003 5264 2299 5322 ‘'ll'irurlunrlitulosL

738 5443 763 5504 l)
783 5437 897 5492 indictio
912 5437 1004 5505 primo
1022 5437 1168 5505 respondet
1186 5451 1281 5488 rorem
1300 5453 1372 5490 uano
1392 5434 1449 5488 763.
1521 5437 1547 5498 ‘ll
1569 5433 1872 5506 Desideriosrepnorit
1890 5450 1915 5485 o.
1936 5434 2079 5500 ror-774,
2099 5434 2216 5488 Adelolu'
2230 5440 2296 5504 filio

632 5563 657 5598 o.
678 5543 727 5596 759
746 5545 876 5609 Arrpuslo
899 5555 987 5593 urenae
1010 5541 1040 5593 in
1063 5539 1142 5608 repul
1169 5539 1336 5592 consortium
1364 5543 1513 5605 ossuuqrto.
1610 5537 1636 5600 32)
1656 5537 1767 5590 Arichis
1785 5536 1843 5588 dou
1861 5537 2065 5589 Beneuentanis
2080 5539 2211 5605 praefuit
2230 5542 2295 5598 inde

632 5666 650 5701 a
669 5662 729 5700 vere
748 5644 817 5697 anni
836 5642 886 5695 758
904 5657 991 5711 osque
1008 5643 1045 5698 od
1063 5659 1165 5698 anuum
1184 5642 1243 5710 787,
1261 5641 1297 5708 cf.
1318 5641 1350 5694 F.
1372 5640 1476 5694 Hirsuta
1494 5637 1545 5691 dcis
1565 5637 1751 5708 llorropllrum
1770 5639 1908 5695 Beueernt
1923 5655 1951 5710 p.
1970 5639 2006 5692 45
2023 5656 2048 5692 n.
2068 5641 2091 5693 2.
