4598 6414
1040 385 1254 443 BERNOWINI
1273 383 1448 444 caunum.

1196 647 1288 712 XXI.

781 771 865 852 ilex,
903 772 1049 857 requiem
1076 771 1273 835 Beruowiuo
1302 770 1343 834 da
1371 777 1465 856 pater
1487 776 1584 855 atque
1608 770 1681 856 pius
1706 771 1767 839 rex

783 873 987 959 berclagum,
1011 873 1074 937 hoc
1088 873 1208 952 tribue,
1231 879 1267 937 nt
1284 894 1394 937 secum
1412 893 1543 959 semper
1563 879 1694 936 maneat
1709 872 1768 940 leX

782 978 871 1056 lux,
905 976 1049 1043 concede
1085 977 1148 1040 sibi
1182 998 1327 1062 semper,
1363 997 1425 1061 quo
1459 977 1546 1040 clara
1580 977 1679 1040 micet
1708 975 1769 1043 lux

781 1080 864 1158 Pax,
902 1100 1017 1166 pacem
1047 1079 1167 1162 largire
1195 1078 1300 1163 piam,
1340 1099 1418 1142 vera
1450 1100 1485 1143 cs
1515 1078 1668 1162 quoniam
1698 1077 1766 1163 an

712 1206 724 1242 s
784 1183 894 1262 llex¹,
939 1182 1085 1266 requiem
1131 1181 1179 1244 illi
1230 1179 1271 1244 da
1314 1186 1409 1266 pater
1449 1187 1545 1265 atque
1592 1181 1665 1266 pius
1704 1180 1767 1248 reX

781 1285 848 1353 lex
884 1286 994 1370 legum
1028 1285 1129 1347 vitam
1163 1290 1330 1348 aeternam
1367 1284 1414 1346 illi
1449 1283 1505 1363 da,
1541 1284 1616 1368 quia
1645 1290 1680 1346 tu
1708 1282 1766 1350 lex

780 1389 866 1467 lux,
894 1390 1003 1453 lucem
1032 1408 1165 1472 semper
1191 1386 1334 1451 concede
1364 1387 1426 1466 illi,
1458 1386 1544 1450 bona
1566 1387 1621 1471 qui
1645 1407 1681 1450 es
1704 1385 1765 1453 lux

780 1492 866 1571 Pax,
903 1513 1019 1578 pacem
1056 1490 1177 1574 largire
1214 1491 1286 1576 pia,
1323 1511 1402 1553 vera
1436 1511 1471 1553 es
1512 1490 1664 1574 quoniam
1696 1487 1764 1575 pax

781 1595 866 1678 llex,
889 1597 955 1675 lex,
979 1597 1046 1674 lux,
1071 1614 1147 1680 pax,
1170 1611 1255 1658 nuuc
1279 1595 1446 1658 miserere.

781 2126 875 2192 Haec
899 2127 954 2212 qui
977 2148 1069 2192 sacra
1091 2128 1177 2212 petis
1200 2125 1377 2192 venerandi
1401 2124 1543 2189 culmina
1565 2125 1690 2211 templi,

864 2229 1014 2293 Eximius
1038 2230 1146 2293 cultus
1170 2251 1252 2314 qnae
1276 2229 1410 2315 pietatis
1433 2227 1566 2308 habeut,

781 2332 855 2396 Hoc
878 2333 1008 2416 relegas
1032 2354 1164 2397 carmen
1187 2333 1291 2396 nostri
1314 2331 1501 2396 miserabile
1526 2352 1632 2407 casus,

864 2435 989 2499 Ultima
1012 2458 1108 2521 quem
1131 2437 1218 2500 vitae
1242 2436 1379 2500 contulit
1401 2436 1482 2499 hora
1505 2436 1593 2499 milri.

713 2560 725 2596 ὁ
781 2538 884 2603 Dives
909 2560 998 2604 eram
1021 2539 1195 2624 qnondam,
1217 2540 1283 2602 lato
1307 2539 1451 2602 famosus
1474 2539 1507 2601 iu
1531 2537 1620 2616 orbe,

864 2641 1072 2728 Principibus
1095 2643 1197 2705 multo
1221 2663 1315 2705 carus
1339 2662 1450 2704 amore
1472 2641 1547 2725 piis.

782 2743 896 2809 Gloria
917 2767 970 2810 me
995 2767 1103 2810 rerum
1126 2746 1236 2830 magui
1258 2744 1425 2809 referebat
1448 2745 1565 2830 opium,

868 2845 934 2911 Sed
958 2869 1073 2932 regum
1098 2849 1195 2911 solita
1216 2847 1318 2933 pluris
1342 2846 1496 2911 amicitia.

783 2949 964 3034 Propterea
986 2951 1098 3037 populi
1121 2951 1212 3034 largo
1236 2948 1419 3014 venerabar
1441 2950 1563 3013 honoro

700 3072 725 3112 ro
867 3052 1061 3116 Muneribus
1085 3053 1193 3116 nimiis
1216 3059 1313 3136 atque
1336 3052 1447 3116 favore
1470 3052 1589 3136 precis.

784 3154 851 3220 Sed
875 3156 984 3219 subita
1007 3162 1142 3242 ereptus
1165 3162 1256 3219 tauto
1280 3154 1320 3219 de
1345 3156 1485 3220 culmine
1509 3163 1607 3232 sorte,

863 3259 1007 3342 Augusti
1030 3258 1161 3343 requies
1184 3277 1236 3321 me
1259 3263 1351 3322 tenet
1373 3258 1437 3320 ista
1458 3257 1532 3319 loci.

782 3361 876 3425 Haec
900 3361 960 3423 tibi
982 3359 1062 3423 daut
1085 3366 1229 3436 nostrae,
1252 3361 1364 3438 lector,
1388 3360 1539 3445 exempla
1561 3359 1695 3443 figurae,

868 3464 984 3528 Totius
1008 3463 1070 3527 hoc
1093 3465 1179 3528 vitae
1203 3485 1265 3547 quo
1289 3463 1447 3548 gradiaris
1469 3464 1543 3543 iter,

703 3588 726 3624 u
784 3565 857 3638 Quo
881 3588 942 3631 uec
965 3566 1096 3630 divitias
1119 3588 1180 3631 uec
1203 3568 1311 3653 turpia
1333 3568 1424 3631 lucra
1447 3567 1604 3650 sequaris,

865 3667 936 3732 Nec
959 3670 1122 3754 periturus
1147 3691 1203 3734 eas
1227 3690 1326 3734 caeca
1348 3670 1473 3734 talenta
1495 3676 1623 3755 petens,

783 3769 874 3844 Quae
898 3771 975 3836 dum
999 3779 1169 3836 servantur
1191 3773 1338 3837 tenebris
1361 3773 1507 3836 inmersa
1530 3769 1710 3857 profundis,

802 3955 805 3962 Ι
865 3873 904 3938 In
926 3875 1047 3940 baratri
1071 3876 1204 3939 mittunt
1227 3882 1321 3940 antra
1343 3881 1471 3940 sacrata
1493 3895 1581 3938 suos.

784 3977 870 4052 Quid
892 3977 1042 4043 delicatis
1066 3979 1201 4065 prodest
1224 3978 1420 4043 adsuescere
1443 3977 1577 4056 mensis,

703 4101 728 4138 20
873 4080 1000 4153 Quidve
1023 4081 1171 4145 laborata
1194 4103 1337 4167 purpura
1360 4081 1400 4145 ab
1424 4087 1494 4144 arte
1517 4078 1599 4143 tibi?

782 4181 865 4246 Nam
888 4183 984 4249 datur
1006 4184 1122 4249 infelix
1145 4206 1273 4270 corpus,
1297 4185 1349 4247 cui
1373 4191 1464 4247 tauta
1485 4190 1649 4269 parantur,

865 4285 988 4350 Adlore
1011 4308 1088 4350 mox
1110 4287 1217 4372 pulvis
1239 4285 1404 4350 vermibus
1427 4307 1504 4350 esca
1527 4285 1633 4350 simul.

784 4375 850 4451 Sed
872 4388 937 4451 iam
960 4409 1071 4474 posce,
1095 4389 1200 4452 vicem
1224 4388 1342 4453 reddas
1365 4387 1445 4451 mihi
1469 4389 1621 4451 carminis
1644 4388 1751 4468 huius,

864 4491 974 4575 Atque
998 4491 1123 4572 ‘Illius',
1147 4491 1209 4572 dic,
1233 4493 1400 4556 ‘miserere
1423 4490 1532 4556 deus'!

702 4615 727 4653 rs
785 4593 882 4658 Hunc
907 4594 1050 4660 concedo
1074 4595 1164 4675 mihi,
1188 4596 1335 4680 quisquis
1359 4594 1509 4659 succedis
1532 4594 1655 4658 honore

865 4695 998 4777 Nostro,
1022 4697 1159 4784 deposui
1183 4699 1236 4762 cui
1258 4720 1333 4763 mea
1355 4698 1511 4776 membra,
1535 4699 1659 4770 locum;

758 4855 760 4858 .
784 4798 899 4875 Quem,
923 4807 1012 4886 peto,
1035 4801 1125 4865 nulla
1147 4823 1262 4865 manus
1285 4801 1395 4882 violet,
1421 4801 1497 4864 dum
1520 4800 1608 4864 dicat
1630 4799 1671 4863 ab
1695 4799 1760 4862 alto
1853 4863 1854 4866 ,

870 4903 1100 4990 Omnipotens:
1126 4904 1260 4989 ‘Surget
1285 4905 1348 4969 iam
1371 4905 1451 4969 tube
1473 4911 1585 4968 nostra
1607 4902 1720 4968 iubet’

784 5004 872 5085 Vita,
897 5008 995 5087 salus,
1019 5008 1160 5093 requies,
1184 5030 1271 5094 spes,
1294 5009 1409 5092 gloria,
1433 5009 1547 5093 gratia,
1570 5007 1682 5084 virtus,

701 5130 727 5169 so
870 5109 923 5174 Da
945 5111 1076 5175 veniam
1098 5112 1218 5176 famulo
1242 5118 1278 5176 tu
1299 5111 1389 5186 milri,
1413 5110 1554 5186 Christe,
1577 5118 1645 5174 tue.

486 5372 569 5442 [xxr]
605 5371 790 5440 engrano
809 5370 980 5428 auersas.
1086 5367 1148 5421 sa
1167 5388 1194 5422 ss
1212 5370 1293 5422 uxr
1371 5333 1372 5336 ‘

486 5458 580 5527 [xxii]
604 5457 622 5510 5
639 5461 709 5510 Aue·
721 5457 753 5522 P,
770 5458 850 5508 Dives
860 5457 930 5508 Mac.
1002 5453 1098 5523 imagi
1111 5456 1141 5520 P,
1159 5474 1233 5524 mago
1244 5457 1315 5508 Mas.
1385 5454 1501 5523 8plures
1512 5454 1537 5505 P
1604 5452 1638 5506 10
1650 5458 1737 5508 fauere
1754 5457 1851 5523 praecis
1862 5457 1892 5522 P,
1901 5460 1987 5509 favore
1998 5457 2068 5508 Mae.

418 5547 450 5600 12
468 5547 582 5614 Augusti
591 5544 622 5610 P,
639 5547 751 5612 Augusti
761 5544 841 5594 Mori.
913 5539 946 5593 1ss
964 5549 1053 5608 pateus
1066 5541 1098 5606 P,
1115 5551 1204 5610 petens
1219 5543 1289 5594 Mcb.
1396 5541 1429 5593 18
1446 5559 1517 5593 sacru
1529 5541 1561 5606 P,
1583 5549 1681 5593 sacrata
1696 5544 1766 5594 Mau

521 5683 547 5754 1)
565 5697 589 5734 o.
608 5679 677 5734 5-8
693 5679 777 5734 buius
794 5679 922 5732 carminis
939 5679 1037 5746 (supro
1051 5693 1083 5747 p.
1100 5678 1161 5746 356)
1179 5679 1213 5734 ab
1234 5677 1371 5747 Horiulfo
1390 5677 1428 5731 cd
1446 5674 1597 5745 Aapilberti
1615 5677 1785 5748 sepulturam
1803 5679 1971 5750 reseruntur.
