4694 6428
1145 393 1295 458 ALCUINI
1313 396 1488 457 CARMINA.

859 572 981 638 Vidisti
1004 572 1136 638 sodem'.
1181 572 1340 639 luvcuem
1362 596 1422 640 nec
1446 596 1552 640 sermo
1573 574 1700 640 lelellit.

858 676 944 741 Nam
967 677 1030 740 cito
1054 677 1228 759 convaluit,
1252 677 1329 744 dum
1353 679 1402 743 sol
1425 680 1581 744 rutilabat
1603 679 1644 743 ad
1663 685 1784 752 ortum;

859 780 946 845 Ante
971 779 1058 844 diem
1082 779 1226 845 medium
1249 780 1356 845 fuerat
1380 781 1437 846 sed
1460 789 1607 846 mortuus
1630 781 1724 846 alter.

859 880 921 946 Ille
944 889 1054 948 tamen
1077 883 1205 947 iuvenis
1228 904 1364 968 parvum
1386 891 1462 970 post
1482 891 1612 969 tempus
1635 884 1751 948 eodem

778 1007 782 1018 ·
860 984 956 1050 Anno
979 985 1161 1070 percutitur
1183 985 1369 1071 populantis
1393 993 1487 1071 peste
1510 986 1643 1065 doloris,

858 1088 967 1174 Atque
990 1089 1070 1153 mihi
1092 1088 1202 1152 statim
1226 1088 1339 1152 morbo
1362 1088 1528 1174 praedixit
1550 1089 1583 1152 in
1606 1089 1678 1153 illo:

857 1189 940 1255 ‘Hae
962 1192 1017 1256 lue
1040 1193 1104 1256 iam
1127 1191 1255 1270 moriar,
1280 1191 1344 1255 cito
1368 1192 1473 1256 carnis
1498 1192 1640 1256 claustra
1662 1191 1863 1276 relinquam'.

857 1293 928 1358 Nec
951 1315 1047 1359 secus
1071 1295 1192 1375 evenit,
1216 1295 1368 1378 quoniam
1391 1295 1440 1358 vis
1465 1315 1583 1378 magua
1605 1294 1726 1358 doloris

860 1396 981 1478 Crevit,
1006 1405 1040 1462 et
1064 1404 1245 1462 extremam
1268 1398 1419 1462 iuvenem
1442 1396 1579 1462 deduxit
1601 1397 1634 1461 in
1657 1395 1782 1462 horam.

860 1498 925 1573 Qui
947 1501 1039 1565 tenui
1062 1500 1205 1564 moriens
1228 1500 1370 1564 animam
1394 1499 1565 1564 traducere
1589 1501 1667 1563 flatu

855 1602 943 1668 Dum
967 1603 1087 1689 coepit,
1110 1603 1219 1668 fuerat
1241 1605 1380 1690 vigilans
1404 1625 1422 1668 e
1445 1603 1598 1668 fratribus
1622 1624 1716 1676 unus.

855 1706 916 1771 Vir
937 1707 1060 1793 probus
1084 1712 1117 1771 et
1139 1727 1251 1788 verax,
1274 1706 1356 1771 vidit
1378 1707 1433 1792 qui
1456 1707 1597 1771 culmine
1620 1706 1661 1769 ab
1683 1707 1750 1770 alto

856 1807 1079 1874 Descendisse
1101 1811 1208 1874 virum
1230 1809 1313 1874 facie
1337 1830 1397 1874 seu
1419 1815 1512 1874 veste
1535 1829 1715 1890 coruscum,

854 1911 899 1976 Et
920 1913 1072 1999 posuisse
1096 1933 1189 1977 suum
1212 1933 1288 1976 mox
1311 1933 1349 1977 os
1371 1912 1540 1976 morientis
1562 1911 1603 1976 ad
1627 1932 1693 1992 ora,

854 2015 1014 2081 Blandius
1035 2017 1209 2103 amplexus
1231 2016 1382 2081 manibus
1405 2035 1534 2103 quoque
1557 2016 1704 2081 membra
1726 2017 1887 2088 cubantis:

853 2119 1105 2206 Regressusque
1128 2121 1270 2184 animam
1298 2120 1431 2185 solvens
1451 2119 1493 2184 de
1517 2140 1648 2185 carcere
1672 2120 1777 2184 carnis

853 2220 976 2288 Erexit
998 2223 1138 2287 volitans
1162 2243 1275 2288 secum
1299 2243 1398 2308 super
1420 2229 1508 2286 astra
1529 2223 1689 2308 polorum.

901 2325 994 2392 Haec
1016 2346 1078 2411 ego
1094 2332 1194 2390 nauta
1210 2324 1319 2390 rudis¹
1338 2325 1461 2390 teneris
1478 2333 1633 2410 congesta
1648 2325 1777 2404 earinis,

854 2427 920 2492 Per
941 2429 1051 2514 pelagi
1073 2429 1190 2492 fluctus
1215 2433 1248 2492 et
1271 2425 1437 2513 pervade
1460 2447 1558 2492 caeca
1580 2426 1777 2512 gubernans,

857 2529 1048 2620 Euborioae
1065 2530 1106 2596 ad
1129 2537 1259 2617 portum
1282 2531 1477 2596 commercia
1499 2531 1569 2594 iure
1591 2530 1723 2604 reduxi3

853 2633 978 2721 Utpote
994 2657 1077 2721 quae
1099 2635 1265 2721 proprium
1282 2633 1413 2698 sibime
1429 2633 1562 2698 nutrivit
1579 2633 1744 2698 alumnum
1753 2633 1777 2712 ²,

854 2736 977 2802 Imbuit
1000 2744 1034 2803 et
1056 2739 1170 2824 primis
1193 2744 1369 2821 utcumque
1392 2743 1544 2801 verenter
1566 2735 1607 2799 ab
1630 2737 1733 2800 aunis.

856 2839 952 2906 Haec
973 2841 1095 2906 idcirco
1119 2841 1172 2906 cui
1194 2841 1335 2927 propriis
1359 2839 1400 2904 de
1423 2838 1569 2925 patribus
1592 2846 1690 2925 atque

852 2943 1001 3030 Regibus
1024 2951 1058 3010 et
1081 2945 1201 3009 sanctis
1225 2944 1346 3010 ruralia
1369 2944 1512 3008 carmina
1535 2944 1661 3028 scripsi.

853 3046 926 3112 Hos
949 3048 1237 3135 pentetecosten,
1260 3048 1355 3132 tetigi
1379 3067 1459 3132 quos
1483 3046 1633 3110 versibus
1655 3047 1737 3129 istis,

852 3149 1023 3236 Deprecor
1044 3157 1082 3215 ut
1103 3156 1248 3215 nostram
1270 3149 1382 3214 mundi
1405 3148 1446 3214 de
1469 3151 1598 3234 gurgite
1628 3150 1775 3234 cymbam

851 3255 905 3320 Ad
927 3263 1057 3343 portum
1080 3257 1169 3321 vitae
1193 3255 1318 3321 meritis
1341 3254 1559 3341 precibusque
1582 3254 1775 3340 gubernent.

1288 3615 1333 3680 Π.

941 3743 1284 3818 EPITAPHIUM
1319 3739 1690 3832 [AELBERHTll.

848 3875 1052 3940 Pontificalis
1076 3896 1173 3961 apex,
1197 3874 1323 3939 meritis
1345 3873 1501 3958 archique
1525 3871 1678 3937 sacerdos

932 3978 1158 4044 Aelberhtus³
1182 3979 1283 4044 sacris
1306 3978 1371 4042 iam
1393 3977 1570 4041 miserante
1594 3975 1665 4055 deo,

760 4107 762 4111 ’
848 4081 1013 4147 Euborica
1035 4081 1148 4147 doctor
1171 4081 1293 4147 celebri
1315 4081 1483 4166 preclarus
1506 4079 1540 4143 in
1562 4078 1676 4158 urbe⁴,

934 4183 1000 4258 Qui
1023 4205 1154 4272 semper
1177 4184 1312 4270 sophiae
1335 4203 1474 4268 magnus
1498 4187 1625 4246 amator
1647 4187 1732 4254 erat;

779 4309 791 4344 c
848 4285 971 4350 imbuit
993 4285 1047 4351 hic
1069 4293 1203 4352 teneros
1226 4285 1418 4350 liberalibus
1442 4284 1568 4349 artibus
1590 4304 1692 4347 annos

932 4386 1081 4453 Sollicita
1103 4388 1207 4474 primo
1230 4394 1340 4452 mente
1362 4385 1511 4451 docendo
1535 4407 1642 4460 meos;

849 4489 955 4563 Quem
978 4512 1183 4578 quocumque
1207 4491 1349 4577 quidem,
1373 4489 1504 4554 Christo
1527 4488 1685 4566 ducente,
1715 4487 1865 4566 cucurrit,

927 4594 1105 4681 Promptus
1128 4601 1238 4659 mente
1261 4593 1345 4680 pede
1369 4593 1500 4677 iamque
1523 4597 1656 4656 secutus
1672 4610 1772 4670 eram,

845 4696 933 4761 Dum
949 4697 1090 4762 Romam
1111 4696 1238 4762 eunctis
1261 4694 1483 4761 venerandam
1503 4692 1656 4778 gentibus
1678 4692 1825 4773 urbem⁵,

767 4821 791 4859 ιο
933 4799 1084 4865 Veliam
1107 4799 1307 4864 Francorum
1330 4796 1445 4863 florida
1467 4795 1684 4881 regnapetit,

556 5057 603 5128 [Il]
639 5059 841 5128 EpitupiriumR
859 5057 954 5123 (Poris.
967 5055 1054 5122 9347),
1072 5060 1126 5110 aim
1144 5060 1215 5110 baclo
1234 5058 1260 5109 P
1274 5058 1370 5122 (Por-ic.
1384 5053 1485 5120 10307).
1527 5055 1631 5106 Ibimus
1648 5071 1761 5120 pacsque
1779 5071 1896 5105 ocrearum
1910 5060 2144 5119 peucowtromm

481 5143 570 5195 litos-ac
587 5163 635 5196 orn.
653 5145 679 5196 P
780 5141 998 5216 2AelbertusR,
1016 5143 1183 5195 olbcrctusP
1274 5141 1413 5206 3urpr
1506 5138 1683 5207 droplriueP
1773 5138 1938 5206 8ruptusP

581 5296 608 5364 1)
629 5296 672 5365 Cf.
690 5295 769 5363 {asra
787 5309 885 5348 versos
902 5299 932 5347 in
951 5292 1072 5348 tillicto.
1091 5293 1236 5348 Volliccll.:
1255 5295 1351 5348 Ncuta
1369 5291 1445 5346 rudis
1458 5291 1553 5360 pelagi
1566 5293 1598 5345 ut
1610 5290 1700 5345 suevis
1713 5293 1823 5360 ereptus
1836 5291 1871 5344 ab
1884 5289 1978 5352 undis;
2004 5288 2146 5348 Vocontii

477 5395 623 5453 Fortunat.
641 5399 767 5469 praefat.
785 5397 815 5451 in
833 5398 921 5451 uitam
940 5397 969 5450 S.
990 5397 1110 5452 Martini
1126 5413 1151 5452 o.
1170 5399 1194 5451 1.
1273 5398 1301 5464 2)
1322 5397 1364 5464 Os.
1382 5397 1461 5465 episl.
1481 5394 1602 5448 Eborac.
1620 5410 1691 5448 moa.
1711 5409 1764 5448 scr.
1784 5396 1823 5463 (p.
1841 5393 1916 5460 249);
1944 5391 1998 5445 Vos
2016 5391 2143 5463 fragiles

476 5497 612 5553 infantiae
635 5517 713 5555 meae
735 5516 822 5554 annos
844 5501 970 5554 materno
995 5500 1103 5555 fovistis
1126 5501 1241 5564 affectu;
1269 5502 1308 5571 (p.
1330 5501 1391 5568 250)
1419 5499 1496 5554 cuius
1521 5498 1668 5551 infantiam
1692 5497 1809 5552 aluistis.
1897 5498 1925 5564 3)
1943 5495 2143 5554 Eborcoeasis

476 5601 708 5672 archiepiscopus,
730 5601 884 5657 roa-780.
972 5605 1000 5672 4)
1025 5603 1068 5673 Cf.
1087 5619 1174 5674 supra
1187 5621 1218 5674 p.
1236 5603 1289 5657 210
1306 5621 1330 5658 o.
1350 5602 1425 5657 1430.
1515 5603 1541 5666 5)
1566 5601 1610 5655 Io.
1637 5616 1661 5654 o.
1681 5601 1747 5654 1457
1766 5601 1818 5654 Hic
1837 5615 1948 5668 quoque
1966 5599 2140 5657 Romuleam

475 5703 554 5756 venit
572 5703 688 5757 devotus
706 5705 742 5758 ad
761 5705 866 5769 urbem,
885 5705 923 5772 ef.
942 5706 1021 5773 epist.
1039 5705 1091 5760 269
1108 5723 1135 5775 p.
1155 5707 1207 5761 835
1226 5705 1267 5760 ed.
1286 5707 1367 5775 Ioffd.
