4666 6406
811 412 935 468 TITULI
953 412 999 466 ET
1018 413 1184 468 CARMINA
1202 413 1356 467 MINORA.

1023 670 1145 736 LXVI.

863 796 912 869 IN
940 795 1086 869 OBITU
1112 796 1305 872 DAMASI.

624 930 687 1004 Qui
710 928 862 1015 gradiens
884 929 993 1015 pelagi
1015 929 1132 994 fluctus
1156 929 1349 1016 compressit
1369 951 1509 1010 amaros,
1547 985 1549 988 .

623 1034 745 1099 Vivere
769 1033 824 1118 qui
845 1038 992 1118 praestat
1013 1032 1186 1098 morientia
1208 1035 1334 1100 semina
1354 1040 1471 1115 terrae,

623 1137 759 1203 Solvere
783 1137 837 1223 qui
859 1137 964 1223 potuit
986 1137 1108 1221 legalia
1129 1137 1259 1202 vincula
1281 1137 1404 1218 mortis,

620 1240 701 1304 Post
724 1238 1045 1314 tenebras-fratrem,
1068 1247 1142 1325 post
1164 1241 1262 1305 tertia
1282 1240 1405 1304 lumina
1429 1240 1518 1317 solis,

553 1366 565 1403 s
623 1343 677 1407 Ad
701 1363 839 1428 superos
863 1337 982 1407 iterum
1004 1341 1154 1408 Marthae
1168 1342 1299 1420 *donare
1323 1343 1437 1424 sorori,

620 1447 702 1510 Post
725 1447 851 1510 cineras
871 1446 1051 1511 Damasum
1074 1447 1174 1511 faciet
1196 1448 1272 1532 quia
1288 1467 1435 1530 surgere,
1458 1445 1566 1510 oredo.

973 1811 1149 1938 svass.

255 2000 387 2092 QUOD
414 1999 535 2073 DEUS
561 1998 660 2072 NON
686 1997 813 2071 LOCO
842 1997 1164 2087 QUAERENDUS
1192 1997 1278 2086 SIT,
1307 1997 1393 2070 SED
1420 1995 1624 2070 PIETATE
1643 1997 1903 2074 COLENDUS.

617 2133 691 2196 Non
713 2138 839 2197 tantum
862 2131 928 2196 isse
952 2132 1042 2195 iuvat
1064 2130 1213 2209 Romam,
1237 2130 1322 2195 bene
1345 2131 1456 2194 vivere
1480 2137 1646 2216 quantum,

700 2235 765 2300 Vel
786 2234 924 2315 Romae,
948 2235 1001 2300 vel
1023 2233 1080 2298 ubi
1102 2234 1170 2298 vita
1192 2235 1300 2318 agitur
1323 2235 1474 2300 hominis.

616 2339 690 2404 Non
713 2339 776 2420 via,
800 2336 907 2414 oredo,
930 2337 1061 2422 pedum,
1086 2337 1143 2402 sed
1167 2358 1292 2401 morum
1316 2337 1405 2401 ducit
1427 2337 1468 2401 ad
1491 2344 1588 2420 astra,

703 2441 784 2515 Quis
808 2440 886 2527 quid
909 2439 1030 2505 ubioue
1052 2440 1147 2524 gerit,
1171 2447 1298 2526 spectat
1319 2440 1360 2505 ab
1383 2462 1458 2505 aree
1483 2440 1574 2506 deus.

1182 2646 1283 2654 ...n-..n—

996 2866 1152 2932 LXVIII.

712 2991 790 3065 DIE
817 2991 1052 3065 SOLLEMNI
1080 2990 1453 3065 ANNIVERSARIO.

615 3123 680 3188 Hic
703 3123 832 3210 populis
856 3123 988 3204 nostris,
1012 3124 1175 3208 cleroque,
1200 3124 1367 3209 sacrisque
1391 3121 1562 3203 ministris,

615 3226 735 3289 Annua
758 3225 926 3289 sollemnis
949 3231 1136 3289 remearunt
1157 3224 1277 3309 gaudia
1299 3225 1387 3290 festi.

615 3327 700 3392 Nam
723 3328 795 3412 quis
818 3348 883 3392 non
907 3333 1017 3391 tantae
1041 3327 1231 3391 thesaurum
1253 3327 1314 3390 rite
1338 3327 1474 3412 sophiae

615 3427 782 3493 Laudibus
805 3449 843 3492 ac
867 3429 951 3493 votis
974 3430 1124 3494 venerari
1147 3430 1268 3515 gestiat
1290 3428 1427 3514 amplis?

545 3557 556 3594 a
616 3532 670 3597 Ex
693 3553 756 3618 quo
779 3533 948 3618 perpetuis
972 3542 1128 3599 ornantur
1151 3535 1283 3598 saecula
1305 3535 1408 3619 gazis,

615 3642 745 3706 Aureus
768 3640 853 3705 unda
877 3627 976 3706 micat
999 3643 1135 3706 caelesti
1159 3641 1311 3726 dogmate
1335 3661 1463 3712 sensus,

614 3744 790 3831 Eloquium
812 3746 939 3830 argenti
963 3754 1097 3831 superat
1119 3746 1264 3830 lucisque
1288 3746 1437 3822 nitorem,

613 3847 780 3913 Virtutum
804 3853 939 3913 cunetae
962 3848 1130 3913 fuscantur
1152 3849 1275 3913 lumine
1299 3866 1458 3932 gammae,

614 3951 695 4025 Quis
718 3950 845 4036 Libyae
869 3951 995 4037 pollent
1017 3952 1109 4032 lines,
1133 3953 1205 4038 quis
1228 3950 1386 4015 Francius
1407 3970 1519 4034 regna,

534 4075 558 4113 ιο
614 4053 800 4140 Hesperiae
824 4061 940 4139 gentes
963 4056 1089 4136 florent,
1112 4055 1288 4142 populique
1313 4053 1473 4133 Britanni,

613 4156 658 4221 Et
680 4157 837 4221 mundum
860 4157 1037 4242 mundique
1060 4165 1158 4243 caput
1181 4178 1274 4222 saera
1295 4156 1401 4221 Roma
1424 4161 1581 4236 coruscat,

613 4259 663 4324 Ao
686 4267 755 4325 toto
779 4260 925 4326 inlustris
949 4261 1042 4347 plebs
1067 4260 1201 4326 credula
1223 4261 1367 4346 fulgurat
1390 4259 1481 4324 orbe.

352 4403 412 4409 ——
579 4403 645 4408 --—-
659 4401 1237 4410 .-—*—*-.—-—-1...-.-——-—1..1ffl
1246 4401 1268 4406 --.
1283 4401 1284 4404 ,
1301 4401 1331 4406 ..-
1339 4401 1356 4406 „-
1364 4401 1373 4406 -
1413 4399 1638 4406 --,----.-.-.-
1648 4399 1790 4406 .*.-.,-

318 4482 421 4551 [LXVI]
438 4503 471 4537 aa
488 4486 527 4538 cd.
548 4485 683 4538 Sirmondi
699 4504 726 4552 p.
748 4477 832 4538 1802.
853 4489 876 4536 II
896 4503 916 4537 c.
934 4488 994 4536 xlv

317 4568 431 4636 [LXVII]
453 4589 484 4622 aa:
501 4572 540 4623 ed.
561 4571 697 4624 Sirmoadi
711 4589 738 4636 p.
757 4567 810 4622 245
829 4572 845 4621 l.
866 4573 885 4620 V
905 4590 925 4622 c.
945 4573 980 4621 IV

290 4653 292 4658 ’
317 4652 447 4721 [LXVIII]
465 4675 497 4709 ca
515 4657 555 4709 eri.
576 4657 711 4709 Sirmondi
724 4675 753 4723 p.
772 4654 824 4709 269
843 4659 860 4709 l.
880 4659 914 4708 v1
933 4675 952 4708 c.
974 4657 1060 4708 XXIV

248 4806 333 4862 Hanc
357 4808 444 4863 locum
463 4823 524 4863 cum
541 4807 635 4863 cadim
653 4808 790 4864 Bernensi
808 4809 860 4862 ΑΔ
879 4809 914 4863 90
932 4826 953 4864 a.
975 4808 1011 4862 X.
1029 4808 1052 4875 f.
1073 4809 1086 4859 1
1106 4807 1219 4862 contulit
1238 4807 1276 4861 Η.
1295 4807 1395 4877 Harpen
1416 4805 1447 4860 V.
1469 4805 1508 4860 01.
1549 4805 1670 4862 Eosdem
1687 4823 1784 4862 uersus
1802 4806 1901 4862 laada!

248 4913 345 4966 ardor
373 4913 493 4980 catalogi
519 4911 650 4966 abbatum
673 4912 895 4966 Floriooeneium
924 4909 1048 4978 (Bolasii
1075 4909 1256 4963 Mimallones
1280 4909 1306 4975 I,
1319 4909 1380 4976 492)
1402 4909 1446 4963 tis
1469 4910 1573 4964 verbis:
1604 4911 1687 4964 Porro
1709 4911 1740 4964 in
1763 4910 1900 4965 matherio

248 5014 332 5069 turris
358 5015 392 5069 de
417 5031 474 5083 qua
501 5013 582 5084 signa
605 5007 778 5083 pendebant,
805 5011 995 5067 huiuscemodi
1019 5011 1137 5066 inseruit
1161 5028 1255 5064 versus
1277 5013 1410 5081 argenteo
1434 5012 1525 5068 colore
1548 5029 1689 5083 expressos
1708 5017 1755 5070 etc.
1801 5016 1899 5069 Postea

244 5119 337 5189 pergit
357 5119 446 5174 idem:
480 5121 519 5173 At
536 5135 601 5173 vero
624 5118 794 5172 Theodulfus
816 5117 911 5172 aulam
933 5135 950 5171 a
974 5133 1002 5170 se
1026 5117 1212 5170 constructam
1232 5115 1356 5169 omnium
1375 5116 1511 5171 conditori
1529 5135 1562 5172 ac
1587 5117 1720 5173 salvatori
1738 5135 1829 5173 rerum
1848 5119 1899 5174 deo

248 5240 418 5288 conscensus,
437 5222 577 5278 Cherubin
594 5222 700 5294 gloriae
719 5222 916 5278 obumbrantia
934 5219 1162 5290 propltiatorium
1180 5235 1262 5287 super
1279 5219 1369 5274 altare
1386 5220 1475 5289 ipsius
1493 5220 1720 5276 artificiosissimo
1738 5220 1900 5291 magisterio

248 5343 408 5396 expressum
425 5326 469 5380 his
486 5327 630 5382 decoravit
646 5327 784 5383 versibus:

611 5431 762 5486 Oraculum
781 5432 908 5485 sanetum
927 5431 956 5483 et
974 5426 1118 5482 cherubim
1136 5426 1182 5481 hic
1199 5427 1292 5497 aspice
1312 5431 1452 5499 spectans:

712 5517 748 5570 Et
766 5515 928 5571 testamenti
947 5532 982 5570 en
1000 5514 1086 5568 mium
1104 5531 1169 5568 aron
1186 5513 1241 5568 dei.

610 5602 685 5655 Haec
704 5618 818 5656 cernens
836 5600 1020 5671 precibusque
1039 5599 1153 5672 studens
1172 5600 1282 5668 pulsare
1301 5603 1455 5661 tonantem,

715 5687 900 5742 Theodulfnm
919 5689 992 5742 votis
1010 5684 1129 5754 iungito,
1149 5703 1259 5752 quasso,
1279 5689 1343 5742 tuis.
