4628 6428
573 419 777 486 SEQUENTIA
797 421 843 477 DE
861 423 887 479 S.
906 424 1098 482 MICHAELE.
1135 427 1268 486 Paneas
1287 429 1520 490 NOCTURNAE.

659 597 754 662 nobis
778 598 913 664 ferendo
937 622 1033 687 opem
1056 601 1178 667 domini

659 702 810 768 levamen
832 711 930 789 atque
954 705 1187 791 indulgentiae.

606 809 635 872 7.
658 806 709 871 Tu
729 815 869 891 nostros,
894 808 1062 889 Gabrihel‚

658 911 771 977 hostes
794 920 976 998 prosterne,

657 1020 702 1095 tu,
727 1015 885 1101 Raphael‚
910 1017 1020 1101 aegris

656 1118 739 1183 affer
761 1119 934 1200 medelam,

657 1225 787 1289 morbos
810 1224 976 1310 absterge,
999 1247 1103 1290 noxas
1126 1228 1236 1293 minue

656 1349 781 1412 nosque
805 1328 856 1392 fac
879 1329 1040 1394 interesse
1064 1331 1193 1415 gaudiis

655 1431 837 1495 beatorum.

656 1534 727 1598 Has
751 1535 813 1598 tibi
836 1534 1048 1621 symphonias
1071 1537 1211 1622 plectrat
1234 1540 1368 1624 sophus,
1390 1541 1613 1628 induperator.

976 1820 1097 1885 oxxl.

242 1945 269 2004 1.
292 1941 442 2006 Luminis
465 1942 548 2022 fons,
571 1944 630 2008 lux
652 1948 686 2008 et
709 1943 799 2028 origo
823 1943 915 2022 lucis,

292 2050 328 2108 tu
350 2047 424 2131 pius
447 2047 568 2111 uostris
591 2046 745 2132 precibus
768 2046 894 2120 favet03

291 2148 425 2234 luxque,
449 2150 577 2237 peccati
599 2149 745 2214 tenebris
768 2149 901 2232 fugatis,

359 2273 419 2317 nos
442 2259 534 2339 petat
557 2254 652 2317 alma.

238 2375 267 2436 2.
292 2371 413 2437 Sancta
435 2374 485 2437 vis
510 2373 601 2438 ouius
624 2373 789 2437 hominem
813 2373 944 2453 creavit,

291 2477 406 2562 iusque
430 2476 605 2558 damnavit,
628 2477 734 2562 pietas
759 2476 910 2541 redemit:

290 2581 335 2646 eis
358 2587 395 2645 ut
418 2581 451 2645 in
474 2581 600 2644 cunctis
622 2580 696 2665 pius
718 2587 816 2665 atque
839 2581 944 2646 iustus

358 2685 639 2770 omnipotensque.

236 2806 265 2866 3.
288 2803 422 2869 Excitat
446 2826 503 2870 our
525 2825 584 2868 nos
607 2804 682 2869 fidei
706 2811 865 2890 potestas,

289 2908 386 2993 erigit
409 2909 481 2994 spei
503 2908 603 2973 decus
626 2908 660 2970 in
683 2907 807 2972 futura:

290 3012 409 3075 caritas
432 3011 538 3096 iungit
559 3010 713 3075 habitura
735 3011 832 3075 finem

359 3121 507 3201 tempore
530 3115 632 3180 nullo.

237 3239 266 3297 4.
289 3233 334 3298 Et
355 3235 429 3320 pius
452 3235 539 3298 vitae
562 3233 751 3297 moderator
772 3233 879 3312 huius,

289 3343 323 3400 et
345 3338 439 3401 labor
461 3344 590 3422 tempus
614 3335 735 3399 habeat
757 3337 928 3421 quiesque:

288 3439 430 3525 dumque
454 3438 634 3504 succedunt
656 3438 788 3503 sibimet
810 3439 965 3516 vicissim,

356 3565 417 3608 nos
439 3548 641 3628 vegetemur.

233 3668 263 3726 5.
285 3663 374 3728 Ecce
397 3669 579 3728 transactus
602 3663 696 3726 labor
719 3668 769 3726 est
791 3661 868 3738 diei,

286 3789 411 3853 nosque
434 3773 467 3831 te
490 3767 552 3830 tuti
575 3787 687 3829 sumus
711 3772 890 3836 annuente;

286 3891 328 3936 eu
351 3871 411 3935 tibi
433 3876 544 3955 grates
568 3869 695 3953 agimus
719 3889 881 3953 perennes

353 3980 483 4060 tempus
507 3974 540 4037 in
564 3993 671 4037 omne.

232 4095 262 4159 6.
286 4093 372 4158 Solis
396 4093 572 4159 abscessus
596 4093 750 4158 tenebras
774 4090 914 4168 reduxit,

284 4197 340 4262 ille
364 4199 414 4262 sol
436 4220 496 4262 nos
520 4196 660 4261 inradiet
682 4217 848 4272 coruscus,

283 4301 357 4366 luce
381 4301 437 4386 qui
459 4301 550 4366 fulva
571 4300 661 4365 fovet
683 4301 873 4384 angelorum

352 4405 484 4489 agmina
507 4410 630 4468 sancta.

231 4525 260 4586 7.
284 4521 430 4588 Caelitus
454 4525 566 4590 lumen
588 4524 723 4588 rutilum
746 4522 894 4600 refunde,

282 4632 316 4689 et
337 4626 416 4712 iuga
439 4628 556 4692 mentis
580 4626 712 4713 tepidae
735 4626 906 4690 tenebras:

284 4729 385 4794 simus
408 4732 540 4795 accensi
563 4737 600 4795 ut
622 4730 693 4794 face
718 4729 874 4815 spiritalis

351 4834 484 4897 vascula
505 4834 600 4898 lucis.

227 4953 257 5014 8.
281 4949 370 5024 Quas
393 4953 464 5017 dies
488 4955 601 5039 culpas
624 4953 782 5019 hodierna
805 4955 897 5032 texit,

282 5052 432 5120 Christus
455 5055 566 5121 deleto
589 5058 663 5141 pius
685 5064 782 5144 atquc
808 5059 913 5121 mitis:

280 5165 395 5241 pectus
419 5166 452 5223 et
474 5181 555 5245 puro
579 5161 691 5224 rutilet
713 5161 818 5225 nitore

348 5269 496 5349 tempore
520 5263 636 5327 noctis.

811 5405 1132 5414 ,ΠΜ
1140 5408 1145 5412 .

1079 1947 1108 2008 9.
1133 1944 1183 2009 sit
1205 1949 1317 2032 procul
1340 1947 1449 2028 luxus,
1472 1948 1586 2034 procul
1610 1951 1715 2016 omnis
1730 1952 1856 2036 horror,

1132 2055 1229 2134 atque
1252 2050 1446 2136 phantasma
1469 2051 1660 2136 speciesque
1683 2056 1829 2140 pulchra,

1129 2173 1221 2216 mens
1245 2153 1303 2217 sed
1326 2154 1484 2218 insomnis
1507 2155 1616 2220 valeat
1638 2178 1797 2243 supernos

1201 2277 1337 2322 cernere
1362 2257 1462 2322 cives.

1056 2377 1104 2438 10.
1128 2374 1175 2439 Te
1199 2375 1296 2441 deum
1321 2398 1451 2463 semper
1473 2378 1613 2464 vigilans
1637 2381 1792 2465 requirat,

1129 2480 1252 2564 cogitet
1275 2481 1400 2544 cunctis
1424 2482 1569 2546 resoluta
1592 2484 1688 2562 euris,

1127 2584 1255 2649 actibus
1278 2584 1403 2648 cunctis
1426 2590 1525 2669 queat
1547 2591 1586 2648 ut
1608 2587 1750 2671 plaeere,

1199 2708 1268 2767 rex,
1292 2687 1362 2764 tibi,
1387 2707 1523 2753 summe.

1057 2813 1105 2871 11.
1129 2807 1256 2871 Muniat
1278 2807 1430 2888 frontem,
1454 2808 1527 2872 loca
1550 2809 1619 2872 sive
1644 2810 1750 2875 cordis

1130 2931 1236 2974 sermo
1259 2909 1399 2990 divinus,
1423 2911 1528 2975 crucis
1552 2919 1586 2976 et
1608 2913 1802 2998 trophaeum

1130 3014 1325 3078 dacnronum
1348 3014 1456 3078 vafros
1480 3016 1592 3100 abigat
1614 3015 1787 3081 meandros

1199 3119 1269 3183 sive
1292 3118 1433 3203 rapinas.

1057 3241 1106 3303 12.
1129 3238 1288 3314 Membra,
1311 3258 1394 3321 quae
1418 3243 1509 3300 casto
1533 3237 1684 3302 dabimus
1708 3239 1818 3318 cubili,

1128 3347 1279 3426 prompta
1305 3345 1505 3423 consurgant
1528 3361 1609 3426 opus
1633 3339 1675 3404 ad
1693 3339 1857 3419 diurnum,

1129 3464 1212 3528 quae
1229 3463 1323 3506 suum
1338 3441 1495 3507 mundum
1513 3444 1593 3507 velit
1611 3464 1685 3508 esse
1699 3443 1857 3528 templum

1197 3546 1329 3631 spiritus
1350 3546 1466 3610 almus.

1056 3668 1104 3728 13.
1128 3663 1223 3737 Quod
1245 3665 1318 3750 pius
1342 3671 1445 3729 totum
1468 3666 1596 3731 habitet
1618 3689 1828 3753 persarum,

1128 3768 1213 3830 hunc
1236 3788 1298 3832 nec
1322 3767 1466 3832 offendat
1488 3769 1603 3833 vitium
1626 3771 1774 3857 luesque,

1129 3870 1187 3934 sed
1209 3878 1305 3935 vocet
1328 3871 1416 3935 vitae
1439 3872 1594 3956 probitas,
1618 3875 1739 3961 fiatque

1196 3975 1322 4037 mansio
1345 3980 1449 4059 grata.

1054 4099 1102 4159 14.
1128 4094 1178 4159 Sit
1200 4096 1253 4160 via
1275 4095 1429 4181 prudens,
1452 4097 1506 4161 via
1528 4096 1632 4175 fortis,
1656 4105 1757 4178 arcta,

1127 4199 1214 4263 iusta
1238 4221 1296 4264 scu
1320 4200 1433 4280 solers,
1457 4200 1541 4266 bene
1565 4206 1757 4287 temperata,

1126 4303 1224 4366 buius
1247 4311 1283 4366 ut
1306 4324 1421 4367 cursus
1443 4324 1640 4389 peragamus
1664 4305 1737 4370 aevi

1195 4407 1325 4470 tramite
1349 4412 1449 4472 recte.

1050 4532 1098 4590 15.
1123 4525 1191 4591 Sex
1213 4526 1284 4590 dies
1308 4527 1412 4590 iustos
1436 4548 1610 4612 operemur
1633 4535 1737 4608 actus,

1124 4631 1262 4716 septimo
1287 4638 1419 4716 captent
1441 4631 1541 4694 animi
1565 4631 1725 4715 quietem:

1124 4735 1189 4796 sint
1210 4734 1243 4796 in
1267 4741 1381 4798 octavo
1404 4732 1552 4797 rediviva
1574 4734 1670 4799 nobis

1194 4835 1315 4920 gaudia
1336 4836 1434 4900 vitae.

1047 4959 1096 5019 16.
1122 4954 1255 5019 Gloriae
1278 4954 1412 5019 laudum
1435 4957 1491 5040 pia
1512 4958 1682 5043 plenitudo

1119 5059 1162 5122 sit
1183 5059 1278 5144 patri,
1304 5066 1392 5137 nato,
1415 5059 1485 5139 tibi,
1510 5060 1707 5146 spiritusque

1120 5169 1243 5240 sancte,
1266 5163 1321 5246 qui
1345 5161 1429 5225 trino
1452 5162 1546 5227 uehis
1569 5164 1655 5228 alma
1679 5169 1808 5250 sceptra

1191 5265 1320 5328 nomine
1345 5266 1442 5330 solus.

262 5483 364 5553 [coetu
399 5489 479 5540 edidit
494 5491 516 5552 Q
531 5509 557 5556 p.
573 5487 744 5541 1673—1675
761 5493 816 5539 ml
893 5486 936 5554 63
953 5490 1104 5554 1011111110,
1124 5490 1269 5540 inradietd'
1279 5509 1306 5555 p.
1320 5489 1372 5542 203
1476 5491 1517 5555 9‚1
1537 5493 1618 5544 honor
1630 5493 1659 5556 Q,
1677 5494 1767 5544 horror
1778 5492 1850 5557 Watt¹

192 5569 234 5637 9,3
253 5574 356 5624 inermis
369 5574 402 5640 Q,
421 5576 545 5626 insomnis
563 5576 597 5626 W.
695 5574 751 5640 11,1
769 5578 853 5627 cordis
865 5576 894 5639 Q,
913 5577 989 5626 eorda
1002 5576 1030 5625 F

1120 5573 1179 5640 11‚3
1196 5577 1309 5642 ambigat
1326 5595 1394 5628 corr.
1412 5578 1440 5626 ia
1456 5578 1577 5644 abigatQ
1663 5575 1722 5644 12‚1
1742 5587 1810 5629 casta
1823 5579 1853 5642 Q,

191 5668 260 5710 casto
279 5659 314 5710 W.
420 5659 479 5726 1⁸2,3
497 5662 609 5726 1011110,
628 5663 690 5714 velit
707 5662 741 5712 W.
848 5659 904 5726 14,1
924 5661 1124 5726 111ομ111117.
1178 5662 1287 5728 prodens
1303 5662 1332 5726 Q,
1351 5663 1504 5728 prudensF
1594 5661 1651 5728 15,1
1671 5681 1806 5732 operamur
1821 5664 1850 5730 Q,

191 5765 326 5815 operemur
341 5747 376 5798 W.
485 5747 543 5814 15‚2
561 5749 645 5800 anirno
658 5750 687 5814 Q,
705 5749 783 5800 arrimi
799 5749 834 5798 W.
941 5745 1000 5812 163
1018 5749 1065 5799 soli
1080 5749 1110 5812 Q,
1129 5749 1182 5799 11110
1195 5749 1228 5813 F,
1246 5757 1306 5800 noto
1321 5748 1357 5799 W.
