4936 6406
1103 389 1308 451 THEODULFI
1327 393 1503 450 ananum.

840 569 973 638 Sontior
993 571 1047 636 hio
1069 570 1141 636 fure
1164 575 1225 650 est,
1248 569 1414 657 praedone
1438 578 1472 637 et
1495 571 1619 636 sontior
1639 576 1721 648 atro,

923 675 988 740 Hio
1011 675 1088 760 quia
1109 675 1185 760 plus
1207 673 1317 754 rebus,
1339 675 1505 740 mentibus
1528 675 1600 761 ipse
1623 681 1731 739 nocet.

839 777 1004 844 Externas
1026 778 1081 844 hio
1104 778 1192 842 tollit
1213 799 1305 864 opos,
1328 778 1382 843 hio
1402 779 1518 842 intima
1539 783 1658 858 vastat,

922 881 1072 966 Namque
1095 881 1239 946 animam
1262 883 1354 946 carni
1375 883 1447 967 quis
1469 887 1568 968 super
1591 902 1666 946 esse
1688 885 1808 965 neget?

760 1007 785 1046 n
842 985 905 1050 Est
927 987 1026 1052 etiam
1048 987 1104 1072 qui
1127 993 1218 1051 reeta
1240 985 1346 1068 docet,
1369 985 1429 1052 sed
1451 985 1564 1071 iniqua
1584 985 1729 1071 gerendo

924 1088 1076 1154 Destruit
1098 1091 1161 1154 hoo
1183 1096 1269 1172 aotu,
1293 1089 1380 1176 quod
1402 1091 1501 1155 struit
1523 1091 1589 1154 oris
1612 1111 1686 1176 ope.

842 1191 908 1257 Hie
932 1215 969 1258 se
993 1214 1150 1279 perverso
1174 1192 1309 1259 demens
1332 1195 1493 1259 iaoulatur
1513 1192 1555 1258 ab
1578 1199 1664 1275 autu,

925 1295 1014 1360 Dum
1036 1298 1123 1361 mala
1145 1317 1228 1382 quae
1251 1297 1355 1382 gestis
1377 1303 1554 1383 perpetrat,
1578 1318 1635 1362 ore
1656 1296 1742 1362 ferit.

840 1397 906 1464 Hie
929 1400 1003 1464 aliis
1027 1400 1171 1486 prodest,
1195 1402 1326 1467 sibimet
1346 1400 1506 1488 prodesse
1529 1408 1668 1480 recusat,

763 1524 788 1563 ro
931 1504 1042 1591 Atque
1066 1506 1140 1570 aliis
1162 1507 1277 1571 vinens
1300 1513 1446 1572 mortuus
1469 1507 1541 1593 ipsa
1565 1506 1628 1571 sibi
1651 1512 1712 1570 ast.

842 1607 909 1671 Hie
931 1615 1044 1673 monet
1066 1629 1141 1674 esse
1164 1611 1257 1688 alios,
1282 1609 1346 1675 sibi
1367 1611 1404 1674 fit
1427 1611 1498 1676 sine
1521 1616 1643 1688 monte,
1667 1607 1724 1673 sed
1748 1606 1824 1671 inde

927 1709 1034 1776 Cerea
1055 1711 1113 1775 lux
1135 1711 1219 1792 aliis,
1242 1712 1281 1776 fis
1304 1713 1386 1776 einis
1409 1713 1481 1799 ipae
1505 1713 1575 1777 tibi.

842 1811 1027 1882 Estetiam
1049 1815 1158 1899 gravis
1181 1815 1238 1880 ille
1262 1815 1388 1896 modus,
1412 1837 1476 1902 quo
1498 1817 1623 1902 pellere
1646 1814 1767 1901 probra

927 1915 1003 1982 Rite
1026 1919 1116 1984 valet
1137 1919 1258 1998 nullus,
1281 1918 1455 1985 dnmmodo
1478 1920 1599 2007 probra
1620 1921 1716 2004 gerit.

762 2038 789 2076 aa
845 2016 928 2100 Qua,
950 2039 1041 2104 rogo,
1064 2026 1151 2084 sorte
1174 2027 1273 2105 queat
1296 2020 1433 2087 sordens
1455 2022 1647 2106 abstergere
1670 2019 1795 2101 sordes,

912 2122 1081 2208 Evigilare
1104 2125 1187 2190 alios
1211 2147 1307 2209 quern
1330 2148 1430 2213 sopor
1452 2128 1539 2192 altus
1561 2128 1683 2192 habet?

844 2223 979 2298 Quaeve
1001 2227 1113 2293 iaoens
1136 2228 1238 2293 faeies
1262 2228 1392 2294 studeat
1413 2231 1560 2295 relevare
1582 2231 1739 2308 iacentes,

930 2330 999 2395 Aut
1021 2351 1136 2396 aurare
1159 2339 1253 2418 paret
1274 2333 1413 2398 vulnera
1435 2335 1552 2399 vulnus
1575 2335 1724 2400 habens?

846 2433 965 2500 Cessat
986 2435 1028 2500 ab
1051 2435 1197 2521 ingluvia
1220 2440 1353 2523 praesul
1376 2459 1585 2525 oompesoere
1609 2440 1732 2504 ventris

765 2561 790 2598 oo
878 2531 879 2534 '
931 2538 1065 2622 Plebes,
1090 2540 1118 2604 si
1140 2540 1281 2627 dapibus
1304 2563 1439 2627 pressus
1463 2549 1496 2607 et
1517 2544 1589 2629 ipse
1610 2544 1707 2609 iaoet.

847 2640 948 2707 Haud
969 2648 1060 2707 vetat
1080 2642 1134 2707 hio
1157 2643 1278 2725 vinum
1302 2645 1330 2708 si
1353 2666 1428 2710 sese
1449 2646 1630 2732 ingurgitet
1651 2646 1720 2722 illo,

931 2746 1053 2811 Ebrius
1076 2746 1164 2812 haud
1186 2749 1307 2835 populo
1330 2747 1477 2814 ‘Sobrius
1501 2751 1583 2816 esto’
1606 2757 1711 2815 eanet.

848 2850 922 2915 Non
944 2851 1025 2915 vitia
1047 2851 1232 2937 spernenda
1253 2858 1375 2933 monet,
1398 2853 1516 2938 quibus
1538 2855 1610 2940 ipsa
1633 2859 1796 2939 grai'atin,

932 2954 1165 3040 virtutumque
1188 2977 1308 3042 expers
1331 2956 1482 3021 ueniter
1504 2964 1596 3043 aptat
1611 2959 1669 3023 eia.

698 3112 701 3118 .
770 3081 795 3118 aa
852 3057 996 3144 Compos
1018 3059 1176 3124 avaritiae
1198 3080 1264 3124 non
1287 3060 1359 3124 eius
1381 3081 1462 3124 voce
1484 3059 1618 3142 fatiscit,

934 3160 1041 3235 Quem
1064 3162 1145 3247 ligat
1166 3163 1261 3228 istius
1283 3163 1387 3249 pestis
1410 3163 1537 3228 adunca
1557 3185 1683 3229 manus.

849 3264 924 3330 Non
947 3265 1014 3330 odii
1035 3267 1158 3352 poterit
1179 3266 1349 3332 mordaces
1373 3268 1502 3332 solvere
1526 3267 1640 3350 nodos,

936 3369 1038 3434 Guius
1061 3390 1153 3434 mens
1176 3369 1243 3435 odii
1265 3376 1412 3435 monstra
1432 3371 1575 3436 nefanda
1596 3372 1691 3457 gerit.

851 3471 991 3538 Plebem
1012 3473 1189 3558 tranquilla
1210 3475 1325 3559 nequit
1347 3475 1399 3539 hio
1423 3495 1619 3561 componere
1642 3496 1736 3561 paoe,

759 3598 796 3635 roo
941 3574 1005 3648 Qui
1027 3576 1118 3639 nulla
1139 3574 1228 3662 plebi
1249 3597 1331 3662 paee
1353 3578 1475 3662 ligatus
1498 3579 1594 3643 inest.

853 3679 923 3744 Aut
943 3680 1012 3744 irae
1035 3680 1184 3743 stimulos
1207 3680 1326 3765 quibus
1348 3682 1447 3745 armis
1469 3682 1621 3767 frangere
1644 3682 1758 3766 quibit,

935 3784 1059 3850 Lurida
1081 3805 1179 3869 quem
1201 3785 1354 3871 praedam
1378 3787 1493 3852 facerit
1515 3789 1565 3852 ira
1587 3793 1700 3852 suam?

852 3890 906 3954 An
930 3889 1025 3956 sedat
1046 3910 1183 3954 raouum
1208 3911 1305 3975 quern
1326 3912 1411 3955 vana
1433 3892 1588 3977 superbia
1608 3897 1742 3956 ventum

939 3994 1072 4076 Perdat,
1096 3995 1124 4058 si
1146 4000 1261 4060 tensus
1283 3994 1415 4060 flatibus
1439 3995 1510 4060 eiua
1534 4001 1611 4060 eat?

760 4120 798 4157 roa
855 4096 970 4170 Quove
992 4097 1090 4162 modo
1113 4098 1236 4184 poterit
1259 4103 1481 4184 contemptum
1505 4097 1643 4164 suadere
1665 4097 1796 4163 mundi?

937 4200 1036 4266 Hune
1057 4202 1122 4266 nisi
1145 4203 1335 4282 contemnit,
1358 4205 1515 4266 temnitur
1536 4203 1607 4288 ipse
1631 4222 1777 4268 monens.

855 4303 962 4377 Quem
984 4303 1078 4369 favor
1098 4305 1258 4369 humanus
1282 4303 1393 4368 docuit
1414 4306 1558 4370 mulcere
1580 4311 1743 4390 potentes,

940 4405 1077 4480 Quando
1100 4408 1154 4472 hio
1176 4407 1339 4473 iudicibus
1363 4409 1435 4472 iura
1456 4415 1570 4473 tenere
1594 4415 1712 4473 oanet?

855 4511 925 4575 Aut
946 4511 1036 4576 dioet
1056 4512 1196 4577 miseros
1219 4513 1353 4598 pietatis
1376 4512 1451 4597 lege
1474 4511 1624 4593 tuendos,

762 4641 799 4678 no
941 4618 1014 4683 Hos
1038 4619 1066 4682 si
1088 4639 1217 4703 quaque
1240 4619 1330 4684 valet
1353 4624 1441 4683 sorte
1465 4639 1601 4704 gravare
1623 4624 1758 4703 gravat?

855 4720 960 4794 Quem
983 4723 1073 4786 levat
1095 4722 1186 4786 aerio
1209 4720 1358 4808 pendens
1380 4722 1537 4787 iaetantia
1558 4721 1646 4800 tune,

938 4825 1082 4910 Fertque
1105 4826 1138 4889 in
1161 4823 1307 4889 deterius
1330 4825 1505 4890 ambitiosa
1525 4827 1607 4903 lues,

854 4928 948 4995 Vane
972 4930 1149 4993 iactantem
1171 4929 1297 4992 iactans
1321 4928 1407 4992 haud
1430 4930 1486 4992 ille
1510 4934 1652 5007 ooereet,

940 5032 1011 5097 Neo
1035 5029 1163 5097 cuidam
1187 5030 1275 5094 dioet
1297 5031 1497 5096 ‘Ambitione
1522 5033 1616 5096 eare'.

762 5162 799 5199 nr
857 5136 932 5210 Qua
954 5144 1042 5201 sorte
1066 5157 1205 5201 examen
1227 5157 1382 5220 magnum
1406 5142 1502 5200 oanet
1523 5137 1586 5200 iste
1609 5132 1799 5210 timendum,

939 5239 994 5305 Me
1017 5240 1183 5321 miserum,
1207 5238 1294 5324 quod
1315 5260 1382 5303 non
1403 5238 1541 5302 forsitan
1564 5239 1627 5308 iste
1648 5238 1764 5300 timet?

859 5345 961 5410 Cuius
984 5346 1098 5429 lingua
1120 5344 1230 5429 operis
1252 5342 1374 5428 proprii
1398 5347 1450 5406 est
1472 5343 1621 5406 fraenata
1641 5338 1773 5423 lupatis,

941 5448 1067 5513 Probra
1089 5448 1197 5511 aliena
1218 5451 1307 5510 taoet
1330 5465 1372 5510 na
1395 5444 1480 5508 serat
1500 5464 1579 5508 aure
1603 5463 1672 5506 sua.

826 5599 867 5604 ...-
887 5597 942 5604 -..-.
954 5599 968 5602 -
980 5599 999 5602 -
1009 5599 1021 5603 ..
1507 5593 1521 5596 ...
1550 5591 1598 5597 ,.-ψ-
1606 5589 1675 5598 ...-4
1684 5589 2043 5598 -.-.-.,....-,...--.-.-.-.-,.,.,,-,

597 5700 648 5758 113
666 5703 759 5752 Vivere
771 5701 799 5764 S,
817 5703 889 5752 Vane
907 5717 974 5750 coru.
991 5699 1151 5749 Wotteaboob
