4530 6436
778 448 994 504 AENmMA'rA
1014 451 1181 506 ANGLICA.

514 617 615 682 Tetra
644 641 703 704 per
729 622 878 688 albentes
907 625 1024 709 linquit
1052 627 1192 712 vestigia
1220 646 1352 712 campos
1367 625 1389 706 ¹,

513 721 640 787 Lucida
670 725 829 810 stelligeri
857 727 1011 794 ducentia
1039 729 1080 794 od
1109 731 1193 794 atria
1226 728 1340 794 caelil.

778 927 798 970 x
835 905 913 993 [nn
944 908 1175 1000 Lucanus]

514 1023 621 1091 Saeva
648 1027 863 1093 nefandorum
890 1052 955 1094 non
985 1032 1073 1116 gessi
1103 1033 1189 1098 furta
1215 1035 1388 1115 latronum,

479 1121 480 1124 ¹
514 1127 584 1193 Nec
615 1129 685 1194 diro
714 1131 892 1196 humanum
923 1133 992 1197 fudi
1020 1155 1365 1218 mucroneoruorem,

430 1279 436 1284 --
516 1231 582 1297 Sed
610 1239 719 1299 tamen
748 1236 781 1299 iu
811 1237 939 1320 laqueo,
972 1259 1046 1301 reus
1076 1245 1112 1302 ut
1139 1239 1200 1320 fur,
1230 1239 1357 1326 pendeo
1386 1240 1494 1325 longo.

515 1335 551 1400 Si
574 1338 646 1422 quis
670 1345 703 1402 at
726 1339 853 1403 ardenti
876 1341 982 1424 tangit
1005 1343 1229 1408 meaviseera
1252 1345 1391 1424 flamma,

516 1440 594 1504 Mox
618 1441 714 1506 simul
738 1443 904 1528 egregiam
927 1444 1038 1508 lumen
1061 1445 1213 1532 dispergo
1238 1469 1297 1534 per
1318 1448 1437 1528 aulam,

515 1542 634 1628 Sicque
665 1567 738 1610 meo
769 1547 874 1610 noctis
903 1553 1004 1612 tetras
1034 1548 1165 1634 depello
1192 1551 1346 1615 tenebras

466 1695 468 1698 -
514 1647 664 1730 Lumine,
688 1650 829 1714 clarifica
859 1651 1060 1737 perfundens
1090 1653 1164 1717 luce
1189 1654 1357 1718 sacellum.

820 1851 851 1894 u
892 1827 970 1917 [nn
999 1829 1139 1918 nova]

514 1949 652 2023 Quando
677 1951 722 2015 l'ui
749 1951 890 2031 iuvenis,
921 1952 972 2015 bis
997 1952 1084 2016 binis
1113 1952 1259 2017 fontibus
1289 1953 1414 2033 hauoi³,

514 2055 693 2139 Postquam
720 2054 887 2133 consenui,
914 2059 1042 2119 montes
1073 2055 1241 2140 vallesque
1273 2055 1314 2122 de
1342 2057 1415 2121 imis

515 2156 658 2222 Sedibus
688 2156 864 2222 evertens⁴
895 2162 1031 2221 naturae
1061 2158 1132 2222 iura
1159 2158 1288 2239 roscidi,

514 2261 595 2326 Post
623 2261 743 2325 misero
766 2261 834 2325 fato
867 2263 1010 2348 torpenti
1037 2269 1141 2328 morte
1172 2262 1357 2346 tabescens,

514 2363 663 2428 Mortuus
692 2364 855 2428 horrende
883 2366 1030 2429 vivorum
1060 2366 1184 2451 stringo
1213 2367 1396 2442 lacertos⁵;

514 2467 585 2533 Nec
612 2489 677 2532 non
705 2468 856 2534 humanis
884 2468 1046 2555 praebens
1080 2471 1259 2535 munimina
1286 2471 1406 2556 plantis

514 2571 660 2656 Frigoris
689 2595 709 2636 a
737 2572 850 2658 rigidis
879 2574 1022 2638 inlaesas
1053 2573 1153 2639 reddo
1180 2575 1317 2660 pruinis.

515 2674 570 2739 sie
599 2697 673 2740 mea
702 2674 840 2740 diversis
872 2676 1038 2740 variantur
1066 2676 1134 2742 fata
1161 2676 1220 2742 sub
1249 2678 1352 2743 aunis.

733 2877 776 2921 xu
815 2854 892 2943 [Du
921 2854 1221 2946 ATRAMENTO]

516 2980 607 3045 Silva
636 2979 682 3044 lui
710 2977 854 3044 dudum⁸
882 2998 1033 3043 crescens
1062 2978 1096 3042 iu
1123 2978 1274 3044 sentibus
1303 2979 1419 3066 aspris,

514 3084 631 3169 Lymfa
658 3083 748 3147 velut
774 3082 900 3146 fueram
931 3080 1108 3147 decurrens
1137 3082 1225 3147 clara
1253 3105 1313 3169 per
1340 3103 1479 3164 amnem,

514 3188 628 3252 Tertia
655 3188 753 3272 pars⁷
780 3185 929 3250 mihimet
957 3185 1116 3251 tradendo
1148 3193 1199 3251 est
1228 3191 1297 3252 arte
1328 3195 1468 3274 reperta.

513 3290 658 3356 Lucilios
685 3289 786 3374 nigris
815 3295 893 3353 tunc
919 3289 1034 3354 nuntio
1063 3309 1165 3375 regna
1192 3289 1316 3375 figuris,
1370 3305 1377 3315 ·

451 3415 462 3451 t
513 3394 596 3458 Late
625 3413 684 3479 per
712 3393 899 3458 innumeros
929 3392 1022 3457 albos
1052 3393 1080 3457 si
1108 3415 1244 3479 spargas
1272 3395 1437 3478 agellos⁸;

514 3497 585 3562 Nec
613 3509 677 3560 uon
705 3495 865 3560 horrifera
894 3496 985 3560 soleo
1013 3502 1091 3560 tunc
1119 3502 1243 3560 tartara
1271 3501 1352 3560 tr...

515 3601 702 3666 Grammate
732 3597 872 3664 terribili
900 3619 1033 3662 narrare
1063 3597 1196 3663 vitanda
1223 3599 1329 3664 relatu
1338 3599 1359 3662 ⁹.

552 3777 775 3784 -.-„...-.--..-
784 3777 841 3781 -.,-
857 3776 897 3780 -...
914 3775 1124 3780 -.--—-—---—
1131 3775 1228 3781 --·..-.
1238 3777 1278 3782 ..-,
1300 3777 1320 3781 .-
1352 3777 1383 3781 ,.-
1395 3777 1397 3781 .
1407 3778 1408 3781 ,
1419 3777 1677 3784 --b—-ffl—...m—
1686 3779 1700 3784 -.

257 3896 391 3964 Ὴὴιφιίἀ
408 3916 474 3949 corr.
492 3897 585 3964 quito
693 3895 823 3948 3Lnrida
838 3892 1057 3944 corr-hunino
1168 3892 1179 3958 1)
1192 3895 1224 3958 Χ,
1238 3890 1251 3943 l
1265 3893 1464 3945 neladorumO
1575 3892 1687 3960 lxm
1705 3935 1709 3946 .
1725 3935 1730 3946 .
1744 3896 1810 3948 uto

154 3971 173 4034 4'
190 3984 326 4036 lucificO
392 3984 556 4050 s..goris0
665 3981 771 4034 ta...
794 3980 820 4043 0,
838 3980 933 4031 tristi?
1047 3975 1193 4043 luitauda]
1218 3978 1254 4028 od
1276 3995 1357 4044 uterq.
1375 3981 1532 4032 canendas)
1598 3981 1745 4033 ..usuc

258 4154 285 4220 1)
305 4153 349 4222 Cf.
369 4152 506 4207 Aldbelms'
524 4169 584 4207 cren.
603 4152 636 4206 dc
652 4167 742 4220 paruo
760 4167 785 4204 o.
803 4149 884 4203 3-5:
930 4151 1018 4218 Pergo
1037 4163 1087 4217 per
1105 4146 1231 4202 albentes
1250 4147 1355 4203 directo
1373 4148 1487 4203 tramite
1505 4167 1625 4220 compos,

926 4251 1120 4320 candentique
1139 4250 1200 4305 viae
1218 4251 1340 4321 vestigia
1357 4251 1468 4307 caerula
1485 4251 1591 4323 linquo,

928 4354 1033 4410 Lucida
1050 4355 1170 4424 nigratis
1188 4355 1298 4410 fuscans
1316 4345 1497 4412 minantibus
1515 4374 1595 4421 arva3

309 4464 429 4519 Euscbb'
447 4480 506 4519 orn.
524 4463 557 4516 de
574 4479 665 4532 patrna
684 4477 709 4514 o.
727 4461 759 4514 4:
931 4458 1057 4512 Candida
1074 4458 1229 4528 conspicior
1246 4459 1367 4530 vestigia
1384 4462 1458 4515 tetra
1476 4461 1642 4530 relinquens.

259 4567 286 4632 2)
307 4567 350 4634 Cf.
369 4565 506 4621 Aldbclmi
523 4583 582 4620 acu.
602 4565 634 4619 dc
650 4579 743 4634 penora
760 4581 785 4618 o.
803 4565 832 4618 8:
926 4563 1003 4628 Quae
1020 4580 1076 4616 non
1095 4565 1217 4618 anantes
1235 4563 1272 4617 ad
1290 4563 1359 4617 caeli
1378 4563 1500 4618 culmina
1516 4563 1600 4618 vexit.

259 4669 286 4736 3)
307 4670 349 4738 Cf.
368 4669 449 4724 Atat.
468 4686 528 4724 cerr.
547 4670 581 4724 de
599 4669 665 4723 hooc
682 4685 706 4723 o.
725 4669 755 4722 ⁸2:
927 4667 974 4721 Bis
992 4666 1066 4721 binis
1083 4665 1195 4721 bibulus
1213 4671 1311 4736 potum
1329 4665 1363 4721 de
1381 4665 1505 4723 fontibus
1522 4669 1611 4725 hausi.

259 4772 287 4839 4)
309 4771 351 4840 Cf.
371 4771 491 4826 Eusebii
508 4788 568 4826 oen.
586 4771 619 4825 de
637 4771 724 4826 vitulo
741 4788 766 4826 u.
785 4771 814 4824 3:
931 4769 953 4824 si
974 4769 1074 4834 vixero,
1093 4785 1220 4839 rumpere
1238 4770 1321 4824 colles
1346 4767 1350 4838 Ι
1374 4769 1511 4840 Incipiam

258 4875 285 4940 5)
302 4875 435 4930 Aldbclm.
453 4891 512 4929 oca.
530 4875 638 4930 debore
655 4892 679 4930 o.
690 4875 772 4929 5-6:
928 4875 966 4929 lt
985 4891 1048 4929 vero
1066 4872 1172 4943 linquit
1189 4874 1255 4928 dnm
1273 4873 1388 4944 spiritns
1407 4873 1503 4943 algida
1520 4875 1651 4940 membra,

927 4976 1052 5032 Nexibus
1070 4975 1213 5031 horrendis
1231 4975 1356 5031 homines
1376 4977 1565 5048 constringere
1583 4997 1707 5050 possum5

309 5081 429 5136 Eroeebii
446 5099 505 5137 nea.
524 5083 557 5137 de
575 5083 660 5138 uitulo
679 5099 702 5138 o.
721 5084 751 5136 4:
923 5081 1001 5137 vivos
1018 5079 1138 5135 moriens
1155 5082 1206 5134 aut
1222 5079 1309 5150 alligo
1328 5082 1439 5136 multos.

260 5186 286 5250 6)
308 5186 351 5253 Ul'.
365 5185 499 5240 Aldtetmi
514 5204 572 5241 rim.
585 5186 618 5242 dc
632 5188 689 5242 sole
707 5203 731 5241 o.
746 5189 774 5241 l:
797 5186 907 5241 Dudum
926 5185 1041 5256 lympha
1058 5183 1106 5238 fui.
1177 5185 1204 5252 Ἰ)
1223 5184 1270 5238 Ibi
1287 5184 1486 5254 draconeti:
1505 5185 1601 5240 Tertia
1619 5203 1682 5256 pars
1700 5187 1805 5241 mundi.

258 5289 285 5356 8)
304 5289 352 5343 Ibi
368 5289 402 5344 do
416 5306 510 5359 penno
527 5307 551 5346 o.
570 5291 652 5356 3-5,
671 5290 708 5359 of.
725 5307 813 5360 supra
829 5295 885 5344 not.
903 5291 927 5343 1.

259 5391 286 5458 9)
307 5392 349 5460 Cf.
370 5393 402 5448 G.
423 5393 510 5449 Poris
527 5395 544 5449 l.
564 5395 596 5450 b:
624 5395 723 5449 1a12⁰
746 5395 883 5465 (designe)
908 5393 1047 5462 pent-etre
1072 5391 1171 5445 l'cncre
1195 5392 1350 5461 (compesce
1373 5392 1466 5456 decu,
1488 5392 1523 5446 de
1546 5390 1612 5446 noix
1631 5391 1665 5445 dc
1683 5391 1758 5462 galle
1777 5395 1806 5446 et

157 5491 222 5551 d'un
241 5495 379 5552 troisienrc
400 5498 544 5566 clement),
563 5499 653 5554 Ebert
671 5497 848 5566 (Zeitscbril't
865 5498 889 5566 s.
907 5497 945 5550 D.
965 5496 1020 5550 Δὶ).
1038 5495 1162 5560 XXIII,
1180 5494 1252 5564 202),
1270 5495 1319 5565 qai
1335 5496 1403 5549 boec
1419 5494 1582 5565 planissime
1601 5494 1757 5564 explicavit.

723 5705 1233 5738 fflffl-„„...-m.
