4554 6434
1073 409 1222 466 ALCUINI
1240 408 1416 464 CARMINA.

786 583 890 650 Dives
912 604 1023 648 amore
1046 582 1116 660 dei,
1146 582 1212 646 late
1235 583 1308 647 loca
1330 589 1442 646 sancta
1464 602 1642 667 peragrans
1655 583 1675 646 ¹.

788 686 869 752 Inde
892 686 1023 752 domum
1047 686 1189 764 rediens,
1212 708 1232 750 a
1255 685 1388 770 regibus
1410 693 1508 770 atquc
1531 685 1671 750 tribunis

682 811 732 849 riso
789 790 914 856 Ductor
935 791 1111 855 honorifice
1136 810 1281 854 snmrnus
1304 795 1477 874 susceptus
1500 789 1622 875 ubique
1646 799 1706 863 est,

788 893 911 980 Utpote
935 915 1033 978 quem
1055 893 1166 978 magni
1189 913 1284 977 reges
1308 893 1450 958 retinere
1473 893 1638 972 volebant,

789 995 854 1070 Qui
877 1018 937 1062 sua
958 1018 1034 1062 rura
1056 998 1160 1062 fluens
1184 995 1294 1060 divino
1318 1017 1391 1060 rore
1415 995 1547 1080 rigaret.

789 1099 843 1163 Ad
866 1099 929 1164 sibi
953 1099 1011 1164 sed
1034 1119 1216 1186 properans
1239 1099 1411 1184 praefinita
1433 1098 1520 1163 laeta
1542 1101 1708 1185 magister,

788 1202 1011 1288 Dispensaute
1034 1202 1095 1267 deo
1118 1203 1243 1287 patriae
1266 1201 1421 1286 prodesse
1445 1202 1582 1276 redibat.

685 1327 734 1365 ms
791 1306 876 1370 Nam
899 1306 1047 1392 proprias
1071 1311 1243 1392 postquam
1267 1305 1374 1370 fuerat
1396 1305 1524 1370 delatus
1548 1307 1580 1371 in
1605 1329 1689 1384 oras,

790 1410 869 1474 Mox
893 1409 1091 1494 pastoralem
1115 1409 1302 1494 compulsus
1327 1429 1456 1474 sumere
1481 1431 1599 1488 euram,

791 1513 942 1578 Efficitur
965 1533 1109 1576 summus
1133 1513 1253 1598 populo
1277 1512 1439 1596 rogitante
1464 1513 1627 1594 sacerdos,

792 1615 1008 1702 Officiumque
1033 1616 1101 1680 suis
1125 1616 1249 1680 meritis
1273 1615 1486 1680 decoraverat
1508 1619 1613 1692 almis,

793 1717 924 1782 Ordinis
949 1725 1046 1802 atque
1069 1718 1175 1782 bonus
1199 1726 1375 1804 pastorque
1400 1727 1549 1804 repertus
1573 1721 1694 1806 ubique
1718 1727 1777 1786 est.

687 1841 736 1880 uro
792 1820 942 1905 Namque
965 1820 1119 1884 tuebatur
1141 1819 1286 1884 divinum
1309 1829 1423 1885 cantus
1448 1823 1543 1900 ovile,

793 1923 871 1988 Ulla
894 1944 936 1987 ex
960 1931 1052 2008 parte
1077 1924 1173 2008 lupus
1197 1923 1319 1988 Christi
1342 1945 1383 1989 ne
1407 1925 1555 1990 laederet
1576 1948 1689 2011 agnos,

792 2027 855 2092 Ille
879 2026 996 2110 quibus
1020 2027 1103 2090 sacri
1127 2025 1316 2112 praestabat
1338 2026 1458 2112 pabula
1481 2028 1581 2098 verbi.

792 2130 843 2195 Ne
867 2129 938 2194 sitis
961 2136 1059 2213 atque
1084 2129 1187 2193 lamcs
1211 2131 1278 2194 ullo
1302 2138 1439 2196 vexaret
1461 2131 1591 2196 acerbo.

792 2232 844 2298 De
868 2253 1034 2317 gregeque
1057 2239 1204 2298 errantes
1229 2233 1329 2298 eremi
1353 2254 1412 2320 per
1434 2233 1530 2298 devia
1552 2242 1664 2300 vastae

689 2357 738 2397 rm
793 2336 846 2400 Ad
869 2335 992 2400 dcrnini
1016 2336 1125 2400 caulas
1150 2335 1296 2401 humeris
1319 2336 1499 2402 revehebat
1522 2339 1651 2412 amicis;

794 2439 1019 2524 Nolentesquc
1043 2441 1135 2524 sequi
1159 2439 1287 2526 placido
1312 2461 1461 2505 sermone
1487 2447 1666 2512 vocantem,

795 2542 983 2629 Insequitur
1006 2542 1084 2606 iuris
1107 2543 1286 2608 terroribus
1313 2550 1412 2628 atque
1436 2544 1585 2628 flagellis.

794 2645 866 2712 Nec
889 2645 959 2729 regi
982 2651 1039 2708 ant
1062 2644 1200 2709 ducibus
1224 2646 1329 2711 iustus
1354 2646 1511 2731 parcebat
1533 2647 1662 2732 iniquis.

797 2748 862 2814 Sed
885 2769 990 2833 neque
1013 2747 1159 2812 decrevit
1183 2769 1331 2813 cnramm
1354 2749 1499 2834 pondera
1521 2759 1664 2836 propter,

690 2877 740 2915 14⁸0
799 2853 985 2938 Scripturas
1008 2851 1139 2916 fervens
1163 2851 1322 2918 industria
1345 2855 1452 2938 prisca
1474 2855 1621 2939 legendi:

797 2957 919 3022 Factus
941 2963 1129 3040 utrumqne,
1153 2977 1256 3041 sagax
1278 2955 1394 3020 doctor
1417 2957 1490 3042 pius
1512 2965 1609 3044 atque
1634 2959 1806 3024 sacerdos:

798 3059 957 3124 Sensibus
981 3059 1041 3122 hos
1063 3080 1203 3144 augens,
1228 3060 1303 3124 illos
1327 3067 1360 3125 et
1383 3060 1528 3125 moribus
1552 3083 1679 3126 ornans.

797 3163 868 3228 Neo
890 3169 985 3248 pater
1006 3162 1184 3228 adveniens
1208 3163 1241 3228 iu
1264 3170 1390 3227 tautum
1414 3166 1543 3229 culmen
1566 3165 1710 3238 honoris.

798 3267 956 3332 Vestibus
975 3275 1078 3353 atque
1102 3266 1183 3331 cibis
1207 3273 1353 3332 veterem
1375 3273 1559 3332 mutaverat
1580 3289 1690 3343 usum;

693 3393 740 3432 uss
798 3370 966 3436 Deliciosa
988 3371 1085 3434 nimis
1107 3370 1252 3455 fugiens,
1282 3391 1343 3434 uec
1366 3370 1445 3434 vilia
1467 3370 1562 3436 valde

799 3473 951 3539 Sectatus
974 3473 1093 3552 fueret,
1124 3473 1231 3538 medio
1254 3473 1475 3538 moderamine
1499 3473 1656 3557 gaudens.

804 3576 875 3642 Nee
898 3575 1005 3641 minus
1027 3576 1153 3642 interea
1175 3577 1265 3642 vario
1289 3583 1480 3642 ornamenta
1501 3575 1619 3642 decore

797 3679 933 3745 Addidit
956 3681 1123 3758 ecclesiis,
1146 3679 1222 3746 fidei
1244 3680 1373 3746 fervore
1397 3681 1552 3766 repletus.

799 3782 949 3868 Namque
972 3782 1029 3847 ubi
1051 3782 1249 3869 bellipotens
1274 3783 1390 3848 sumsit
1412 3783 1619 3868 baptismatis
1642 3781 1762 3846 undam

694 3909 743 3948 uso
800 3885 906 3950 Edvin
930 3907 989 3950 rex
998 3886 1020 3966 ²,
1043 3887 1175 3971 praesul
1198 3886 1355 3971 grandem
1379 3891 1607 3951 construxerat
1629 3907 1727 3962 aram,

799 3989 899 4054 Texit
922 3994 955 4053 ct
977 3996 1124 4074 argento,
1146 3989 1283 4074 gemmis
1308 3990 1405 4054 simul
1426 3989 1569 4074 undique
1594 3995 1628 4053 et
1650 4009 1739 4062 auro.

798 4091 908 4178 Atque
931 4090 1052 4155 dicavit
1076 4113 1148 4156 cam
1172 4093 1276 4156 sancti
1300 4092 1359 4156 sub
1383 4092 1514 4156 nomine
1538 4091 1632 4156 Pauli

799 4193 953 4259 Doctcris
976 4194 1099 4274 mundi,
1122 4194 1257 4259 nimium
1281 4215 1377 4279 quem
1400 4193 1513 4259 doctor
1535 4193 1676 4257 amabat.

800 4297 874 4361 Hoc
895 4297 998 4361 altare
1021 4297 1127 4362 farum
1150 4319 1249 4382 supra
1271 4296 1487 4384 suspenderat
1510 4297 1621 4375 altum,

695 4421 743 4461 uss
801 4399 866 4473 Qui
889 4406 979 4464 tenet
1002 4398 1169 4465 ordinibus
1193 4401 1256 4465 tria
1277 4400 1413 4486 grandia
1435 4421 1514 4464 vasa
1535 4399 1686 4472 noverim

803 4503 847 4568 Et
870 4503 1009 4568 sublime
1033 4504 1138 4570 crucis
1163 4504 1321 4569 vexillum
1344 4505 1450 4570 erexit
1472 4503 1513 4568 ad
1536 4523 1635 4578 araur,

800 4604 844 4669 Et
866 4609 971 4668 totum
993 4605 1076 4670 texit
1099 4605 1251 4691 pretiosis
1275 4606 1370 4671 valde
1393 4606 1545 4671 metallis.

801 4706 921 4772 Omnia
943 4729 1062 4792 magna
1085 4708 1174 4788 satis,
1199 4709 1334 4793 pulchro
1357 4709 1522 4773 molimine
1547 4713 1682 4786 structa,

800 4807 1002 4893 Argentiquc
1025 4811 1106 4874 meri
1131 4818 1343 4896 compensant
1365 4811 1510 4898 pondera
1532 4807 1643 4874 multa.

695 4932 744 4969 noo
802 4910 866 4974 Ast
888 4911 989 4976 altare
1013 4912 1101 4976 aliud
1124 4913 1213 4994 fecit,
1235 4915 1369 4988 vestivit
1392 4921 1425 4979 et
1449 4913 1529 4978 illud

801 5011 948 5097 Argento
971 5034 1063 5098 puro,
1087 5015 1239 5100 pretiosis
1262 5022 1360 5100 atque
1383 5016 1519 5102 lapillis:

541 5267 609 5322 1460
623 5268 802 5322 estonalllot.
873 5267 940 5322 1463
953 5270 987 5321 Et
1003 5271 1066 5323 daec
1080 5290 1147 5322 suaa
1160 5290 1212 5324 esse
1229 5273 1271 5323 via
1285 5273 1448 5340 credipotest.
1521 5269 1673 5324 literanis
1685 5273 1755 5324 slat.
1827 5268 1895 5323 1469
1904 5285 2024 5342 repertor
2038 5279 2109 5329 Gale

437 5353 503 5407 1474
521 5365 593 5408 vasta
611 5355 681 5406 Mae.
789 5350 855 5404 1489
874 5356 918 5406 ubi
937 5357 1046 5408 correxit
1066 5357 1147 5421 Walt,
1166 5365 1196 5409 ut
1213 5357 1270 5409 add.

539 5491 565 5558 1)
585 5489 630 5544 De
655 5491 705 5544 lroe
723 5489 834 5554 itinere,
859 5490 932 5557 quod
948 5490 1112 5546 Aelbcrttue
1130 5491 1250 5546 Alcaico
1268 5493 1365 5547 comite
1382 5489 1536 5561 suscepisse
1553 5490 1668 5555 videtur,
1688 5491 1726 5558 cf.
1745 5508 1786 5559 ep.
1805 5492 1864 5545 269.
1942 5495 1971 5560 ⁸2)
1991 5512 2019 5548 u.
2039 5498 2110 5562 6‘27;

437 5609 460 5646 v.
479 5609 567 5662 supra
584 5610 606 5648 o.
627 5593 677 5646 194
696 5611 718 5648 s.
737 5591 807 5646 Leni
824 5594 991 5648 correctione
1008 5594 1095 5649 locum
1114 5597 1243 5650 sonatum
1260 5595 1381 5662 vidctis,
1400 5595 1425 5650 si
1441 5593 1610 5658 acerrumis,
1633 5592 1780 5648 Alcuirram
1798 5595 2111 5666 plusquamperfectum

436 5711 535 5764 potiere
549 5711 604 5766 pro
623 5697 741 5767 simplici
754 5697 915 5768 praeterito.
