4598 6414
670 405 869 462 ΕΡΙΤΑΡΗΙΑ
886 405 1054 472 FOLRADI,
1072 407 1262 472 FARDULFI,
1281 407 1426 464 PIPPINI.

578 581 644 646 Sed
667 583 772 666 magis
796 582 970 647 ecclesiam
993 582 1109 646 ditavit
1131 581 1216 646 hano
1237 581 1468 667 Degobertus1

576 686 658 752 Cum
682 686 860 752 Nanthilde
884 708 958 766 sua,
986 708 1084 772 quam
1108 694 1269 752 exornant
1291 707 1391 751 aurea
1414 687 1522 755 busta.

822 886 935 951 ITEM
956 887 1052 952 ALII
1074 887 1260 955 VERSUS.

577 993 716 1078 Effigies
740 1013 855 1076 regum
877 991 931 1056 hic
955 999 988 1056 et
1010 993 1142 1056 nomina
1165 994 1255 1057 clara
1276 992 1442 1080 refulgent

575 1098 752 1183 Praecipui
776 1096 885 1160 Caroli
910 1102 943 1162 et
965 1097 1075 1183 Pipini
1098 1097 1191 1161 fortis
1216 1098 1348 1163 alumni.

577 1200 727 1287 Optimus
752 1206 921 1284 augustus,
945 1220 1072 1265 summo
1096 1201 1152 1283 qui
1174 1205 1266 1285 petre
1290 1183 1440 1266 coruscat

577 1304 716 1386 Caesar,
740 1325 837 1389 quem
860 1305 989 1391 peperit
1010 1303 1112 1368 Berta
1134 1303 1354 1390 pulcherrima
1376 1305 1514 1373 meteri

768 1690 1078 1887 [EPITAPHINlll
1106 1796 1303 1886 PlPPlNl.]

574 1913 648 1977 Hoc
671 1914 758 1977 iacet
780 1914 813 1976 in
837 1915 963 1978 tumulo
986 1914 1161 2000 Pippinus,
1185 1935 1246 1978 rex
1267 1912 1505 1992 venerandus³‚

657 2017 856 2104 Hesperiam
879 2019 978 2095 rexit,
1002 2018 1064 2082 hoc
1086 2020 1172 2082 iacet
1194 2019 1228 2081 in
1251 2018 1386 2081 tumulo.

574 2120 715 2186 Francia
737 2123 973 2208 quemgenuit
997 2122 1135 2209 pulchra
1156 2122 1279 2207 pietate
1302 2121 1476 2207 repletum,

655 2224 750 2289 Nunc
773 2230 865 2288 tenet
887 2225 1064 2310 Hesperia,
1087 2224 1227 2288 Francia
1249 2245 1346 2309 quem
1370 2222 1496 2306 genuit.

507 2352 519 2386 s
577 2327 705 2392 Nobilis
729 2328 763 2391 in
787 2349 919 2412 genere,
942 2327 1078 2414 pulchra
1101 2327 1141 2392 de
1166 2329 1267 2413 stirpe
1292 2347 1476 2404 coruscans,

658 2431 764 2504 Quem
788 2431 902 2515 genuit
923 2430 1067 2494 Karolus
1090 2430 1211 2495 nobilis
1234 2431 1266 2494 in
1290 2450 1423 2515 genere.

574 2534 697 2599 Nubila
720 2541 837 2598 cuncta
859 2534 1001 2619 fugans*
1022 2532 1134 2597 mundi
1156 2534 1344 2620 properavit
1367 2533 1408 2596 ad
1431 2531 1555 2612 aethra,

658 2638 753 2702 Nunc
777 2639 849 2703 sine
872 2639 937 2702 fine
960 2644 1072 2702 manet
1095 2637 1208 2701 nubila
1232 2643 1349 2701 cuneta
1371 2637 1499 2721 fugans.

574 2742 691 2826 Deque
714 2764 773 2806 sua
795 2742 904 2806 facie⁵
928 2742 1105 2828 superabat
1126 2742 1196 2806 lilia
1218 2740 1364 2826 pulchra,

494 2863 518 2907 ro
661 2844 769 2909 Fulsit
792 2845 881 2909 clara
903 2845 973 2910 dies
998 2844 1103 2930 deque
1128 2866 1188 2908 sua
1210 2845 1305 2908 facie.

575 2947 727 3013 Nobilior
748 2948 876 3012 meritis
899 2968 996 3033 quam
1020 2948 1093 3032 quis
1117 2948 1205 3011 valet
1229 2967 1284 3010 ore
1309 2945 1443 3026 referre,

658 3050 697 3114 In
720 3051 830 3138 specie
854 3050 1003 3135 pulcher,
1027 3050 1170 3114 nobilior
1191 3049 1317 3114 meritis
1326 3050 1349 3111 ⁸.

573 3155 667 3219 Unus
691 3176 783 3219 amor
804 3154 928 3241 populi,
951 3155 1065 3235 virtus,
1088 3175 1155 3240 pax
1179 3153 1330 3218 omnibus
1351 3173 1427 3234 una,

657 3257 785 3322 Dilexit
809 3266 953 3334 cunctos,
976 3279 1061 3321 unus
1084 3279 1176 3322 amor
1197 3257 1321 3343 populi.

494 3385 517 3422 rs
573 3361 648 3425 Rex
669 3360 776 3424 bonus
800 3367 833 3424 et
854 3359 1012 3445 placidus,
1035 3361 1117 3423 nulli
1140 3361 1285 3424 bonitate
1310 3359 1508 3440 secundusi,

658 3463 735 3527 lure
759 3465 842 3527 alios
866 3464 954 3528 rexit
977 3485 1037 3528 rex
1058 3464 1164 3528 bonus
1188 3470 1222 3528 et
1244 3463 1402 3549 placidus.

575 3566 675 3630 Cuius
699 3567 740 3630 ab
764 3586 820 3630 ore
844 3566 898 3651 pio
923 3567 1062 3652 populus
1087 3588 1145 3631 sua
1167 3572 1243 3631 vota
1265 3567 1411 3631 metebat
1420 3566 1442 3648 ⁸,

660 3666 780 3732 Suavia
804 3675 922 3733 cuncta
943 3669 1028 3733 bibit
1051 3671 1143 3734 cuius
1167 3670 1208 3733 ab
1233 3691 1288 3734 ore
1310 3670 1376 3756 pio.

573 3770 702 3857 Raptus
726 3771 767 3835 ab
792 3771 870 3835 orbe
894 3771 956 3835 fuit
980 3773 1044 3836 cito
1067 3779 1179 3858 pastor
1203 3774 1315 3857 largus
1339 3776 1505 3856 egentum,

491 3896 517 3935 20
661 3921 1046 3940 ........
1074 3881 1187 3962 raptus
1210 3876 1251 3938 ab
1275 3875 1354 3939 orbe
1377 3873 1468 3938 fuist

988 4261 1081 4328 XVI.

1030 4387 1038 4431 1

576 4452 641 4528 Qui
664 4451 817 4519 manibus
840 4450 969 4534 librum,
992 4451 1105 4534 lector,
1129 4451 1372 4539 comprenderis
1396 4452 1505 4536 istum,

657 4559 722 4624 Hic
746 4565 926 4645 praecepta
948 4558 1000 4623 dei
1023 4558 1152 4623 discere
1177 4578 1271 4622 sacra
1292 4564 1398 4642 potes.

925 4699 939 4705 .-
949 4700 1040 4705 -.--.-
1049 4699 1067 4706 -.
1080 4699 1177 4705 -.-—-.
1191 4698 1294 4705 ψ-..
1312 4699 1566 4705 .-.-.-,-..-...-.-.....

280 4783 364 4854 [XIV]
382 4783 405 4836 3·
417 4787 540 4838 ecclesiae
558 4787 650 4838 ditauit
667 4803 696 4837 ao
707 4784 737 4849 P,
755 4786 821 4837 hene
840 4783 923 4849 Mor,
941 4801 986 4836 rex
1005 4782 1063 4834 Mai
1165 4781 1182 4833 4
1201 4801 1276 4850 quem
1287 4782 1312 4833 P
1414 4783 1425 4846 ll
1448 4781 1462 4834 l
1481 4801 1590 4851 ragnum
1600 4783 1626 4834 P
1726 4781 1745 4835 3
1761 4785 1829 4852 quod
1839 4783 1865 4835 P

282 4870 350 4938 [XV]
385 4869 402 4922 3
420 4871 562 4939 piaetateP
672 4870 690 4922 5
707 4888 801 4938 genere
815 4871 840 4920 P
965 4868 998 4920 15
1016 4870 1089 4920 nullo
1107 4887 1173 4921 corr.
1192 4871 1210 4919 li
1225 4869 1250 4919 P
1352 4867 1383 4920 17
1402 4870 1480 4936 pulus
1497 4887 1545 4920 aua
1561 4886 1626 4921 noce
1643 4871 1754 4922 metebat
1766 4870 1797 4934 P,
1815 4888 1863 4922 sua

212 4965 273 5009 uota
289 4959 375 5021 Mor„
396 4947 508 5010 solamen
530 4959 642 5009 habebat
659 4958 717 5008 Mai
832 4955 864 5006 19
881 4958 909 5007 io
927 4957 974 5008 boc
991 4974 1065 5008 versu
1085 4955 1177 5007 desiuit
1190 4954 1215 5005 P
1230 4956 1342 5020 aequitio·
1360 4957 1498 5022 Epitafium
1515 4957 1622 5023 Alquini
1640 4956 1731 5023 (supra
1743 4974 1772 5023 p.
1791 4953 1860 5020 350).

277 5041 359 5110 [xvi]
382 5046 558 5111 Epitalium
569 5043 594 5093 P
682 5044 694 5108 ΙΙ
716 5041 744 5109 [1]
764 5042 778 5093 l
798 5043 983 5110 conpr-anderes
1001 5061 1067 5094 corr.
1087 5043 1122 5092 ris
1138 5040 1163 5091 P
1198 5045 1199 5048 ’

311 5180 337 5245 l)
361 5177 528 5248 Fredeparii
548 5177 675 5232 Otrooic
700 5193 722 5232 c.
741 5179 782 5241 iu,
801 5177 987 5248 Epitaphium
1006 5176 1161 5248 Dapoberti
1178 5177 1252 5246 regia
1270 5177 1332 5244 (Du
1352 5175 1455 5230 Oleane
1471 5175 1521 5231 SS.
1539 5175 1731 5230 constancia
1750 5175 1861 5243 1,590):

209 5280 297 5348 Quem
314 5281 422 5335 meritis
439 5283 547 5350 sceptro
565 5281 707 5336 Dionisius
731 5280 834 5336 extulit
859 5281 932 5346 alto,
953 5281 957 5350 Ι
973 5281 1057 5336 Cuius
1082 5296 1136 5350 ope
1154 5283 1183 5335 et
1200 5280 1277 5350 gazis
1294 5280 1340 5334 hic
1358 5283 1416 5334 stat
1433 5279 1463 5332 in
1482 5297 1544 5333 erce
1561 5279 1645 5334 locus.
1713 5279 1742 5348 2)
1761 5282 1796 5333 A.
1815 5278 1865 5332 783

207 5390 317 5438 mortua
342 5389 367 5436 et
385 5385 414 5436 in
431 5384 599 5439 monasterio
619 5385 647 5438 S.
667 5383 804 5455 Dionysii
821 5383 937 5454 sepulta.
1006 5385 1034 5452 3)
1053 5388 1087 5439 Α.
1106 5385 1159 5438 810
1182 5383 1262 5437 VIII
1276 5383 1321 5436 m.
1339 5383 1393 5437 lul.
1411 5385 1535 5436 mortum
1554 5387 1579 5436 et
1599 5382 1723 5436 Veronae
1740 5381 1862 5451 sepultas

207 5493 256 5543 eat.
325 5487 353 5554 4)
374 5485 417 5556 Os.
435 5487 588 5542 Fortunati
607 5486 694 5542 Gom.
713 5489 734 5539 I
737 5488 764 5550 V,
774 5487 815 5550 26,
826 5488 859 5541 18
876 5486 982 5541 Nubila
998 5488 1089 5542 fronte
1107 5486 1216 5557 fugans.
1301 5487 1328 5554 ir)
1350 5485 1393 5540 Icl.
1412 5485 1450 5540 aa
1469 5484 1612 5555 Ctilperic.
1630 5500 1686 5554 rep.
1704 5489 1729 5538 et
1747 5483 1864 5554 Freuey.

206 5607 264 5661 rep.
277 5590 311 5644 98
329 5590 424 5659 Deque
443 5593 493 5644 tua
511 5590 582 5645 tecie
600 5589 678 5661 plebs
701 5607 751 5646 sua
773 5593 839 5645 vota
866 5590 956 5645 metit.
1026 5592 1052 5658 6)
1079 5591 1117 5646 ib.
1137 5594 1189 5654 IV,
1205 5591 1274 5658 8,12
1300 5588 1422 5644 nobilior
1447 5588 1555 5642 merito.
1634 5587 1660 5654 ἵ)
1679 5586 1716 5641 ib.
1736 5589 1755 5640 Ι
1759 5588 1820 5655 ΚΞ),
1831 5587 1865 5641 10

207 5694 279 5750 nulli
297 5695 332 5749 de
349 5693 498 5749 nobilitate
516 5694 661 5750 secundos.
731 5695 758 5763 8)
780 5695 823 5764 Os.
840 5711 868 5749 a.
886 5696 910 5749 5.
980 5694 1007 5766 9)
1026 5695 1144 5750 Fortun.
1165 5695 1256 5748 Germ.
1274 5692 1404 5761 JV,19‚4
1421 5693 1518 5762 raptus
1536 5691 1571 5746 ab
1590 5689 1655 5746 orbe
1673 5679 1736 5746 fuit.
