4574 6442
965 413 1109 469 lOSEPHl
1127 411 1257 468 SCOTTI
1276 411 1453 467 CARMINA.

558 663 563 674 .
1176 601 1236 666 IV.

571 733 685 807 ITEM
713 732 829 807 IDEM
854 731 1027 804 IOSEPH
1055 728 1150 802 HOS
1178 727 1453 817 SEQUENTES
1480 725 1666 800 VERSUS
1693 724 1842 798 FECIT.

798 865 873 946 Dic,
897 887 916 928 o
941 863 1048 942 Caris,
1071 869 1167 949 putas
1190 883 1274 948 quae
1296 882 1396 926 verae
1419 861 1515 944 sigua
1537 859 1663 936 salutis,

798 969 887 1033 Vota
908 967 1019 1032 valent
1041 986 1188 1030 summae
1212 986 1271 1029 seu
1294 964 1359 1028 rim
1382 962 1545 1027 deducere
1567 964 1674 1026 vitae?

699 1119 704 1128 ι
799 1072 892 1136 More
917 1069 1107 1134 Sirenarum
1130 1068 1261 1153 rapiunt
1283 1067 1467 1146 fantastica,
1491 1064 1549 1130 sed
1572 1074 1617 1144 tu,

800 1174 875 1240 Rex
897 1174 994 1253 bone,
1018 1173 1119 1255 large,
1143 1192 1201 1235 suo
1226 1171 1372 1255 signabis
1396 1177 1514 1235 cuncta
1535 1171 1589 1235 rel
1610 1192 1673 1234 usu

801 1278 866 1342 Vel
889 1277 999 1362 specie
1023 1297 1142 1354 rerum,
1166 1273 1278 1338 videas
1302 1295 1383 1359 quas
1408 1275 1527 1338 clarius
1550 1274 1621 1359 ipse

799 1379 843 1443 Et
865 1379 996 1466 penitus
1020 1377 1130 1464 pravis
1154 1398 1329 1462 pressurae
1352 1377 1423 1441 iura
1446 1376 1576 1442 dedisse
1671 1379 1674 1384 ’

800 1482 845 1546 ut
866 1482 919 1546 via
941 1481 994 1545 vel
1017 1481 1122 1543 virtus
1145 1479 1241 1543 iustis
1265 1501 1339 1544 esse
1363 1480 1487 1565 optima
1510 1480 1607 1543 vitae.

799 1584 852 1648 En
873 1584 955 1648 alios
980 1589 1067 1648 certe
1091 1588 1306 1647 consternunt
1328 1583 1472 1648 culmina
1493 1585 1601 1667 regui:

800 1688 912 1753 Aurea
933 1707 1031 1750 vassa
1051 1688 1160 1750 locant
1183 1693 1217 1750 et
1238 1707 1385 1771 gemmas
1409 1688 1469 1751 rite
1492 1693 1618 1752 rosatas

801 1791 845 1856 Et
866 1796 987 1870 vestes,
1011 1789 1152 1858 domitos
1177 1796 1210 1854 et
1232 1811 1335 1874 equos
1357 1796 1390 1854 et
1412 1792 1514 1855 multa
1536 1798 1649 1878 parata
1741 1831 1744 1834 -

800 1892 939 1957 Dulcius
963 1892 996 1955 iu
1019 1898 1148 1977 potum:
1172 1891 1270 1956 rebus
1293 1913 1370 1977 spes
1393 1892 1487 1957 ardet
1510 1892 1646 1957 edendis

802 1995 958 2076 Turbida,
980 2016 1041 2081 per
1063 1996 1145 2059 tales
1169 2016 1250 2080 quos
1273 1995 1359 2060 rodit
1381 1996 1493 2060 saucia
1516 2017 1621 2075 curas,

802 2098 936 2163 Perdita
956 2120 1050 2162 mens
1074 2097 1166 2162 vonis
1188 2099 1263 2162 vilis
1285 2120 1344 2184 per
1366 2099 1463 2164 devia
1485 2099 1618 2165 vadens.

804 2201 880 2282 Sed,
904 2201 959 2282 pie
983 2223 1041 2266 rex
1066 2200 1173 2278 Oarle,
1195 2200 1281 2265 bona
1304 2223 1387 2287 quae
1411 2201 1625 2287 produximus
1649 2225 1715 2284 ore,

802 2303 881 2390 Ipsa
902 2303 964 2368 tibi
986 2303 1133 2367 tribuunt
1156 2305 1238 2368 caeli
1262 2305 1436 2390 praesagia
1457 2305 1556 2370 laeta.

804 2408 832 2472 Ο
855 2407 942 2472 bene
965 2405 1155 2492 disponens,
1178 2407 1273 2470 iustis
1296 2408 1349 2472 hic
1373 2407 1511 2493 spargis,
1534 2415 1571 2473 ut
1592 2429 1656 2473 una

804 2510 887 2596 Spes
910 2517 968 2574 tua
990 2530 1064 2574 cum
1087 2510 1185 2574 castis
1209 2511 1297 2574 vivat
1319 2511 1471 2575 mercede
1496 2532 1647 2596 superna.

803 2613 887 2677 Mira
908 2612 991 2677 fides
1014 2613 1102 2697 regis
1126 2613 1249 2696 cogitat
1271 2621 1403 2677 terrena
1425 2613 1576 2694 carenda,

804 2717 867 2780 Ast
891 2715 965 2780 ideo
989 2737 1084 2780 veros
1109 2737 1270 2801 quaerens
1292 2723 1469 2781 nancturus
1492 2717 1615 2781 amicos

722 2851 726 2860 ·
805 2819 862 2902 Es,
885 2820 1007 2883 domini
1030 2841 1152 2900 servos,
1177 2818 1235 2884 scd
1258 2819 1355 2884 crede
1379 2826 1506 2884 sacrata
1528 2821 1647 2885 suetis:

804 2921 926 2987 Verius
950 2945 970 2986 o
992 2924 1079 2989 vitae
1104 2930 1191 2988 stant
1213 2944 1349 2987 munera
1372 2929 1406 2987 et
1428 2945 1518 2988 arma
1538 2923 1673 2988 beatae!

805 3024 841 3090 Si
864 3025 989 3111 cogites
1014 3026 1145 3107 etenim,
1169 3027 1216 3090 sic
1239 3025 1337 3090 altius
1360 3025 1423 3088 ista
1444 3024 1573 3090 videbis

804 3129 844 3194 Iu
867 3136 911 3212 te,
934 3129 1104 3207 caradoc,
1129 3129 1225 3193 mbro
1251 3149 1335 3213 quae
1357 3129 1516 3214 inscripta
1539 3130 1647 3193 colore

804 3233 931 3318 Pagina
950 3234 1018 3298 lata
1040 3239 1140 3314 tenet,
1162 3231 1329 3297 miscenda
1353 3252 1374 3295 a
1394 3251 1467 3296 rore
1490 3231 1627 3316 nigello;

806 3335 898 3410 Quae
921 3357 989 3401 non
1010 3337 1096 3401 dona
1119 3338 1213 3401 malis
1236 3358 1314 3401 vere
1336 3336 1498 3401 laudanda
1521 3337 1645 3402 colonis

806 3439 937 3506 Reddet
959 3441 993 3504 in
1016 3447 1187 3506 aeternum
1210 3439 1347 3505 donator
1369 3461 1514 3504 summus
1536 3439 1660 3520 lessus,

804 3542 875 3608 Ista
897 3543 999 3625 vides,
1023 3545 1152 3624 mirum,
1175 3565 1235 3630 per
1257 3551 1367 3630 partes
1389 3543 1518 3629 plenius
1541 3543 1631 3608 orbis

805 3645 972 3711 Exercerc
996 3647 1079 3732 pios.
1126 3645 1296 3732 Sapientia
1319 3647 1459 3731 plurima
1479 3647 1551 3710 laus
1575 3652 1627 3710 est

806 3747 845 3812 lu
868 3748 988 3814 virtute
1010 3748 1099 3830 boni,
1122 3749 1239 3812 merito
1262 3769 1336 3811 cum
1357 3748 1477 3813 nobilis
1501 3754 1534 3812 ct
1556 3747 1632 3812 hinc

806 3851 838 3914 A
860 3857 893 3916 te
916 3871 1017 3936 purus
1040 3871 1131 3915 amor
1152 3851 1288 3936 pululat,
1313 3872 1388 3936 spes
1410 3852 1545 3936 fulgeat,
1567 3857 1604 3914 ut
1627 3852 1686 3930 sol,

808 3953 870 4018 Ast
892 3953 1054 4019 laudanda
1076 3953 1158 4019 fides
1182 3954 1252 4032 orbi
1275 3955 1456 4036 notissima,
1479 3963 1597 4020 rector.

805 4057 894 4122 Vera
916 4057 1008 4122 rides
1032 4078 1122 4122 arma
1145 4063 1179 4121 et
1201 4058 1325 4141 pariter
1346 4057 1498 4123 sublimio
1520 4059 1628 4144 sigua:

804 4155 889 4241 Rex,
913 4161 968 4246 pia
990 4160 1076 4224 dona
1097 4159 1190 4224 dedit
1213 4167 1331 4225 cuncta
1353 4161 1525 4247 sapientia,
1549 4162 1602 4225 cui
1625 4168 1661 4226 tu

805 4263 894 4328 Vere
917 4262 1065 4328 deservis
1089 4263 1208 4349 potius,
1232 4283 1315 4347 quae
1340 4271 1374 4329 et
1395 4265 1502 4350 portio
1526 4265 1629 4329 maior

807 4365 902 4431 Muro
926 4367 1069 4432 celsifico
1094 4373 1128 4432 et
1150 4368 1241 4432 caelo
1264 4374 1325 4448 est,
1349 4389 1400 4444 en,
1424 4369 1519 4433 altior
1540 4368 1618 4433 alto.

804 4521 898 4586 Haec
921 4529 1012 4586 tenet
1035 4529 1188 4588 aeternae
1211 4523 1351 4586 virtutes
1374 4525 1495 4608 pagina
1517 4523 1604 4589 vitae

805 4624 911 4707 Dona,
933 4623 988 4690 dei
1011 4631 1137 4689 tantum
1161 4611 1283 4704 Christi
1307 4646 1391 4710 quae
1414 4625 1533 4690 dantur
1553 4627 1677 4706 amicis,

806 4728 899 4802 Quae
922 4729 1019 4793 simul
1041 4729 1129 4794 haud
1151 4750 1270 4816 pravus
1301 4750 1360 4792 seu
1382 4728 1490 4793 nullus
1512 4729 1650 4793 habebit
1671 4729 1810 4814 iniquus,

804 4829 897 4903 Quae
920 4831 1001 4898 deus
1025 4834 1232 4920 omnipotens
1256 4832 1389 4897 donavit
1412 4853 1549 4897 munera
1571 4832 1679 4897 Car-lo.

724 4954 750 4992 ιο
806 4933 918 4999 Pauca
940 4935 1002 5000 tibi
1024 4936 1140 5021 scripsi
1163 4936 1260 5000 rubro
1283 4935 1438 5000 distincta
1460 4936 1568 5000 colore

807 5037 975 5120 Carmina,
1005 5041 1033 5104 si
1056 5040 1170 5106 iubeas
1194 5040 1252 5106 sed
1275 5042 1365 5127 plus,
1394 5038 1578 5129 superaddo
1601 5060 1763 5104 camenas.

459 5257 514 5325 [lx]
551 5257 569 5309 3
586 5276 734 5312 serenarum
752 5263 784 5328 B,
803 5265 950 5315 Sirenamm
967 5282 1035 5315 corr.
1053 5265 1148 5332 Hagen
1250 5261 1285 5315 35
1302 5265 1502 5316 morticinorum
1519 5266 1745 5332 iaarprewmcnra
1762 5273 1821 5316 carm
1839 5263 1921 5318 haec:

852 5351 908 5415 Dio,
927 5368 943 5401 o
960 5351 1042 5415 Carlc,
1060 5367 1157 5417 precor,
1176 5367 1242 5415 quas
1259 5358 1309 5401 stat
1326 5351 1463 5416 speciosior
1479 5369 1551 5415 auro,

852 5436 921 5485 Dum
939 5435 1037 5486 rutulat
1054 5437 1152 5502 species
1170 5443 1196 5486 st
1212 5436 1282 5486 caclo
1299 5436 1433 5487 sublimior
1449 5437 1508 5488 alto.

851 5518 877 5568 ai
895 5527 924 5569 tu
941 5519 1007 5569 lecta
1023 5535 1101 5570 vocas
1117 5520 1204 5585 pravis
1217 5536 1284 5584 quau
1301 5520 1395 5570 dantur
1411 5527 1442 5571 ut
1458 5537 1559 5584 aurum,

852 5605 903 5652 Seu
920 5611 1005 5654 vestas
1023 5605 1134 5669 pecudes
1150 5613 1177 5656 st
1194 5621 1242 5656 nac
1259 5605 1345 5655 miuus
1357 5623 1431 5657 omns
1444 5607 1571 5657 decorum.

852 5687 986 5751 Sapientia
1022 5689 1085 5754 Spes
1102 5690 1172 5740 fidos.
1209 5690 1243 5739 Et
1260 5690 1359 5740 caritas
1397 5692 1430 5742 Et
1448 5691 1549 5743 veritas.
