4574 6442
980 431 1128 490 ALCUlNl
1148 433 1323 490 CARMINA.

746 613 904 678 Inlustret
928 612 1076 698 populos,
1099 619 1189 676 treus
1212 610 1347 696 insuper
1368 630 1511 694 aequore
1532 608 1623 694 ponti

745 715 898 802 Aspersit
921 714 1040 796 radios,
1064 713 1183 799 quibus
1207 720 1241 778 et
1263 712 1438 778 Germania
1460 712 1566 776 fulsit:

746 817 773 882 E
798 816 916 902 quibus
940 825 973 881 et
995 815 1156 902 quaedam
1178 817 1339 903 populosa
1360 815 1521 880 Hibernia
1545 816 1656 879 sensit.

748 918 814 984 Sed
837 920 931 984 uobis
955 921 1083 1005 signum
1108 940 1184 984 vero
1205 920 1289 984 inter
1310 919 1413 983 multu
1434 919 1540 983 relatu

672 1045 676 1078 t
748 1023 820 1088 lloe
844 1045 976 1090 uerrere
999 1026 1121 1111 plaeet3
1145 1022 1234 1088 dirae
1259 1044 1334 1087 nam
1357 1031 1504 1108 tempore
1527 1022 1641 1108 pestis

747 1125 938 1212 Aequoreos
962 1128 1100 1212 populos
1124 1125 1190 1190 latu
1212 1147 1296 1210 queo
1320 1125 1411 1191 clade
1434 1126 1583 1211 peremit,

749 1227 920 1295 Seotoruur
943 1251 1065 1314 genere
1090 1230 1316 1308 scholasticus,
1339 1251 1415 1294 seor
1437 1231 1469 1294 in
1490 1237 1571 1298 erte.

748 1331 822 1398 lIoe
846 1335 953 1400 lueret
974 1335 1085 1399 morbo
1109 1335 1214 1421 putria
1236 1355 1412 1420 percussus
1435 1335 1468 1398 in
1490 1334 1557 1400 illu.

748 1434 920 1500 Librorum
945 1435 1052 1501 studio
1075 1436 1202 1514 doetus,
1226 1435 1284 1502 sed
1306 1438 1397 1502 nulle
1418 1437 1546 1501 futurae

673 1557 678 1592 ἰ
750 1536 835 1604 Cum
857 1538 919 1603 fuit
941 1539 1060 1604 misero
1084 1540 1181 1618 vitae,
1204 1539 1267 1604 sibi
1291 1561 1429 1624 eumque
1451 1538 1578 1603 videret

749 1641 864 1707 Mortis
887 1641 1005 1708 adesse
1029 1642 1126 1724 diem,
1150 1663 1268 1728 magno
1291 1641 1455 1729 trepidare
1479 1643 1594 1706 timore

750 1743 914 1832 Coeperat
936 1747 977 1812 ub
1001 1747 1117 1812 merite
1140 1748 1310 1828 scelerum,
1334 1768 1375 1812 ne
1397 1746 1439 1811 ud
1461 1753 1582 1811 tertam
1602 1745 1674 1809 dim

750 1849 899 1916 Mortuus
924 1851 1041 1915 inferni
1064 1859 1244 1936 reperetur,
1269 1871 1349 1915 voee
1373 1851 1518 1936 gementi

751 1952 937 2038 Alloquitur
960 1953 1101 2018 sueiuru:
1125 1952 1261 2026 *Fruten
1284 1954 1364 2018 mihi
1387 1954 1500 2018 mortis
1522 1972 1651 2017 amarae

754 2055 923 2120 Artieulue
946 2063 1110 2142 properet.
1134 2056 1295 2140 citiusque
1318 2055 1360 2121 ad
1383 2065 1503 2121 turture
1525 2054 1626 2119 dueur

751 2156 938 2244 Perpetuus
961 2160 1087 2240 mortis,
1109 2160 1186 2244 quie
1208 2160 1273 2224 iarn
1295 2181 1361 2224 non
1383 2167 1529 2246 tempore
1553 2177 1651 2244 parre

752 2259 951 2328 Criminibus
974 2271 1099 2328 tuntum
1122 2265 1253 2350 penitus
1277 2265 1399 2329 servire
1423 2263 1580 2328 solebam.

751 2363 816 2430 Pro
840 2365 948 2432 dolor!
973 2367 1054 2432 bueo
1077 2377 1210 2454 propter
1233 2369 1310 2432 novi
1332 2368 1446 2432 feralia
1468 2367 1606 2431 flammis

752 2467 889 2534 'lurtum
904 2479 999 2556 purtu
1012 2471 1102 2535 mihi.
1148 2471 1240 2535 Totis
1257 2471 1336 2535 nrihi
1353 2470 1505 2536 sensibus
1522 2477 1572 2534 eet
1589 2468 1675 2546 hine,

672 2590 680 2628 ῑ
754 2568 789 2634 Si
814 2572 893 2636 velit
916 2573 1123 2660 omnipotens
1146 2574 1266 2638 misero
1291 2573 1472 2639 concedere
1494 2574 1604 2642 vitam.

753 2673 889 2740 Viribus
912 2677 1036 2742 annisis
1059 2698 1167 2743 rueres
1190 2685 1315 2742 mutere
1339 2677 1510 2762 malignos.

753 2777 823 2844 Neu
846 2789 954 2846 benten
978 2805 1052 2848 esse
1075 2784 1141 2848 urei
1163 2783 1272 2848 meriti
1296 2782 1363 2846 soie
1385 2782 1496 2846 risere
1519 2789 1655 2864 tanturn,

752 2882 795 2948 Ni
819 2885 900 2949 mihi
922 2885 1081 2952 ooneedut
1103 2887 1189 2952 sium
1212 2885 1308 2980 modu
1332 2906 1449 2950 ruuuus
1472 2893 1600 2950 emotae

754 2984 947 3054 Sanctorum
971 2991 1096 3055 meritis
1120 2993 1304 3057 miserentis
1327 2993 1433 3078 gretia
1456 2992 1590 3057 Christi.

673 3117 683 3146 s
756 3089 877 3156 Audivi
900 3093 1064 3178 quondum
1087 3095 1211 3160 celebri
1235 3117 1363 3161 rumore
1388 3097 1502 3161 referri

755 3191 902 3260 Osu'uldi
924 3198 1013 3282 regis
1036 3196 1151 3264 leudes
1175 3198 1350 3263 virtutibus
1373 3199 1509 3284 uruplus.

756 3294 807 3360 Tu
829 3299 906 3383 quio
928 3299 969 3365 de
993 3321 1115 3386 genere
1138 3323 1175 3366 es
1199 3301 1365 3366 Senonum
1389 3302 1515 3386 college
1538 3311 1643 3368 nutus.

755 3397 880 3466 Forsan
903 3401 1007 3468 habes
1030 3405 1102 3470 eius
1125 3405 1298 3490 quiequuur
1313 3404 1408 3470 uredo
1424 3405 1678 3490 relliquiarum?

755 3499 817 3566 Cui
840 3505 948 3572 serius
973 3509 1084 3574 stetim
1106 3508 1204 3574 fidunt
1226 3509 1374 3595 pmlutur
1395 3509 1429 3572 in
1451 3529 1581 3574 uurenr:

675 3633 693 3660 >—
757 3604 850 3670 ⁸Purs
873 3609 1007 3676 inventu
1030 3613 1113 3677 sueri
1137 3621 1188 3678 est
1210 3633 1339 3676 ureeunr
1361 3611 1402 3676 (le
1426 3612 1537 3698 stipite
1560 3611 1650 3696 ligni.

756 3707 897 3776 Inlixuur
921 3713 1028 3780 fueraut
1052 3725 1151 3803 euput
1173 3716 1274 3780 oeeisi
1297 3715 1385 3779 illius
1408 3715 1441 3778 in
1463 3737 1544 3800 quo:

756 3809 799 3876 Et
821 3814 850 3878 si
873 3815 966 3882 tirmu
989 3830 1082 3884 tenes
1106 3818 1182 3884 fidei
1206 3831 1242 3883 tu
1265 3833 1399 3904 peetom
1421 3817 1568 3882 eredens.

755 3915 821 3982 Per
841 3921 924 3984 tenti
948 3921 1055 4008 pietus
1077 3923 1230 3988 meritum
1252 3920 1360 3986 dirius
1384 3922 1511 4007 petroni

754 4017 863 4086 Huius
885 4022 992 4090 udbue
1016 4027 1103 4092 sitne
1126 4025 1225 4090 ‹lonrrt
1248 4009 1308 4090 tibi
1331 4039 1479 4111 teurpom
1502 4024 1616 4108 louge:

675 4147 699 4178 a
759 4121 900 4212 Insuper
921 4141 1076 4194 ueteruue
1099 4130 1281 4216 pmestubit
1303 4128 1423 4214 gerurlis
1446 4129 1577 4193 lorssn'.

802 4227 873 4294 Nee
897 4251 986 4296 nroru
1010 4233 1087 4318 quin
1112 4247 1180 4298 toto
1203 4232 1287 4296 dixit
1311 4255 1346 4297 se
1370 4231 1504 4297 eredere
1529 4232 1637 4297 eorde.

756 4329 840 4396 Truu
864 4333 1034 4402 benedixit
1056 4359 1173 4423 seluern
1197 4338 1323 4402 sosius.
1347 4353 1538 4422 partemque
1562 4337 1680 4399 serrati

756 4433 895 4504 Roboris
918 4441 1087 4506 inmittens
1111 4463 1211 4526 aegro
1234 4439 1323 4505 desiit
1346 4457 1445 4523 utque
1468 4439 1655 4503 bibenelsm.

755 4537 820 4612 Qui
843 4564 921 4608 ruox
944 4545 1120 4612 corrrsluit,
1143 4546 1306 4628 mortique
1329 4561 1463 4630 ereptus
1485 4543 1526 4606 sb
1549 4544 1604 4608 illu
1622 4553 1683 4608 est.

676 4664 699 4698 Α
757 4643 886 4712 Rtbine
909 4649 1081 4714 ineolnruis
1104 4651 1206 4713 multo
1232 4649 1296 4711 issu
1319 4657 1467 4732 ternpore
1490 4647 1582 4720 risit,

756 4749 809 4814 Ad
832 4749 1065 4837 slorniuumque
1089 4773 1181 4815 susm
1197 4751 1297 4813 uitruu
1320 4765 1527 4813 eonrerterst
1542 4771 1682 4814 omnem.

756 4851 1015 4940 Magnifice-sque
1039 4855 1102 4920 eleo
1126 4853 1241 4919 leudes
1264 4852 1429 4917 referebat
1451 4854 1585 4938 ubique.

757 4953 799 5020 Et
823 4956 946 5022 (lentini
969 4959 1128 5023 lsruuluur
1151 4979 1270 5042 nrsgno
1294 4956 1483 5020 eelebrsbst
1506 4957 1639 5020 honore.

801 5059 941 5126 Seuerus=
964 5077 1016 5126 ter
1037 5063 1141 5126 ternis
1164 5058 1296 5125 Osuslrl
1319 5059 1460 5123 feliciter
1482 5061 1576 5124 annis
1766 5077 1797 5126 rr.
1813 5077 1900 5126 llus
1914 5086 1935 5120 s.

695 5187 699 5208 ·
757 5163 900 5252 Imperio
924 5181 1097 5252 postquem
1121 5186 1296 5249 regnorum
1318 5164 1403 5226 rexit
1427 5162 1574 5227 hebenus

757 5265 844 5353 Ipse.
867 5289 948 5354 ques
970 5270 1090 5334 retinet
1113 5269 1237 5332 inuios-s
1259 5267 1430 5330 Brirsunis
1454 5287 1572 5351 gentes

758 5369 882 5436 Divisis
905 5373 1036 5457 linguis,
1059 5373 1190 5458 populis
1211 5393 1271 5456 per
1293 5372 1423 5433 nsruuns
1446 5391 1589 5457 petrum:

757 5473 867 5560 Atque
889 5498 992 5540 sununs
1014 5496 1187 5562 postquem
1210 5493 1262 5539 ter
1284 5475 1387 5537 eleusis
1410 5476 1492 5538 risit
1515 5491 1547 5538 et
1570 5493 1655 5536 utero.

1593 5630 1779 5636 .-——-—-—-
1784 5627 1886 5634 -..-—-

442 5735 493 5786 m
512 5737 618 5788 susurri
639 5737 703 5784 risse
808 5733 861 5784 ilbi
878 5741 974 5787 rursm
992 5739 1038 5786 lus·
1058 5741 1111 5786 loru
1134 5737 1206 5786 tiu-'r-
