4936 6406
613 431 660 485 DE
678 429 854 484 PASSIONE
872 430 918 483 ΕΤ
938 429 1170 484 ASCENSIONE.
1206 429 1331 483 TITULI
1350 428 1609 484 ECCLESIARUM.

653 605 688 668 si
711 605 823 669 veniet
846 605 993 690 quisquis
1017 604 1093 669 fidei
1117 602 1157 667 dc
1183 625 1316 668 munere
1340 602 1443 682 dives,

737 709 831 783 Quod
855 710 937 796 petit
960 709 1114 788 inveniet,
1138 708 1223 793 quod
1246 709 1335 794 cupit
1359 729 1437 772 ecce
1462 715 1562 772 tenet.

649 813 718 877 Vos
742 814 860 877 fratres
883 813 1000 876 veniae
1023 813 1194 898 petitores,
1218 812 1356 876 obsecro
1380 811 1484 892 vobis,

565 937 590 975 1⁰
735 917 868 983 Poscite
892 916 1009 981 factori
1032 915 1118 979 dona
1142 935 1285 1002 superna
1308 913 1433 979 domus.

904 1137 1320 1186 ”’““““”““““’“’-’Ἳ

1072 1395 1149 1459 VII.

650 1519 746 1582 Hane
769 1518 831 1582 tibi
855 1517 1020 1595 constitui,
1043 1517 1089 1580 ill.
1114 1537 1231 1600 magne
1256 1516 1420 1594 sacerdos,

733 1621 825 1694 Quae
848 1623 932 1687 nitet
955 1621 1008 1685 hic
1032 1621 1155 1684 domini
1179 1671 1186 1686 .
1211 1669 1218 1683 .
1243 1621 1353 1684 eulara
1377 1620 1503 1700 domus,

648 1727 864 1792 Berncwinus
889 1748 961 1811 ego,
986 1733 1171 1790 sanctorum
1195 1747 1314 1812 parvus
1339 1732 1473 1806 ornator,

733 1831 796 1904 Qui
820 1833 879 1895 tibi
902 1831 1080 1917 praecipue
1103 1835 1181 1894 vcta
1203 1851 1384 1914 precesque
1408 1830 1488 1894 fero.

649 1934 697 1999 Te
721 1957 800 2019 rogo
825 1934 1025 2020 subpliciter,
1048 1953 1107 2019 pro
1131 1954 1182 1996 mc
1206 1953 1304 2018 prece
1327 1954 1427 2018 posce
1451 1939 1629 2012 tonantem,

734 2037 780 2101 Ut
802 2044 921 2122 purget
943 2038 1042 2102 venia
1065 2036 1201 2100 crimina
1224 2042 1342 2099 cuncta
1364 2057 1448 2116 mec,

650 2139 693 2203 Et
717 2139 834 2204 Carclc
858 2147 1009 2225 augusto,
1034 2140 1126 2203 euius
1148 2139 1272 2224 pietate
1296 2139 1453 2220 fovemur,

738 2243 904 2308 Praebeat
926 2243 1044 2308 etherii
1066 2243 1192 2331 premia
1214 2243 1307 2326 targa
1329 2243 1400 2307 scii.

904 2468 1316 2476 '‘m—m.-

1061 2707 1156 2772 VIII.

648 2827 712 2901 Qui
736 2829 847 2914 cupiat
869 2849 978 2892 rerum
1002 2827 1169 2892 studiosus
1192 2828 1276 2893 forte
1300 2829 1405 2892 viator

731 2932 910 2996 Auctorem
934 2933 1018 2996 scire
1043 2933 1196 2996 carminis
1218 2939 1275 2997 aut
1298 2933 1418 3019 operis,

649 3035 732 3100 Cum
754 3036 861 3116 rediit,
885 3057 1020 3120 quaeso,
1043 3036 1207 3101 modicum
1231 3036 1389 3100 subsistat
1412 3033 1519 3099 eundo

730 3138 774 3202 Et
796 3140 887 3223 legat
908 3139 994 3203 hunc
1016 3139 1158 3218 titulum,
1185 3140 1240 3223 qui
1263 3139 1325 3203 sibi
1350 3145 1467 3203 cuncta
1489 3136 1600 3202 refert.

648 3241 864 3306 Bernowinus
889 3263 951 3326 ego
974 3263 1050 3305 nam
1074 3241 1164 3306 dicor
1186 3242 1387 3306 humillimus
1410 3243 1492 3327 ipse,

731 3345 882 3408 Culmina
905 3346 959 3429 qui
981 3345 1046 3410 feci
1070 3346 1277 3430 carminaque
1301 3345 1415 3410 cecini.

649 3445 713 3518 Qui
737 3448 849 3512 veniet
871 3448 1001 3512 veniam
1024 3449 1187 3512 scelerum
1210 3448 1388 3534 deposcere
1411 3447 1500 3524 fletu,

730 3548 891 3613 Transeat
914 3549 973 3613 has
996 3557 1106 3636 portas
1129 3550 1170 3614 ad
1194 3551 1267 3615 ioca
1290 3555 1405 3614 sancta
1427 3549 1522 3628 citus,

648 3654 792 3739 Corpore
817 3653 852 3716 iii
876 3702 884 3717 .
909 3702 916 3716 .
941 3704 948 3719 .
973 3654 1063 3718 celsa
1086 3676 1150 3739 qua
1172 3661 1290 3742 pausat
1310 3654 1344 3717 in
1367 3654 1453 3730 aula,

735 3756 886 3820 Eximius
910 3758 1034 3821 meritis
1059 3765 1092 3822 et
1114 3759 1237 3844 pietate
1260 3763 1389 3843 potens.

647 3859 721 3924 Illic
743 3861 890 3925 inveniet
913 3861 1030 3925 solatia
1053 3869 1144 3926 certa
1167 3862 1292 3941 salutis,

731 3962 775 4027 Et
797 3985 894 4049 quarn
918 3985 991 4028 eum
1014 3966 1157 4029 lacrimis
1183 3970 1309 4051 poscet,
1333 3962 1434 4026 habet
1457 3960 1596 4025 veniam.

1076 4426 1135 4491 IX.

646 4544 863 4631 Omnipotens
887 4545 1043 4609 miserere
1069 4595 1333 4612 .........
1357 4544 1550 4633 redemptor

730 4697 1062 4716 ...........
1086 4673 1146 4715 rex
1169 4651 1243 4738 pius
1266 4649 1373 4736 adque
1396 4651 1496 4714 decus

646 4749 726 4814 Vita
749 4754 837 4816 salus
861 4752 1028 4816 hominum
1054 4801 1513 4819 ...............

574 4979 587 5016 s
644 4958 862 5044 Omnipotens
886 4959 1047 5040 dominus,
1071 4967 1107 5026 tu
1130 4961 1289 5026 miserere
1314 5010 1321 5024 .
1346 5011 1353 5025 .
1378 5013 1384 5026 .
1410 5010 1418 5026 .

725 5061 835 5148 Ipsius
860 5069 931 5127 estc
954 5084 1089 5144 memor,
1113 5086 1174 5129 rex
1196 5065 1249 5152 pic
1272 5064 1378 5150 adque
1401 5067 1477 5131 mei.

1268 5233 1294 5238 .-,
1308 5233 1451 5240 ---—.--.
1475 5237 1482 5240 .
1496 5239 1500 5241 .
1524 5237 1612 5243 .-...-
1626 5238 1825 5245 --.--..-...--.-1.

384 5344 399 5396 7
417 5347 567 5415 quisqueP,
584 5349 701 5414 quisquis
719 5349 790 5401 Mat.
898 5349 916 5400 8
934 5351 1034 5404 inuenit
1047 5351 1073 5400 P

350 5448 421 5518 [VII]
459 5451 472 5502 l
492 5451 601 5504 11ch
668 5453 703 5504 ill.
718 5453 749 5517 P,
767 5455 836 5506 Illidi
853 5454 924 5506 Mac.
1030 5453 1045 5505 'I
1065 5458 1099 5506 Ut
1116 5455 1219 5521 caroP,
1238 5459 1270 5508 Et
1287 5459 1378 5509 Carolo
1391 5458 1462 5509 Mac.

349 5555 428 5622 [vlu]
447 5555 710 5628 5humilimusps1’,
727 5559 874 5628 spusMab.
964 5559 1043 5628 iique
1056 5563 1105 5612 saci
1117 5560 1143 5610 P
1229 5561 1344 5614 Iucniet
1355 5563 1442 5614 ueniat
1454 5564 1550 5615 scelera
1562 5563 1592 5630 P,
1611 5564 1847 5615 veniamscelerum
1860 5563 1931 5614 Μαό.

279 5640 296 5694 9
314 5644 349 5694 iii.
365 5643 390 5693 P
406 5646 504 5698 Illidius
522 5647 592 5697 Mau.
700 5645 733 5698 10
751 5649 842 5698 mentis
855 5647 886 5708 P,
904 5649 999 5698 meritis
1019 5649 1089 5699 Mala

346 5745 405 5818 [IX]
425 5749 511 5800 Huius
528 5751 650 5804 camorata
664 5753 756 5816 struto
773 5753 801 5806 in
814 5750 839 5801 P
854 5752 975 5804 concinas
993 5755 1057 5806 serie
1075 5754 1171 5820 scripto
1188 5761 1256 5817 suist,
1274 5751 1426 5805 Reclamant·
1445 5771 1476 5804 co
1496 5753 1621 5821 deposuit
