4936 6406
1123 388 1331 445 THEODULFI
1350 389 1526 444 aluums.

771 587 809 628 ns
861 566 905 631 Et
928 567 1005 663 quia
1027 565 1179 651 disoipuli
1203 565 1375 652 probitatis
1399 565 1507 630 inesse
1530 569 1692 644 recusant,

947 668 1074 734 Idcirco
1098 670 1217 734 erroris
1240 668 1336 733 turba
1359 670 1517 753 magistra
1538 669 1630 732 liunt.

866 774 1039 860 Nosseque
1055 795 1138 858 qnae
1153 773 1306 859 ignorant
1318 779 1496 858 nequeunt,
1521 773 1597 857 quia
1608 793 1707 859 posse
1722 775 1839 856 putant
1852 790 1898 846 so,

950 877 1005 943 Sia
1027 878 1112 942 male
1136 878 1334 965 praecipites
1357 898 1450 942 mens
1474 898 1558 962 vaga
1579 877 1665 941 fallit
1688 897 1756 941 eos.

866 981 1015 1066 Namque
1039 1002 1124 1046 unus
1148 981 1275 1045 eunetis
1299 986 1391 1044 extat
1415 980 1530 1044 modus
1554 980 1616 1044 iste
1640 979 1801 1064 superbis,

771 1107 810 1144 220
957 1084 1000 1150 Se
1024 1085 1122 1172 pretii
1145 1089 1181 1147 ut
1203 1085 1316 1169 magui
1339 1105 1470 1170 semper
1492 1084 1602 1148 inesse
1625 1090 1758 1170 putent;

869 1188 1038 1253 Fraternis
1061 1207 1229 1272 nunquam
1252 1186 1430 1251 adsensum
1453 1187 1612 1271 praebere
1636 1185 1785 1270 loquelis,

954 1290 1114 1356 Omnibus
1138 1299 1172 1355 ot
1195 1291 1258 1354 reri
1283 1312 1319 1354 ae
1342 1291 1481 1355 meliora
1502 1290 1606 1374 loqui;

868 1395 1028 1460 Sensibus
1052 1396 1256 1479 ingeniisque
1280 1396 1347 1458 suis
1371 1416 1436 1458 non
1459 1395 1557 1459 ullius
1579 1394 1639 1474 uti,

952 1499 1115 1587 Spernere
1139 1499 1268 1563 eonsilii
1292 1520 1351 1563 seu
1374 1499 1519 1563 melioris
1543 1518 1650 1583 opem,

773 1628 812 1665 en
871 1603 1034 1688 Falsaque
1058 1604 1146 1667 l'erre
1170 1604 1238 1667 suis
1260 1603 1393 1666 laudum
1415 1603 1594 1689 praeconia
1616 1601 1723 1681 rebus,

954 1705 1128 1792 Dispieere
1151 1706 1287 1771 alterius
1310 1704 1398 1769 diota
1420 1707 1475 1770 vel
1498 1713 1572 1769 aeta
1595 1705 1701 1768 simul.

868 1809 1044 1894 Despeotis
1067 1809 1212 1894 paribus,
1236 1809 1389 1888 minimis,
1412 1809 1602 1888 maioribus,
1626 1815 1724 1893 atque

900 1957 903 1964 ‚
950 1914 1022 1978 Iam
1045 1914 1107 1978 sibi
1131 1915 1200 1978 sive
1225 1913 1292 1977 suis
1316 1913 1362 1977 nil
1387 1913 1509 1977 sociale
1533 1918 1659 1997 putant.

868 2018 923 2082 Nil
946 2017 1076 2104 placida
1098 2019 1225 2082 ratione
1248 2025 1377 2102 gerunt,
1401 2017 1448 2080 sie
1472 2017 1545 2080 avia
1568 2037 1667 2080 enrva

776 2145 813 2184 rao
957 2121 1140 2206 Carpentes
1163 2126 1288 2184 rectam
1311 2119 1487 2184 deseruere
1510 2120 1597 2183 riam
1609 2120 1630 2183 ¹.

870 2225 937 2290 Sed
960 2224 1122 2289 medicina
1143 2223 1197 2289 dei
1220 2225 1352 2288 morbos
1375 2224 1521 2289 exaludit
1543 2225 1683 2309 iniquos,

953 2328 996 2392 m
1017 2329 1097 2392 facit
1117 2337 1154 2393 ut
1177 2327 1292 2393 redeat
1314 2329 1460 2393 officiosa
1482 2329 1581 2392 salus.

870 2432 957 2497 Dum
979 2433 1073 2497 timet
1096 2452 1174 2517 ergo
1197 2433 1324 2496 animus
1347 2432 1504 2496 virtutum
1527 2432 1600 2496 luoe
1624 2453 1747 2511 carere,

954 2532 997 2597 Et
1019 2534 1172 2596 vitiorum
1196 2554 1296 2617 aegre
1319 2533 1406 2598 nube
1430 2534 1581 2617 nigrante
1604 2533 1684 2617 tegi,

776 2658 814 2696 eas
874 2635 1014 2701 Pellitur
1036 2637 1203 2722 extemplo
1227 2642 1312 2712 tuus,
1337 2657 1356 2700 o
1379 2635 1549 2716 laetantia,
1571 2637 1716 2710 morbus,

957 2740 1096 2824 Nonque
1120 2741 1264 2804 animum
1288 2741 1435 2805 illectum
1458 2741 1562 2826 gloria
1584 2761 1669 2805 vana
1691 2741 1774 2804 linit.

872 2843 1025 2909 Morbida
1048 2865 1107 2908 seu
1131 2867 1170 2910 ve
1193 2845 1295 2908 abicit
1319 2853 1426 2910 metus
1451 2853 1483 2909 et
1506 2845 1659 2929 contagia
1680 2845 1795 2930 pestis,

955 2947 1011 3012 sie
1032 2947 1145 3011 sordes
1170 2945 1262 3012 aedis
1287 2968 1405 3034 aspera
1428 2969 1528 3034 scopa
1550 2947 1663 3033 abigit.

873 3050 996 3135 Teque,
1021 3050 1163 3136 superba
1186 3051 1268 3128 lues,
1291 3051 1381 3114 furor
1404 3057 1437 3114 et
1460 3058 1606 3130 ventose,
1630 3050 1761 3136 repellit

778 3177 816 3214 no
960 3153 1158 3239 Exemplum
1182 3153 1313 3217 humilis
1336 3155 1435 3238 regis,
1459 3162 1493 3218 et
1514 3155 1585 3218 eius
1608 3174 1709 3233 arnor,

872 3259 917 3323 Et
938 3265 1046 3322 metus
1071 3259 1241 3343 angelicae
1265 3258 1403 3323 caelesti
1427 3279 1469 3322 ex
1492 3279 1568 3322 aree
1591 3257 1715 3336 ruinae,

957 3364 1053 3430 Unde
1077 3365 1178 3429 miser
1199 3385 1359 3450 praeceps
1383 3363 1481 3428 eorde
1504 3369 1650 3428 tumente
1674 3364 1748 3429 ruit.

874 3468 935 3533 Ille
959 3467 1103 3554 superba
1126 3469 1275 3551 loquens,
1299 3466 1340 3531 de
1364 3467 1456 3531 eaelo
1478 3467 1512 3530 in
1535 3465 1674 3531 Tartara
1694 3486 1833 3546 mersus,

956 3569 1119 3635 Horridus
1140 3577 1192 3634 est
1215 3569 1365 3648 daemon,
1390 3571 1444 3654 qui
1468 3571 1607 3655 angelus
1631 3576 1707 3635 ante
1730 3569 1801 3633 fuit.

779 3697 816 3734 en
873 3675 918 3739 At
941 3674 1091 3739 dominus
1114 3673 1246 3738 humilis
1271 3673 1407 3738 veniens
1431 3695 1473 3738 en
1496 3674 1639 3738 aetheris
1661 3694 1748 3752 aree,

959 3778 1103 3864 Agmina
1125 3778 1292 3842 eaelioolis
1316 3785 1424 3843 terrea
1445 3778 1622 3844 oonsooiat.

877 3881 1017 3948 Terreat
1039 3902 1119 3967 ergo
1143 3882 1313 3946 hominum
1334 3902 1439 3967 genus
1463 3881 1551 3945 illius
1574 3887 1646 3945 atra
1668 3881 1773 3960 ruina,

955 3985 1099 4051 Muleeat
1121 4006 1278 4050 ascensus
1302 3993 1336 4049 et
1358 3984 1549 4049 redimentis
1572 3984 1655 4048 heri.

874 4088 970 4153 Mens
994 4090 1082 4154 elata
1105 4087 1193 4152 eadit
1215 4088 1367 4168 hominis,
1390 4094 1554 4174 prostrata
1575 4087 1728 4171 resurgit,

780 4215 818 4253 eso
968 4192 1041 4266 Quo
1064 4213 1160 4277 mage
1184 4193 1294 4256 iuneta
1317 4192 1398 4272 solo,
1422 4192 1469 4256 sie
1492 4212 1588 4277 mage
1610 4192 1722 4255 iuncta
1742 4192 1828 4278 polo.

874 4296 1115 4362 Descendendo
1140 4297 1238 4377 subit,
1261 4297 1384 4383 patitur
1406 4294 1592 4361 scandendo
1617 4295 1753 4376 ruinam,

957 4399 1023 4465 Per
1044 4421 1198 4465 numeros
1222 4407 1256 4466 et
1279 4406 1358 4466 eunt
1380 4407 1498 4465 cuneta
1519 4400 1705 4486 gradusque
1729 4422 1817 4465 suos.

875 4502 993 4567 Omnia
1015 4502 1135 4568 iudicio
1160 4511 1235 4568 sunt
1257 4503 1478 4590 dispensanda
1501 4525 1654 4590 superno,

958 4605 1054 4681 Quod
1076 4607 1196 4693 premit
1218 4609 1333 4689 elatos,
1356 4608 1454 4692 erigit
1478 4615 1511 4673 et
1532 4607 1705 4674 humiles².

779 4732 817 4770 ess
876 4707 970 4783 Quae
992 4729 1053 4795 per
1074 4716 1166 4795 prata
1188 4729 1304 4796 pamm
1327 4711 1490 4792 vitiomm,
1512 4710 1618 4791 Musa,
1641 4712 1769 4791 measti,

955 4812 995 4877 In
1017 4811 1121 4899 tepidi
1142 4812 1217 4877 libri
1241 4815 1348 4879 sistito
1371 4814 1436 4879 fine
1458 4813 1622 4900 gradumi.

876 5016 1033 5083 Cladibus
1056 5017 1106 5083 his
1130 5027 1258 5105 septem
1281 5025 1385 5084 totum
1407 5027 1594 5086 vastaverat
1617 5020 1740 5101 orbem,

957 5120 1087 5207 Hisque
1110 5123 1326 5209 triumphator
1348 5125 1449 5189 totius
1472 5125 1559 5190 orbis
1584 5133 1664 5191 erat.

612 5401 663 5456 257
681 5404 851 5457 CLADIBUS
869 5401 949 5454 Siros.

618 5572 645 5640 1)
668 5570 760 5628 Sodroi.
787 5571 874 5626 uano.
889 5567 987 5640 parali.
1012 5573 1036 5636 1,
1051 5571 1102 5625 284
1128 5573 1178 5641 qui
1196 5591 1281 5628 curva
1299 5591 1349 5643 per
1366 5574 1431 5628 avia
1449 5577 1555 5629 rectum
1571 5575 1576 5642 l
1591 5575 1716 5630 Flectere
1737 5575 1814 5629 nisus
1832 5573 1893 5628 iter.
1963 5575 1991 5639 2)
2008 5572 2077 5650 Luc.
2098 5576 2171 5639 1,52

508 5673 535 5740 ³)
557 5673 623 5728 Vm.
641 5673 759 5729 Fortun.
781 5672 813 5729 V.
832 5674 862 5727 δ.
881 5670 969 5726 Mart.
994 5671 1014 5726 1
1017 5671 1049 5741 V,
1058 5673 1108 5728 621
1129 5676 1214 5742 Pone,
1232 5677 1337 5743 libelle,
1356 5677 1479 5743 modum,
1497 5678 1594 5749 tepido
1611 5679 1766 5734 verecunde
1784 5678 1882 5735 relatu.
