4666 6406
819 431 957 486 VERSUS
976 433 1016 486 IN
1035 431 1095 486 DIE
1113 432 1328 488 PALMARUM.

611 602 735 667 Urbem
758 610 794 668 ut
817 626 888 669 cum
912 606 1010 669 ramis
1035 612 1068 670 et
1091 604 1243 669 laudibus
1266 607 1351 670 imus
1373 606 1414 670 ad
1438 608 1544 686 istam,

693 705 791 771 Celsa
812 708 880 793 poli
901 707 1026 772 meritis
1049 707 1101 771 fac
1124 709 1170 772 ite
1191 707 1281 773 adire
1305 710 1377 796 piis.

612 808 706 873 Hanc
729 810 762 872 in
785 831 895 874 amore
919 816 974 873 tuo
998 810 1169 874 collectam
1189 813 1319 896 respice
1342 812 1483 898 plebem,

530 932 555 969 ⁴0
702 913 838 1000 Suscipe
863 921 896 978 et
918 914 1006 978 illius
1029 909 1105 978 iota
1128 935 1309 1000 precesque
1333 915 1449 983 libens.

610 1015 697 1080 Ecce
721 1015 926 1081 sacerdotum
948 1017 1074 1096 turbae,
1098 1018 1264 1103 popularis
1288 1025 1321 1081 et
1344 1018 1404 1096 ala,

694 1118 846 1183 Concinit
868 1124 901 1182 et
924 1117 1037 1183 laudes
1063 1141 1162 1183 sexus
1186 1125 1322 1204 uterque
1345 1119 1415 1184 tibi.

612 1221 701 1294 Quos
726 1215 824 1288 habet
847 1222 1037 1306 Andagavis
1061 1222 1260 1286 venerabilis
1283 1223 1425 1287 ambitus
1448 1223 1568 1302 urbis¹‚

696 1326 760 1400 Qui
783 1327 837 1413 pia
860 1326 979 1390 devota
1001 1327 1144 1389 carmina
1166 1331 1275 1390 nrente
1298 1333 1427 1391 canunt.

529 1447 553 1486 u
605 1427 710 1500 Quam
734 1429 898 1494 Meduana
921 1449 1050 1493 morans
1082 1429 1171 1493 fovet
1194 1438 1227 1493 et
1248 1428 1349 1513 Liger
1373 1450 1491 1494 aureus
1515 1437 1617 1510 ornat,

695 1533 767 1607 Qua
789 1539 858 1598 rate
882 1555 953 1597 cum
976 1534 1062 1597 laevi
1086 1533 1181 1596 Sarte
1202 1531 1322 1596 decora
1344 1532 1458 1596 iuvatl.

611 1634 729 1720 Fruge,
753 1658 826 1721 ope,
852 1634 1033 1714 nundinis³,
1056 1635 1200 1720 pulchris
1224 1640 1258 1698 et
1281 1634 1379 1698 rebus
1402 1634 1582 1716 abundans,

694 1738 812 1803 Obsita
834 1761 894 1804 seu
911 1738 1039 1802 sanctis
1063 1744 1114 1802 est
1136 1737 1220 1802 bene
1245 1743 1314 1800 tota
1336 1737 1427 1802 locis.

609 1841 708 1906 Plebs
732 1843 823 1906 venit
844 1842 959 1906 Albini
982 1849 1096 1906 sancta
1118 1843 1199 1906 haec
1223 1842 1263 1908 de
1288 1843 1366 1907 sede
1388 1843 1488 1924 beati

529 1962 554 1998 ⁵⁰
698 1943 779 2009 Oum
802 1951 877 2009 voto
901 1951 934 2010 ct
957 1946 1054 2008 ramis
1079 1946 1221 2009 carmina
1244 1946 1343 2030 digna
1364 1946 1484 2012 ferens.

609 2045 737 2130 Illoque
760 2046 924 2132 baptistae
949 2048 1112 2112 concurrit
1134 2047 1175 2111 ab
1198 2069 1272 2112 arce
1295 2048 1462 2129 Iohannis,

695 2148 895 2214 (lonsocians
919 2151 1019 2214 ramis
1043 2149 1132 2214 dicta
1154 2171 1273 2214 canora
1296 2153 1372 2215 suis.

610 2250 691 2330 Nec,
715 2253 865 2334 Martine,
889 2253 1005 2317 cohors
1028 2259 1086 2316 tua
1108 2254 1221 2332 serior,
1244 2255 1339 2334 alme,
1362 2256 1509 2330 recurrit,

693 2355 837 2439 Fertque
860 2377 958 2420 manu
982 2377 1100 2436 ramos,
1123 2363 1232 2420 mente
1257 2363 1290 2420 et
1312 2378 1368 2421 ore
1391 2357 1505 2423 melos.

529 2479 554 2516 u
613 2458 725 2523 Turba
749 2459 916 2524 Saturnini
939 2460 1030 2524 venit
1053 2459 1104 2523 his
1128 2460 1251 2523 sociata
1274 2459 1373 2540 beati,

694 2562 800 2636 Quam
825 2585 904 2627 crux
928 2570 961 2628 et
984 2565 1075 2644 rami,
1099 2565 1169 2627 laus
1193 2569 1227 2626 et
1249 2562 1386 2626 adornat
1409 2584 1520 2628 ovans.

612 2663 665 2744 Et,
688 2665 796 2746 Petra,
821 2667 906 2730 cella
929 2672 985 2729 tuo
1008 2666 1150 2728 vocitata
1173 2686 1190 2726 e
1214 2664 1345 2728 nomine
1369 2670 1493 2744 sancto,

695 2767 785 2840 Quos
809 2769 888 2853 quit,
912 2768 953 2832 ad
976 2769 1037 2832 hoc
1060 2767 1192 2832 laudum
1215 2768 1344 2832 mittere
1367 2767 1468 2852 gestit
1489 2788 1581 2853 opus.

613 2869 748 2955 Sergius
772 2878 805 2936 et
827 2873 975 2958 proprios
998 2879 1120 2956 martyr
1141 2869 1344 2935 venerandus
1367 2872 1516 2935 alumnos

531 2995 557 3033 oo
700 2974 802 3038 Mittit
824 2974 865 3038 ad
889 2975 988 3039 officii
1011 2980 1106 3060 gesta
1127 2973 1225 3038 beata
1248 2973 1303 3060 pii.

610 3077 673 3142 His
695 3084 762 3158 tua,
784 3077 927 3160 Mamili,
951 3079 1167 3163 coniungitur,
1190 3078 1285 3158 alme,
1309 3083 1449 3156 caterva,

691 3181 735 3246 Et
758 3204 866 3268 prece,
890 3181 997 3262 laude,
1022 3202 1101 3245 sono
1126 3181 1172 3245 sie
1195 3181 1250 3266 pia
1273 3186 1348 3243 vota
1372 3180 1467 3244 canit.

611 3283 749 3348 Tardior
771 3285 893 3348 Anioni
915 3306 980 3348 non
1004 3285 1104 3348 currit
1125 3284 1223 3347 turba
1244 3282 1344 3362 beati,

694 3388 780 3452 Istas
803 3395 839 3452 ut
862 3388 987 3468 laudes,
1012 3409 1081 3467 rex,
1105 3388 1176 3468 tibi,
1201 3385 1341 3467 Christe,
1365 3393 1469 3450 canat.

527 3511 552 3548 a·
609 3489 773 3575 Plebsque
797 3491 984 3556 salutiferae
1007 3491 1168 3576 procurrit
1190 3490 1230 3553 ab
1255 3487 1337 3552 aede
1359 3487 1493 3568 Mariae,

691 3593 766 3658 Huc
790 3615 886 3680 quam
909 3594 1100 3659 transmittit
1121 3615 1214 3680 pons,
1238 3591 1411 3672 Meduana,
1435 3598 1520 3656 tuus.

608 3697 709 3763 Plebs
732 3719 861 3785 quoque
885 3699 1041 3764 Germani
1064 3699 1154 3762 venit
1178 3699 1240 3762 huc
1263 3696 1303 3760 de
1328 3696 1407 3760 sede
1429 3696 1528 3778 beati,

693 3801 858 3867 Praesulis
882 3803 995 3868 eximii
1018 3801 1244 3888 pontificisque
1269 3799 1330 3863 sui.

610 3902 802 3969 Scandimus
825 3928 866 3970 en
891 3913 1039 3970 sanctum
1062 3903 1237 3968 Michaelis
1261 3901 1302 3966 ad
1325 3902 1408 3966 atria
1431 3903 1559 3981 clivum,

528 4031 553 4070 το
697 4012 839 4092 Christe,
863 4018 938 4076 tuus
961 4011 1066 4075 dulcis
1090 4031 1148 4073 nos
1171 4008 1228 4072 ubi
1252 4009 1358 4093 iungit
1380 4029 1479 4073 amor.

609 4115 681 4189 Quo
705 4135 764 4179 sna
786 4115 932 4201 pontifici
954 4115 1109 4197 iungatur
1123 4111 1227 4176 'turba
1248 4110 1402 4195 benigno,

690 4217 721 4281 A
744 4219 850 4304 capite
874 4225 907 4282 et
929 4216 1084 4282 membris
1107 4217 1179 4280 laus
1204 4224 1298 4279 sonet
1320 4215 1385 4278 ista
1407 4215 1479 4280 deo.

608 4322 696 4386 Hinc
720 4322 774 4408 pia
796 4321 946 4386 Maurioii
971 4319 1139 4386 veniamus
1163 4319 1205 4383 ad
1228 4319 1313 4383 atria
1334 4320 1449 4399 sancti,

693 4422 765 4496 Quo
790 4424 886 4487 simul
910 4428 944 4486 et
966 4421 1099 4485 laudum
1123 4428 1156 4485 et
1179 4442 1244 4485 vox
1267 4426 1363 4486 sonet
1385 4421 1450 4485 ista
1472 4442 1615 4507 precum.

528 4553 552 4590 a
610 4529 682 4593 Illic
707 4535 740 4593 et
764 4528 867 4592 titulis
891 4548 950 4590 nos
974 4533 1080 4591 mater
1103 4526 1333 4609 colligatum,

692 4631 784 4705 Quae
808 4637 960 4718 caputet
984 4629 1152 4716 specimen
1176 4629 1270 4694 istius
1292 4629 1382 4694 urbis
1406 4631 1514 4695 habet.

609 4735 730 4799 Nostra
751 4734 807 4798 ubi
830 4755 889 4798 nos
913 4754 995 4820 prex
1018 4740 1051 4796 et
1073 4732 1260 4798 benedictio
1284 4735 1443 4819 praesulis
1467 4739 1571 4814 ornet,

692 4836 774 4901 (lum
797 4836 895 4902 laude
918 4857 957 4900 ao
979 4836 1089 4900 mittat
1112 4835 1153 4900 ad
1179 4858 1237 4900 sua
1260 4857 1420 4921 quemque
1443 4837 1524 4902 loca.
1597 4863 1599 4869 ·

1711 5016 1785 5025 ..a-.-

350 5133 374 5199 1)
401 5135 515 5199 Aspera.
563 5128 604 5197 Os.
632 5130 666 5183 de
696 5129 836 5198 theodulfi
863 5115 1031 5198 captivitate
1050 5129 1243 5198 Audepooenai
1270 5144 1360 5198 supra
1381 5146 1411 5199 p.
1431 5129 1489 5183 439.
1578 5131 1607 5198 2)
1626 5131 1778 5199 Mayeuue,
1804 5129 1897 5194 Latro,

245 5235 352 5289 Sortito.
431 5235 458 5302 3)
478 5234 554 5303 Lupi
572 5235 666 5304 Epist.
684 5234 719 5289 20
736 5237 774 5304 (p.
793 5234 827 5288 41
846 5234 887 5288 ed.
905 5233 1022 5296 Beluae)
1044 5233 1192 5289 Nundinas
1214 5234 1244 5287 in
1263 5234 1410 5289 Theodulfi
1429 5234 1550 5289 camnine
1569 5235 1624 5306 legi
1643 5235 1779 5306 producta
1797 5235 1895 5304 penul·

243 5337 326 5400 tima;
345 5336 421 5406 quod
439 5339 533 5392 utrum
552 5337 611 5392 cius
630 5356 666 5392 an
685 5341 894 5408 praeceptorum
913 5329 1091 5402 auctoritate,
1111 5355 1194 5407 penes
1212 5337 1295 5392 illum
1311 5337 1379 5394 fides
1397 5337 1539 5393 habeatur.
