4628 6428
673 393 720 446 ΑΙ)
739 392 971 447 GUNDRADAM
990 394 1036 447 DE
1055 394 1198 448 ANIMAE
1217 395 1388 451 RATIONE.

567 564 701 629 Scilicet
724 565 887 630 aethereis
912 573 1112 652 quapropter
1133 590 1168 632 se
1191 570 1321 634 actibus
1345 580 1449 654 ornet,

482 687 508 726 1ο
651 669 738 732 Ante
763 669 877 734 oculos
901 670 1034 750 domini,
1057 678 1155 736 noete
1179 673 1307 758 dieque,
1332 675 1392 756 sui,

565 771 683 836 Omnia
706 774 762 858 qni
785 774 889 837 cernit
912 773 1019 837 cordis
1042 781 1171 839 secreta
1195 799 1336 862 superno
1440 791 1443 798 “

647 875 796 957 Lumine,
821 898 917 961 quem
939 878 1065 942 nullum
1089 880 1174 943 velle
1198 881 1301 946 latere
1323 888 1443 968 potest.

564 979 725 1054 Quocirca
747 980 906 1045 incumbit
928 1002 1082 1066 magnum
1105 1004 1165 1046 nos
1188 1004 1327 1069 namque
1350 1004 1497 1067 necesse,

647 1083 693 1147 Ut
714 1083 770 1169 pia
791 1089 971 1170 pertractet
993 1104 1086 1148 mens
1109 1083 1194 1149 hene
1218 1085 1318 1170 digna
1340 1086 1415 1152 deo:

482 1209 507 1246 rs
566 1185 735 1259 Quatenus
759 1189 912 1275 inspiciat
934 1196 1061 1254 tantum
1084 1197 1226 1257 tractare
1251 1215 1403 1280 superna,

648 1291 718 1356 Iam
741 1294 873 1379 plenum
896 1301 1008 1359 sancto
1032 1302 1148 1381 peetus
1171 1318 1281 1363 amore
1304 1298 1368 1363 dei.

564 1394 656 1460 Haec
680 1418 759 1460 vera
781 1405 832 1462 est
855 1399 982 1464 animae
1005 1421 1083 1465 vere
1107 1403 1337 1487 superomnia
1360 1411 1492 1470 nostrae

651 1500 773 1582 Gloria,
797 1504 962 1581 nobilitas,
986 1511 1085 1590 atque
1107 1504 1207 1570 beata
1229 1508 1333 1591 quiea.

564 1601 603 1666 In
626 1604 687 1668 hoe
710 1613 743 1670 te
767 1605 874 1670 studio
898 1629 984 1672 nunc
1009 1630 1166 1673 exercere
1189 1616 1365 1691 memento,

484 1729 509 1765 so
650 1709 787 1775 Femina
798 1712 819 1792 ¹,
843 1711 928 1796 quod
951 1714 1095 1798 placeas,
1120 1714 1242 1801 inclyta
1265 1738 1395 1802 sponsa,
1418 1717 1490 1782 deo.

1017 1946 1038 1989 11

341 2027 388 2092 Te
412 2029 508 2092 homo
531 2026 643 2090 laudet
874 2027 922 2092 Te
948 2029 1001 2092 cui
1024 2035 1148 2092 castum
1330 2055 1355 2091 aa
1411 2033 1505 2098 Haec
1528 2035 1582 2120 pia
1604 2037 1716 2118 verba,

340 2132 425 2195 alme
450 2137 587 2209 creator,
875 2152 1020 2216 corpore,
1043 2138 1164 2210 mente,
1409 2137 1500 2221 virgo
1523 2138 1640 2220 fidelis,

339 2241 484 2322 pectore,
508 2239 617 2298 mente
796 2256 819 2291 rs
875 2233 980 2318 dirige
1004 2235 1172 2321 templum,
1412 2262 1468 2304 ore
1492 2249 1618 2323 caneto,

340 2338 431 2424 pacis
452 2357 577 2400 amore:
875 2335 979 2400 duleis
1003 2337 1117 2417 amica,
1409 2349 1445 2407 ut
1467 2349 1524 2409 tua
1545 2347 1634 2411 mitis

341 2462 405 2505 non
430 2439 526 2503 modo
550 2461 650 2525 parva
874 2444 907 2502 ct
931 2439 1001 2503 sine
1026 2461 1156 2527 semper
1408 2451 1557 2532 tempora
1580 2447 1731 2514 Christus

341 2565 416 2629 pars
441 2543 517 2627 quia
535 2542 648 2606 mundi
664 2549 724 2608 est.
873 2542 938 2606 fine
961 2542 1079 2607 valeto.
1329 2569 1356 2606 ao
1412 2555 1482 2614 tota
1503 2551 1675 2635 gubernet.

341 2696 407 2761 Sed
430 2697 491 2761 tibi
514 2703 645 2761 sanctae
873 2695 901 2759 O
924 2695 1007 2762 deus
1031 2702 1065 2761 et
1086 2698 1153 2778 lux,
1409 2703 1474 2777 Qui
1495 2705 1556 2770 tibi
1579 2709 1669 2772 solus

340 2802 429 2866 solus
453 2801 559 2884 imago
876 2799 948 2863 laus
971 2805 1029 2864 tua
1051 2822 1182 2886 semper
1409 2807 1452 2870 sit
1475 2829 1554 2893 rogo
1578 2833 1709 2898 semper

340 2925 459 2988 magna
481 2909 609 2968 creator
874 2908 1008 2987 pectora
1032 2910 1065 2968 et
1088 2925 1145 2968 cra
1408 2910 1477 2991 lux,
1500 2931 1601 2994 amor,
1624 2922 1722 3001 atquc

259 3027 283 3065 ιο
339 3008 458 3071 mentis
481 3007 514 3070 in
537 3027 611 3070 arce
874 3006 1042 3092 oonpleat;
1065 3013 1101 3069 ut
1123 3013 1156 3071 te
1407 3011 1512 3077 forma
1534 3017 1660 3094 salutis,

337 3117 472 3195 pectore
495 3131 577 3196 puro
873 3129 1004 3194 semper
1027 3130 1183 3192 amemus,
1325 3132 1350 3171 es
1409 3114 1477 3178 vita
1499 3121 1663 3201 perennis,

338 3212 414 3277 dum
437 3214 492 3298 pie
515 3212 605 3275 vivit.
875 3218 1006 3274 sanctus
1030 3211 1161 3297 ubique.
1407 3217 1513 3302 gloria
1534 3241 1662 3308 perpes.

197 3316 271 3381 Hoc
301 3338 432 3381 carmen
453 3316 514 3380 tibi
538 3315 642 3380 cecini
666 3315 794 3378 senario
817 3335 953 3378 numero
976 3314 1097 3396 nobili,
1125 3315 1180 3399 qui
1202 3337 1356 3381 numerus
1380 3319 1546 3404 perfectus
1569 3332 1621 3389 est
1643 3325 1847 3412 inpartibus

498 3418 599 3500 suis²,
621 3425 653 3483 te
678 3425 794 3504 optans
818 3438 892 3482 esse
916 3417 1096 3502 perfectam
1119 3418 1152 3480 in
1176 3419 1328 3484 sensibus
1351 3421 1416 3485 tuis
1440 3474 1447 3488 .
1473 3471 1480 3486 .
1505 3472 1513 3486 .
1537 3471 1545 3488 .

637 3685 639 3690 .
1006 3652 1037 3694 111

351 3738 510 3803 Miserere
533 3736 674 3817 domine,
697 3736 853 3800 miserere
877 3734 1023 3813 Christe,
1047 3740 1082 3798 tu
1105 3734 1329 3800 misericordia
1351 3759 1426 3802 mea
1447 3740 1605 3807 miserere
1629 3744 1719 3812 mihi.

352 3842 511 3906 Miserere
534 3840 675 3918 domine,
698 3840 856 3903 miserere
879 3837 959 3901 mihi
982 3836 1125 3919 Christe,
1148 3843 1185 3901 ut
1209 3838 1339 3903 credam
1362 3841 1396 3905 in
1419 3849 1462 3907 te.

351 3943 509 4008 Miserere
533 3943 673 4023 domine,
697 3941 855 4006 miserere
879 3939 1021 4019 Christe,
1044 3947 1081 4004 ut
1104 3961 1300 4025 cognoscam
1323 3948 1366 4008 te.

353 4047 513 4112 Miserere
536 4046 678 4126 domine,
701 4046 857 4110 miserere
882 4043 1023 4124 Christe,
1046 4051 1083 4108 ut
1105 4044 1240 4130 diligam
1262 4053 1307 4110 te.

352 4151 511 4215 Miserere
535 4150 676 4229 domine,
699 4149 857 4212 miserere
881 4147 1022 4229 Christe,
1045 4155 1082 4212 ut
1106 4169 1235 4233 sperem
1257 4151 1292 4214 in
1313 4157 1357 4216 te.

352 4253 510 4319 Miserere
533 4254 673 4332 domine,
696 4253 855 4317 miserere
880 4251 1018 4334 Christe,
1042 4259 1078 4316 ut
1100 4253 1209 4317 anima
1230 4276 1305 4320 mea
1327 4256 1416 4320 vival
1438 4257 1472 4320 in
1494 4264 1537 4323 te.

352 4357 512 4423 Miserere
535 4357 676 4436 domine,
699 4359 857 4420 miserere
881 4355 1022 4436 Christe,
1045 4363 1082 4420 ut
1104 4357 1214 4421 anima
1235 4380 1309 4423 mea
1333 4360 1477 4426 exsultet
1498 4362 1532 4426 in
1555 4369 1598 4427 te.

352 4461 511 4526 Miserere
533 4460 674 4538 domine,
696 4461 854 4525 miserere
879 4458 1020 4538 Christe,
1043 4467 1079 4523 ut
1101 4460 1168 4524 vita
1190 4481 1265 4525 mea
1287 4463 1436 4547 proficiat
1457 4464 1492 4529 in
1514 4471 1557 4532 te.

351 4564 511 4629 Miserere
534 4563 675 4644 domine,
698 4562 780 4628 deus
803 4568 907 4649 pater,
932 4563 1036 4648 gloria
1057 4583 1141 4641 mea,
1164 4563 1232 4628 vita
1253 4585 1337 4631 mea.

352 4668 511 4733 Miserere
535 4667 665 4733 Christe
689 4669 840 4748 salvator,
863 4667 951 4730 salus
974 4688 1057 4746 mea,
1080 4666 1236 4732 fortitudo
1258 4690 1341 4734 mea.

354 4770 513 4835 Miserere
537 4772 669 4857 spiritus
693 4771 888 4856 paraclytus,
912 4770 1091 4834 consolatio
1115 4791 1198 4852 mea,
1223 4771 1427 4837 inluminatio
1450 4793 1534 4838 mea.

355 4873 511 4938 Miserere
535 4873 685 4938 dominus
707 4874 799 4955 deus,
822 4872 951 4937 trinitas
975 4879 1009 4936 et
1030 4873 1153 4937 unitas:

353 4977 401 5042 Te
424 4976 531 5056 laudo,
554 4983 587 5042 te
610 4976 719 5059 adoro,
743 4985 776 5042 te
800 4976 966 5056 confiteor,

301 5199 335 5252 39
357 5213 430 5254 ornat
442 5203 472 5253 M
592 5201 627 5254 42
645 5222 695 5270 que
709 5204 736 5254 Ε
859 5201 895 5254 43
916 5203 1050 5254 imcumbit
1059 5203 1086 5252 E
1231 5199 1265 5252 4⁷
1283 5220 1360 5254 uerae
1378 5203 1489 5271 supersi
1577 5213 1662 5255 nostre
1674 5203 1712 5266 M,
1730 5213 1816 5254 nostra
1831 5201 1857 5254 Τ

198 5287 233 5338 50
249 5289 475 5341 inclitaASCT
572 5287 582 5354 Η
605 5287 641 5356 [11]
659 5289 676 5340 5
693 5290 810 5357 prauah'
916 5288 932 5340 6
950 5288 1072 5356 qu...E
1180 5285 1341 5340 12uiuetM
1444 5287 1479 5340 24
1497 5287 1578 5356 spsrl
1682 5287 1716 5340 28
1734 5290 1853 5341 mittisE

197 5372 233 5424 30
249 5377 375 5442 gubernat
390 5375 412 5425 G
527 5374 538 5438 ll
559 5373 603 5442 l¹¹¹l
622 5374 639 5426 3
657 5393 811 5442 cognoscam
821 5376 854 5426 M

303 5511 328 5577 1)
348 5509 532 5564 Gundrodom
555 5511 611 5564 sive
633 5511 789 5575 Melatton,
813 5509 972 5566 Adaltardi
995 5510 1105 5564 abbatis
1131 5525 1263 5572 1111111111,
1289 5509 1383 5563 Caroli
1405 5509 1446 5563 M.
1468 5507 1669 5574 consobrinam,
1691 5508 1851 5578 dloquitar,

196 5605 233 5672 cs.
252 5603 374 5657 Monam.
394 5603 504 5656 Alcaia.
519 5603 689 5670 11685,ἵὸ0.
760 5604 786 5670 2)
804 5603 913 5658 Isidori
930 5603 1049 5672 Elymol.
1067 5603 1130 5667 111,
1143 5603 1195 5664 4‚2
1213 5602 1342 5657 Senarins
1361 5621 1481 5674 namque
1499 5621 1637 5670 numerus,
1656 5604 1705 5674 qui
1723 5603 1850 5674 partibus

198 5699 254 5754 siris
273 5698 411 5770 perfectus
430 5700 479 5762 est,
497 5696 695 5767 perlectionem
712 5697 810 5750 mundi
828 5697 949 5766 quadam
967 5695 1076 5751 numeri
1094 5696 1299 5766 significatione
1317 5697 1448 5752 declarat.
