4756 6412
917 398 964 450 AD
983 397 1157 452 CAROLUM
1178 399 1311 452 REGEM.

651 571 742 636 Voce
766 573 890 650 velens,
914 592 1077 655 sensuque
1102 572 1191 656 vigil,
1216 594 1365 638 sermono
1389 573 1520 659 politus,

735 675 833 740 Adsit
848 675 1014 760 'Riculfna
1038 677 1158 741 nobilis
1181 687 1262 751 arte,
1286 678 1360 743 fide.

652 779 716 853 Qui
739 785 773 844 et
796 781 824 844 si
847 781 1025 865 longinqua
1047 781 1146 844 fuerit
1169 783 1303 866 regione
1327 789 1481 860 moratus

734 883 809 947 Non
831 883 982 948 manibus
1007 884 1118 947 vacuis
1141 885 1205 947 iam
1228 892 1337 948 tamen
1361 883 1436 949 inde
1459 884 1553 948 redit.

560 1008 595 1045 ns
653 986 759 1051 Dulce
784 988 887 1052 melos
912 1008 1064 1051 canerem
1086 988 1158 1066 tibi,
1181 989 1214 1050 ni
1231 989 1361 1068 absens,
1385 987 1489 1051 dulcis
1506 987 1650 1053 Homero
1662 989 1683 1066 ¹,

736 1090 850 1168 Esses,
874 1091 932 1154 sed
956 1092 1109 1175 quoniam
1133 1091 1202 1170 es2,
1227 1093 1301 1156 hino
1323 1113 1397 1156 mea
1419 1092 1516 1157 Musa
1538 1099 1635 1157 tacet.

652 1193 727 1257 Non
748 1193 982 1258 Ercambaldi³
1005 1194 1121 1258 sollers
1144 1196 1334 1281 praesentia
1356 1194 1454 1276 desit,

737 1297 839 1363 Cuius
862 1297 960 1362 fidam
984 1305 1089 1363 armat
1111 1299 1188 1364 bina
1212 1300 1337 1364 tabella
1359 1320 1501 1364 manum.

652 1399 802 1465 Pendula
824 1423 906 1487 quae
931 1402 1026 1466 lateri
1049 1423 1202 1466 manuum
1227 1404 1291 1466 cito
1314 1402 1462 1467 membra
1483 1405 1616 1482 revisat,

560 1526 596 1560 nn
740 1503 917 1589 Verbaque
942 1505 1110 1591 suscipiat,
1134 1527 1217 1590 qnae
1241 1507 1312 1570 sine
1336 1527 1416 1571 voce
1440 1513 1545 1570 canat.

653 1609 812 1672 Lentulus
835 1609 973 1686 intersit,
998 1608 1122 1672 laturus
1145 1608 1254 1673 dulcia
1277 1631 1382 1694 poma,

735 1710 838 1776 Poma
860 1710 959 1775 vehat
981 1712 1131 1788 calathis,
1156 1712 1263 1776 cordis
1289 1713 1321 1775 in
1344 1734 1419 1776 arce
1444 1712 1551 1777 fidem.

641 1814 715 1878 ‚Cui
739 1821 814 1878 suut
836 1815 945 1898 arguti
968 1836 1096 1894 sensus,
1119 1816 1183 1878 alia
1207 1817 1317 1879 omnia
1339 1814 1446 1879 tarda:

738 1917 837 1982 Ocior
860 1927 940 1998 esto,
964 1919 1086 2003 probus
1111 1918 1261 1996 Lentule,
1286 1940 1376 1998 voce,
1400 1919 1495 2004 pedc.

561 2043 597 2079 ns
655 2019 844 2085 Nardulus⁴
867 2020 929 2084 huc
952 2021 1031 2085 illuc
1053 2022 1216 2085 discurrat
1239 2029 1374 2107 perpete
1399 2045 1525 2106 gressu,

736 2125 781 2188 Ut
803 2126 939 2189 formica
962 2133 1037 2190 tuus
1059 2147 1118 2213 pes
1142 2126 1227 2191 redit
1249 2129 1340 2211 itque
1363 2127 1516 2211 frequens
1528 2129 1550 2189 ⁵.

655 2227 757 2292 Cuius
780 2229 1019 2316 pervademus
1044 2230 1208 2295 habitatur
1230 2231 1271 2294 ab
1294 2231 1423 2317 hospite
1447 2253 1577 2316 magno,

736 2333 804 2398 Res
828 2356 946 2420 magna
969 2343 1003 2398 et
1024 2335 1116 2421 parvi
1138 2337 1281 2421 pectoris
1305 2344 1399 2400 antra
1422 2337 1510 2401 colit.

655 2439 698 2505 Et
721 2462 807 2505 nnnc
829 2441 885 2505 illc
909 2441 1022 2520 libros,
1047 2462 1201 2526 operosas
1225 2463 1311 2505 nuno
1333 2442 1417 2506 ferat
1440 2448 1474 2505 et
1495 2462 1559 2520 res,

561 2567 597 2604 rso
741 2544 938 2630 Spiculaque
962 2544 1003 2607 ad
1027 2543 1154 2607 Scotti'i
1177 2566 1263 2608 nunc
1286 2551 1380 2630 paret
1402 2552 1479 2631 apta
1502 2565 1626 2609 necem.

655 2648 716 2713 Oui
738 2647 816 2712 dum
839 2648 912 2734 vita,
930 2668 1040 2711 comes
1063 2648 1171 2726 fuerit,
1195 2649 1276 2712 haec
1300 2649 1412 2712 oscula
1434 2647 1571 2722 tradam,

737 2751 838 2828 Trux,
860 2751 977 2828 aurite,
1000 2751 1060 2815 tibi
1085 2772 1167 2835 quae
1191 2751 1255 2824 dat,
1279 2752 1382 2815 aselle
1392 2753 1414 2832 ⁷,
1438 2753 1545 2838 lupus.

654 2857 742 2920 Ante
765 2855 856 2920 oanis
881 2856 1012 2941 lepores
1035 2855 1102 2918 alet
1125 2863 1182 2918 aut
1205 2856 1301 2940 lupus
1325 2856 1491 2941 improbus
1514 2876 1628 2941 agneo,

736 2960 804 3023 Aut
827 2957 941 3023 timido
964 2959 1048 3022 muri
1072 2959 1178 3022 musio
1203 2966 1296 3042 terga
1318 2958 1417 3034 dabit,

561 3085 596 3125 ms
655 3064 761 3137 Quam
785 3061 892 3128 (leta'⁵
915 3084 987 3127 cum
1012 3061 1125 3126 Scotto
1148 3063 1203 3149 pia
1225 3063 1315 3147 pacis
1338 3061 1472 3126 foedera
1495 3063 1618 3148 iungat,

739 3165 831 3239 Quae
856 3166 884 3229 si
907 3166 992 3228 forte
1016 3165 1096 3228 velit
1119 3166 1266 3248 iungere,
1289 3170 1407 3228 ventus
1431 3166 1504 3229 erit.

656 3269 721 3332 Hic
744 3289 910 3354 poenasve
935 3266 1026 3330 dabit
1049 3267 1194 3352 fugietve
1219 3268 1405 3332 simillimus
1429 3269 1561 3348 Austro,

738 3369 848 3453 thue
873 3371 916 3432 sit
939 3369 992 3432 hio
1016 3369 1115 3449 aliud,
1139 3370 1185 3432 nil
1209 3371 1272 3432 nisi
1296 3369 1428 3435 Scottus
1452 3371 1524 3435 erit.

656 3472 717 3536 Cui
741 3473 769 3535 si
792 3472 981 3550 litterulam,
1005 3493 1088 3556 quae
1112 3479 1163 3534 est
1187 3471 1299 3536 ordine
1323 3475 1429 3552 tertia,
1453 3475 1560 3554 tollas,

564 3597 599 3634 mr
744 3574 846 3660 inque
870 3574 1017 3639 secunda
1039 3597 1097 3638 suo
1121 3575 1252 3638 nominc
1276 3577 1359 3639 forte
1384 3576 1487 3654 sedet,

656 3678 747 3753 Quae
771 3686 865 3743 sonat
889 3679 921 3741 in
945 3679 1063 3742 ‘caelo’
1087 3679 1207 3763 prima,
1231 3687 1265 3741 et
1292 3701 1376 3762 quae
1407 3681 1439 3742 in
1464 3679 1607 3744 ‘scando’
1635 3679 1786 3754 secunda,

743 3782 856 3847 Tertia
879 3783 912 3845 in
935 3783 1119 3861 ‘ascensu’‚
1142 3791 1257 3866 quarta
1280 3783 1311 3845 in
1335 3784 1530 3863 ‘amicitiis',

658 3887 763 3961 Quam
788 3887 867 3951 satis
891 3885 1037 3964 otl'cndit,
1061 3908 1119 3973 pro
1143 3895 1272 3972 quate,
1296 3887 1406 3951 littera
1429 3889 1520 3966 salvi,

738 3992 859 4072 Utitur,
883 3990 970 4055 haud
993 3989 1129 4055 dubium
1152 3990 1239 4075 quod
1262 3998 1366 4068 sonat,
1390 3991 1452 4056 hoc
1476 3999 1509 4056 et
1532 3993 1594 4056 erit
1603 3993 1625 4056 1.

564 4118 599 4154 ru
659 4097 732 4162 Stet
754 4098 855 4163 levita
876 4099 999 4163 decens
1021 4098 1180 4184 Fredegis
1194 4101 1222 4137 ¹⁰
1246 4101 1387 4163 sociatus
1412 4099 1576 4180 Osulfo¹¹,

741 4199 872 4267 Gnarus
895 4211 1034 4288 uterque
1057 4203 1147 4282 artis,
1171 4202 1285 4267 doctus
1309 4212 1446 4288 uterque
1469 4204 1565 4268 bene.
1677 4269 1681 4278 ,

656 4302 785 4369 Nardus
795 4303 824 4344 ¹²
847 4312 881 4370 et
903 4304 1099 4370 Ercambald
1123 4307 1151 4370 si
1174 4306 1413 4389 coniungantur
1436 4305 1562 4382 Osulfo,

739 4408 822 4473 Tres
846 4430 979 4473 mensae
1002 4417 1157 4496 poterunt
1181 4411 1277 4474 unius
1301 4433 1375 4474 esse
1398 4410 1511 4496 pedes.

395 4667 442 4720 151
454 4672 487 4721 ab
501 4671 594 4721 addidi
672 4668 722 4721 159
735 4687 856 4736 operosus
870 4669 898 4734 S,
916 4687 1035 4736 operosus
1047 4688 1115 4720 corr.
1127 4670 1193 4736 Infl'e'
1205 4671 1287 4734 (alon.
1300 4671 1386 4724 tlarol.
1394 4691 1422 4737 p.
1435 4669 1496 4734 492)
1584 4669 1631 4722 167
1650 4673 1765 4738 fugietne
1775 4673 1804 4736 S,
1822 4691 1853 4724 ve
1871 4673 1944 4724 ll'ntt.

291 4754 340 4808 118
358 4775 414 4808 esse
424 4756 453 4820 S,
469 4775 528 4809 ecce
546 4757 590 4806 Du
608 4757 704 4808 Choma

395 4893 421 4956 1)
440 4891 458 4945 i.
477 4908 499 4947 e.
518 4893 685 4964 Anpilberte.
743 4893 771 4958 ⁶2)
790 4892 907 4945 Reiorum
925 4907 997 4944 anno
1016 4891 1066 4944 796
1084 4892 1195 4944 incunte
1209 4895 1357 4960 prolectas
1377 4897 1450 4954 erut,
1468 4893 1505 4958 cf'.
1523 4907 1609 4960 supra
1624 4909 1655 4961 p.
1673 4893 1801 4954 maffia.
1853 4895 1881 4960 3)
1901 4894 1945 4947 Dc

290 4993 482 5060 arennoaldo,
507 4998 556 5064 qui
579 4996 660 5049 annis
684 4995 832 5049 tat-812
855 4994 1014 5048 cancellarii
1036 4995 1077 5047 ccl
1099 4995 1205 5049 trotarii
1221 5011 1331 5048 rnurecrc
1352 4996 1381 5048 in
1402 4995 1496 5048 Caroli
1513 4995 1581 5049 aula
1597 4995 1780 5066 scopabatur,
1803 4997 1839 5064 cf.
1857 4997 1947 5051 Siclel

290 5099 363 5151 Acta
383 5114 457 5166 capp.
479 5099 607 5152 Koralla.
621 5098 646 5160 1,
655 5099 696 5152 8‘2.
775 5099 804 5165 4)
829 5096 1009 5164 Einlerdua,
1033 5100 1070 5164 cs.
1096 5114 1185 5166 supra
1202 5115 1232 5167 p.
1251 5099 1303 5151 ι148
1325 5097 1424 5151 similes
1445 5097 1556 5150 Aletini
1578 5113 1681 5151 vasae.
1759 5101 1786 5166 5)
1816 5099 1864 5153 Oc.
1884 5104 1945 5154 Art.

290 5202 348 5254 Am.
369 5205 392 5264 1,
402 5202 436 5255 93
455 5202 494 5256 Ut
511 5202 584 5256 redit
602 5203 681 5272 itque
700 5203 829 5270 frequens
848 5203 963 5271 longum
983 5202 1098 5256 formica
1111 5219 1159 5271 per
1172 5219 1285 5272 agnren;
1305 5203 1372 5256 Met.
1386 5202 1494 5266 1L40a
1547 5202 1574 5267 6)
1591 5201 1671 5254 caius
1682 5217 1779 5255 nonam
1791 5203 1945 5271 ipnoratur.

290 5307 315 5373 1)
336 5307 385 5361 00.
399 5309 459 5362 Art.
472 5309 531 5362 Ain.
546 5311 569 5373 1,
579 5308 629 5362 547
642 5308 734 5361 aurito
750 5307 902 5368 ..ascllm
922 5309 1013 5360 Αυιον.
1028 5307 1161 5374 11,7‚15;
1180 5308 1259 5360 Fert.
1274 5307 1296 5360 p
1298 5307 1323 5370 1,
1331 5307 1390 5359 tua.
1444 5311 1470 5370 tl)
1488 5307 1507 5358 i.
1520 5323 1541 5358 c.
1559 5305 1736 5373 Tlrecdulsus.
1790 5308 1816 5372 a)
1829 5307 1946 5362 stolidus

288 5409 421 5464 videlicet.
458 5413 570 5466 Scottus
588 5413 666 5472 enirn,
684 5414 710 5465 sl
723 5411 746 5465 Ο
760 5411 867 5465 literam
880 5412 991 5474 eximus,
1009 5412 1040 5476 tit
1056 5416 1152 5472 acuns,
1168 5427 1238 5479 qaae
1253 5426 1306 5462 voc
1319 5408 1375 5462 ium
1386 5415 1443 5462 tuns
1455 5409 1570 5461 tardam
1584 5415 1609 5460 et
1622 5409 1751 5462 stolidum
1768 5409 1946 5480 aipnificabat

289 5512 408 5576 SIBM..
420 5515 458 5581 cs.
470 5514 540 5568 Dies
551 5515 730 5570 ll'drterbuclr
739 5516 789 5571 der
799 5516 916 5570 Roman.
926 5517 1068 5585 Sprocltcn
1078 5516 1158 5582 Ι,451
1170 5515 1222 5581 (ed.
1232 5517 1304 5576 tere.)
1319 5515 1369 5566 ruo
1379 5529 1404 5567 o.
1413 5516 1479 5566 acte.
1511 5512 1621 5567 &ottae
1629 5513 1716 5581 mitur
1727 5513 1846 5568 litteram
1856 5533 1870 5568 c
1878 5531 1945 5585 pro·

290 5618 480 5672 nuntiarem
487 5620 586 5687 potuit.
627 5619 670 5688 10)
682 5620 726 5674 De
733 5621 986 5691 blidumtodnylo,
997 5620 1046 5690 qui
1051 5625 1116 5689 poet
1126 5619 1239 5674 Alcaint
1250 5624 1361 5671 norontem
1369 5617 1536 5671 ramnustm'e
1543 5617 1570 5670 S.
1577 5617 1697 5672 Martini
1705 5617 1859 5673 Tarcnmrt
1865 5635 1945 5688 prae-

289 5721 835 5792 scitos.SiclelActarepp.Karol.l‚89‚
880 5721 1621 5792 ll)DetocAlcuinidlscr'pulocf.Mon.Alcutn.p.21.
1662 5722 1704 5790 12)
1713 5720 1879 5792 Cficaprao.
1888 5723 1945 5778 155.
