4546 6406
951 519 1086 573 VERSUS
1105 521 1154 572 ΑΙ)
1173 519 1322 574 ΕΒΟΝΕΜ
1346 519 1554 574 REMENSEM.

796 691 947 757 Culmine
971 693 1153 779 apostolico
1177 691 1310 756 deitatis
1333 712 1468 758 munere
1490 691 1612 778 primc;

796 796 915 882 Sieque
939 797 1073 862 iubente
1096 796 1152 860 illo
1174 816 1253 859 mon
1274 795 1384 882 paruit
1406 795 1459 860 hic
1482 817 1611 881 quoque
1635 795 1735 860 dicto.

794 901 970 988 Praecepit
992 901 1153 981 dominus,
1175 900 1314 987 perfecit
1337 901 1474 966 vernula
1495 900 1590 980 fidus,

796 1003 975 1090 Edixitque
999 1026 1093 1070 sacer
1114 1004 1351 1070 celeberrimus
1374 1011 1473 1090 atque
1495 1004 1663 1090 magister.

793 1107 977 1192 Effecitque
1000 1110 1110 1173 alacer
1130 1106 1307 1173 fidissimus
1330 1115 1428 1193 atque
1452 1107 1611 1178 minister,

795 1211 943 1276 Iusserat
966 1210 1065 1276 immo
1088 1216 1193 1297 pater,
1215 1211 1391 1297 prolesque
1415 1211 1545 1297 peregit
1566 1217 1729 1275 amanter:

794 1312 925 1378 Tertius
947 1314 1007 1379 hos
1030 1315 1117 1378 inter
1140 1311 1290 1378 Christus
1314 1314 1357 1377 sit
1380 1314 1511 1399 postulo
1536 1334 1678 1399 semper.

794 1415 860 1482 Hie
883 1417 970 1481 euim
993 1416 1177 1502 euangelici
1201 1415 1385 1480 retinentur
1406 1415 1459 1480 bis
1482 1414 1547 1480 duo
1569 1416 1657 1495 libri,

712 1540 724 1579 r
795 1519 919 1585 Mathai
943 1542 981 1585 ac
1004 1519 1118 1600 Marci,
1141 1520 1316 1604 Lucaeque
1341 1518 1498 1582 Iohannis
1523 1524 1557 1583 et
1579 1519 1672 1592 almiz

795 1623 860 1688 Hic
883 1623 1040 1710 quadriga
1062 1623 1108 1710 pii
1130 1624 1230 1687 micat
1252 1644 1292 1687 ac
1314 1622 1398 1686 nitet
1421 1622 1535 1686 inolita
1557 1620 1690 1702 christi,

794 1727 881 1801 Quin
904 1728 1003 1793 etiam
1026 1726 1145 1791 medici
1169 1732 1261 1812 patet
1283 1724 1336 1789 hic
1359 1723 1522 1790 medicina
1544 1726 1682 1792 corusci.

794 1831 870 1898 Huc
892 1854 962 1914 vos,
986 1855 1005 1898 ο
1028 1832 1146 1912 cuncti,
1169 1837 1344 1918 properate
1368 1829 1538 1897 ardentius
1561 1833 1668 1917 aegri:

795 1935 951 2011 Quaerite
974 1935 1027 2001 hic
1050 1935 1174 2000 domini
1198 1957 1241 2000 ex
1263 1935 1372 2000 animo
1395 1934 1551 2020 suffragia
1574 1936 1703 2015 summi,

796 2039 841 2104 Et
862 2040 969 2125 rapite
992 2038 1161 2104 altithroni
1183 2038 1260 2103 hinc
1283 2039 1406 2125 passim
1429 2037 1649 2104 medicamina
1671 2039 1805 2104 Christi.

794 2143 944 2229 Namque
967 2144 1021 2208 hic
1043 2144 1199 2227 langores
1222 2149 1416 2228 poscentum
1439 2141 1536 2207 diluit
1559 2163 1684 2222 omues,

794 2247 859 2313 Hie
882 2248 963 2314 facit
984 2248 1164 2314 incolomes
1189 2248 1287 2313 citius
1310 2268 1458 2312 remeare
1480 2253 1644 2335 potentes,

794 2352 937 2439 Insuper
959 2358 993 2418 et
1015 2355 1132 2418 flentes
1157 2351 1286 2438 regredi
1310 2351 1367 2417 dat
1390 2352 1499 2417 celsus
1523 2358 1669 2430 ovantes,

794 2455 860 2521 Hic
883 2465 934 2522 est
957 2457 1165 2542 omnipotens
1188 2476 1317 2521 necnon
1339 2477 1439 2543 super
1461 2457 1571 2522 omnia
1593 2458 1749 2538 clemens,

711 2581 737 2620 aa
796 2557 861 2624 Hic
883 2559 976 2625 dabit
998 2566 1032 2625 et
1054 2560 1148 2624 vohis
1171 2565 1303 2646 optatae
1327 2559 1399 2624 iura
1421 2560 1547 2638 salutis,

794 2662 1004 2749 Supplioibus
1026 2663 1111 2728 votis
1134 2662 1227 2727 illurn
1249 2664 1446 2748 quicumque
1470 2664 1608 2749 petetis:

795 2765 848 2829 Ad
870 2786 968 2852 quem
992 2765 1121 2832 delictis
1144 2787 1202 2853 pro
1226 2766 1345 2830 vestris
1369 2767 1490 2852 quique
1512 2767 1644 2843 venitis,

796 2867 935 2935 Carmen
959 2876 993 2935 et
1014 2870 1077 2934 hoe
1099 2869 1211 2954 legitis
1235 2868 1412 2949 dominum,
1437 2869 1592 2957 deposco,
1615 2872 1747 2956 petatis,

795 2971 895 3037 Lucis
917 2973 1010 3037 utin
1033 2975 1142 3038 celsae
1165 2972 1228 3037 hoc
1250 2993 1327 3037 aree
1349 2973 1510 3060 rependat
1532 2972 1672 3058 utrique,

711 3096 738 3136 ro
796 3074 907 3141 Donet
930 3081 964 3141 et
988 3076 1130 3142 eximiae
1153 3075 1245 3161 pacis
1268 3075 1421 3141 diadema
1443 3097 1589 3163 perenne

794 3177 903 3243 Eboni
924 3179 1076 3260 almifico,
1099 3179 1177 3265 quin
1200 3179 1299 3244 Petro
1323 3178 1421 3243 corde
1446 3179 1574 3267 pudico,

794 3279 930 3346 Scilicet
951 3281 1073 3346 eximio
1095 3280 1183 3347 dulci
1207 3302 1279 3345 cum
1304 3282 1397 3368 prole
1421 3281 1591 3367 magistro,

794 3382 909 3469 Sitque
930 3384 998 3449 illis
1021 3385 1104 3449 solio
1128 3383 1279 3449 Christus
1303 3383 1481 3450 retributor
1502 3385 1536 3449 in
1560 3386 1636 3464 alto,

793 3486 946 3575 Ipsorum
969 3487 1076 3553 studio
1100 3487 1187 3574 quod
1208 3487 1261 3552 hic
1282 3487 1368 3553 liber
1390 3488 1510 3553 emieat
1528 3509 1618 3553 auro.

712 3611 738 3652 ra
794 3590 838 3655 Et
860 3591 956 3656 simul
979 3591 1128 3660 aetherio
1151 3590 1273 3677 iugiter
1295 3591 1464 3677 potiantur
1486 3590 1626 3678 Olympo

795 3693 878 3759 Cum
901 3661 1075 3783 patr-eheu
1098 3699 1175 3759 nato
1199 3715 1328 3759 necnon
1351 3715 1423 3759 eum
1449 3694 1582 3759 flamine
1606 3700 1731 3758 saneto.
