4574 6442
578 1426 1054 1594 nunnae
1119 1423 1855 1589 ausonensis

918 1682 1553 1900 cremaris,

502 2091 708 2197 lietbertus,
738 2121 924 2185 Veronensis
946 2123 1112 2202 irrumpas,
1135 2123 1248 2202 assitens
1271 2123 1446 2201 impatiens,
1468 2143 1536 2186 erem
1558 2123 1735 2186 satissime
1760 2123 1870 2184 iterum
1881 2119 2057 2195 iterumque

398 2226 482 2303 canl,
504 2225 729 2288 monasterinm
750 2223 921 2288 Lobbiense
938 2224 1083 2303 patrium
1105 2226 1203 2288 arteris
1225 2229 1287 2288 952
1309 2228 1338 2287 et
1360 2228 1422 2287 968
1445 2225 1649 2304 emorimur,
1671 2225 1788 2304 scripta
1809 2221 1966 2285 nmernrlla
1988 2224 2056 2281 tarn

397 2349 472 2405 saa,
497 2347 593 2408 quam
622 2327 666 2390 ad
692 2327 799 2390 urbem
828 2328 982 2392 Veronam
1002 2329 1198 2408 pertinentia
1225 2348 1326 2392 secum
1353 2329 1454 2392 allata
1475 2329 1631 2408 frutribus
1652 2327 1787 2392 coenobii
1810 2327 1896 2390 illius
1917 2323 2057 2404 reliquit.

397 2431 453 2494 Ea
474 2429 596 2510 ouilia,
612 2435 707 2510 porte
728 2451 832 2493 corum
855 2432 919 2494 iam
942 2434 1037 2494 antea
1058 2430 1167 2508 deleter,
1189 2431 1310 2494 saeculo
1332 2431 1468 2494 XVIII.
1492 2431 1590 2494 undio
1618 2432 1701 2494 inter
1722 2434 1854 2495 caeteros
1875 2429 2059 2492 etiamnunc

397 2532 556 2612 superfuit
588 2533 675 2610 liber,
710 2534 765 2614 qui
786 2537 914 2613 praeter
935 2534 1017 2598 Aeta
1044 2537 1222 2597 sanctorum
1243 2535 1350 2598 Finni
1376 2537 1406 2596 et
1432 2533 1557 2597 Rustici
1591 2537 1620 2598 et
1653 2534 1750 2596 viarm
1781 2532 1883 2596 saneti
1915 2529 2059 2594 Zenonis

398 2635 577 2720 rhythmum
606 2635 643 2698 cle
666 2636 813 2700 laudibus
841 2635 979 2699 Veronae
1010 2636 1207 2716 conpositum
1236 2640 1329 2716 atque
1356 2635 1608 2718 ieonoyrapluam
1635 2636 1769 2700 1111111111
1797 2634 1884 2698 urbis
1905 2633 1945 2696 ab
1967 2652 2059 2694 arria-

398 2757 516 2801 nuensc
530 2737 682 2803 Ratbcrio
703 2755 839 2818 suppare
861 2738 959 2802 minio
979 2738 1131 2818 depictam
1153 2739 1336 2802 continebat.
1380 2737 1626 2818 Descriptionem
1649 2739 1741 2802 illam
1761 2736 1966 2820 rbytbmicam
1987 2733 2058 2798 Iob.

399 2840 560 2905 Mabillon
581 2861 621 2904 ea
643 2841 742 2904 codice
763 2840 931 2904 Lobbiensi
946 2840 1089 2920 mnam
1110 2841 1193 2903 eruit
1213 2845 1306 2921 atque
1327 2862 1357 2904 a.
1384 2844 1464 2904 1675
1492 2842 1528 2904 in
1549 2841 1712 2906 Analectis
1733 2840 1884 2905 eetenbm
1916 2838 1968 2918 (I,
1992 2839 2055 2900 371

401 2943 448 3007 cd.
465 2964 534 3023 pr„
561 2948 623 3008 469
656 2945 702 3007 ul.
726 2946 798 3028 sec.)
828 2946 920 3024 prelo
952 2944 1044 3008 dedit.
1105 2945 1206 3026 Quam
1227 2942 1380 3024 Pippino,
1405 2945 1513 3010 Caroli
1534 2945 1584 3008 M.
1605 2945 1682 3025 filie,
1714 2943 1801 3023 apud
1831 2939 2061 3024 langobardos

401 3050 550 3128 regnante
564 3045 765 3132 (rer-810)
785 3047 949 3124 conditam,
971 3069 1050 3128 quae
1065 3049 1242 3128 aritianitns
1259 3047 1399 3112 Veronae
1415 3049 1527 3130 turpla
1548 3047 1678 3128 suerint,
1700 3047 1790 3127 quiue
1804 3045 1906 3126 primi
1920 3043 2061 3108 eiusdmn
2089 3035 2096 3048 ’

401 3148 491 3213 urbis
512 3150 659 3230 episcopi,
691 3151 781 3215 nobis
808 3151 980 3230 ostendere,
1015 3155 1093 3215 recte
1115 3151 1155 3215 ab
1176 3173 1210 3215 eo
1231 3156 1372 3215 notatum
1394 3157 1445 3216 est.
1496 3151 1682 3215 Mobillonii
1710 3150 1872 3213 editionem
1904 3147 2060 3228 repetiuit,

402 3250 501 3315 codice
528 3270 594 3314 non
626 3254 774 3332 inspecto,
810 3245 1014 3318 Muratorius
1045 3254 1120 3339 (SS.
1143 3276 1203 3318 rer.
1228 3255 1303 3319 Ital.
1328 3256 1385 3331 ΙΙ,
1409 3258 1446 3334 2,
1477 3253 1589 3339 1695),
1617 3254 1673 3334 qui
1706 3252 1882 3334 rbytbrnum
1914 3255 2061 3314 nostrum

402 3352 600 3416 simillimam
630 3354 712 3432 eires,
741 3375 831 3437 quern
858 3357 895 3421 cle
922 3357 1157 3422 Maliolanensi
1182 3359 1258 3422 urbe
1281 3360 1407 3439 panus
1430 3358 1608 3440 protulerat
1635 3357 1748 3442 (mpra
1767 3375 1803 3435 p.
1828 3353 1897 3438 24),
1934 3352 2062 3418 circiter

404 3474 490 3518 anno
507 3459 568 3519 796
591 3456 741 3538 scriptum
762 3479 826 3524 esse
848 3462 996 3540 mrinatus
1017 3465 1070 3524 cst.

511 3558 618 3638 Scipio
639 3560 801 3639 Maffeius,
831 3562 1053 3626 Veronensinm
1073 3584 1180 3627 reru-m
1202 3565 1403 3645 irromtipator
1425 3565 1612 3637 meminens,
1639 3565 1668 3626 et
1689 3563 1754 3642 ipse
1776 3565 1849 3626 tune
1870 3558 1983 3624 codicis
2004 3577 2063 3637 ope

402 3661 577 3737 menaeus,
599 3662 761 3728 mitionem
783 3665 961 3729 Muratorii
987 3668 1102 3730 iterare
1130 3687 1194 3729 nen
1227 3668 1307 3731 satis
1328 3665 1451 3744 babuit,
1482 3667 1536 3730 sed
1560 3685 1668 3730 vermes
1693 3664 1891 3744 stropharum
1918 3659 2064 3742 sirrptlos

402 3765 621 3848 distinguendo
642 3767 750 3828 multis
771 3767 846 3831 locis
867 3787 992 3831 carmen
1013 3767 1134 3831 eruendis
1149 3788 1290 3850 puerpura
1312 3773 1441 3833 enmtrcs
1462 3773 1506 3832 est
1530 3769 1663 3852 (Istaria
1677 3768 1803 3848 diplom,
1819 3787 1856 3847 p.
1874 3765 2063 3832 rte-181:

410 3868 533 3932 Verona
554 3868 717 3932 illustrata
739 3870 773 3946 I,
797 3870 1004 3954 369-371).
1055 3869 1168 3935 Postea
1197 3891 1268 3934 vero
1295 3891 1382 3935 anno
1406 3875 1487 3936 1739
1514 3852 1710 3951 Tin-eadulpbo
1742 3869 1851 3933 abbate
1883 3865 2064 3931 ceermbium

401 3970 571 4035 Lobbiensc
591 3970 792 4051 anbernante,
808 3973 936 4055 eantipit
956 3975 993 4052 ei,
1016 3979 1051 4037 nt
1065 3975 1225 4054 enernplar
1246 3975 1359 4039 codicis
1379 3976 1557 4038 accinctius
1571 3974 1645 4038 iente
1657 3974 1896 4047 nancisceretur,
1919 3967 2002 4049 quod
2023 3969 2064 4030 in

404 4072 586 4138 bibliotheca
607 4073 740 4153 capituli
761 4073 946 4139 Veronensis
967 4077 1146 4140 etiamnunc
1167 4080 1311 4140 seruatur
1333 4077 1368 4138 in
1390 4077 1488 4139 codice
1510 4076 1671 4140 chartaceo
1695 4075 1776 4141 ΟΧΙ
1782 4075 1811 4138 V
1830 4071 1922 4159 (106)
1942 4071 1969 4151 s.
1987 4073 2063 4134 187.

403 4179 448 4243 In
470 4197 530 4258 quo
552 4175 651 4240 codice
672 4197 693 4240 a
715 4196 762 4240 nee
784 4178 894 4241 collato
915 4183 1089 4259 sequuntur
1109 4180 1165 4259 sel.
1192 4183 1273 4256 188⁴,
1304 4179 1426 4243 abbatis
1447 4179 1670 4258 subscriptione
1691 4180 1721 4242 et
1741 4178 1845 4260 sigillo
1866 4173 2065 4252 testantibus,

402 4281 497 4344 baec:
518 4279 705 4343 Notandum
729 4287 780 4343 est
803 4279 888 4363 quod
911 4282 1019 4345 omnia
1042 4304 1137 4367 quam
1162 4283 1253 4367 potui
1276 4281 1485 4346 exactissime
1516 4281 1746 4368 descripserim
1768 4285 1865 4366 prout
1889 4279 1998 4342 iacent
2027 4278 2064 4340 in

404 4383 556 4466 originali
579 4383 612 4445 in
634 4382 767 4446 abbatia
788 4382 967 4448 Laubiensi
991 4394 1129 4460 servato,
1155 4393 1188 4448 et
1212 4383 1299 4469 quod
1322 4405 1405 4469 quae
1429 4390 1575 4448 correcta
1596 4383 1650 4446 hic
1673 4389 1729 4446 aut
1751 4387 1875 4446 mutata
1896 4378 2065 4458 videntur,

405 4485 555 4549 similiter
578 4484 611 4547 in
634 4482 750 4548 eodem
773 4485 925 4569 originali
947 4486 1132 4551 habeantur
1155 4493 1301 4551 correcta
1316 4494 1349 4550 et
1363 4492 1496 4562 mutata,
1520 4484 1579 4550 aed
1594 4507 1614 4548 a
1630 4486 1759 4570 quovel
1780 4482 1908 4568 quaudo
1924 4501 2065 4566 prorsus

405 4589 604 4671 ignoramus.
653 4585 752 4651 Cuius
773 4588 959 4668 apographi,
992 4590 1027 4652 in
1053 4611 1113 4671 quo
1128 4590 1255 4669 primm
1276 4589 1473 4669 singularum
1495 4588 1692 4667 stropharum
1715 4588 1826 4651 literae
1847 4584 1943 4649 colere
1964 4583 2069 4648 rubro

403 4689 632 4769 insigniuntur,
650 4689 684 4750 in
698 4709 773 4752 raro
788 4689 909 4753 (1111111111
923 4689 1053 4755 Dionis-i
1069 4692 1149 4756 libro
1164 4691 1209 4755 ‘Il
1223 4693 1316 4755 ritmo
1331 4691 1403 4754 ‹tell'
1419 4691 1567 4752 areonimo
1581 4688 1765 4769 Prpiniano,
1784 4686 1943 4773 (Veronae
1962 4684 2068 4769 1773)

404 4810 481 4856 usus
500 4793 606 4871 taetris
627 4795 682 4853 est.

512 4892 590 4956 Post
615 4893 785 4971 Maffeium
816 4895 1004 4959 Biancolini
1036 4902 1066 4958 et
1098 4897 1279 4980 rbyttnnum
1312 4897 1415 4976 ‹ipsnm
1445 4897 1475 4957 et
1510 4892 1783 4974 ieonoyraplnam¹
1813 4910 1892 4954 rrooa
1928 4888 2073 4954 editiorte

509 5149 535 5214 1)
554 5163 625 5216 qaae
641 5148 686 5200 leis
703 5147 829 5201 uersibus
847 5149 1048 5204 circumdatur:

819 5251 859 5303 De
877 5268 983 5304 summo
1003 5255 1105 5306 montis
1125 5257 1244 5306 cristrunr
1263 5255 1423 5323 prospectat
1442 5251 1471 5303 in
1490 5252 1594 5318 urbem,

905 5336 1028 5390 Dedalea
1046 5341 1150 5391 factum
1169 5343 1237 5400 rute,
1257 5340 1365 5406 viisque
1384 5337 1471 5390 tetris.

821 5419 922 5474 Nobile
941 5422 1123 5491 praecipuum
1142 5425 1320 5478 memorabile
1338 5423 1444 5492 grande
1462 5424 1600 5476 theatrum

907 5505 949 5557 nd
968 5506 1051 5560 decue
1070 5511 1235 5564 extructum,
1254 5527 1331 5563 sacra
1350 5508 1467 5570 Verona,
1487 5511 1575 5560 tumn.

823 5589 927 5658 Magna
945 5590 1063 5652 Verona,
1084 5591 1154 5652 vale,
1173 5593 1265 5646 valeas
1284 5610 1334 5661 per
1352 5590 1445 5644 secula
1463 5609 1578 5660 semper,

907 5675 942 5726 Et
960 5677 1101 5730 celebrent
1118 5680 1216 5745 gentes
1234 5695 1335 5730 nornen
1353 5676 1383 5729 in
1402 5675 1467 5728 orbe
1486 5681 1573 5731 tunm.
