4612 6414
784 421 951 482 PRUDBNS
970 421 1019 481 Ab
1039 423 1288 485 PRUDENTIUM.

498 622 523 660 no
589 600 735 666 Maxime
759 599 1131 682 clementem1,merito
1155 601 1210 687 qui
1233 602 1363 668 nornine
1385 602 1444 667 teli

663 703 806 769 Ornatus
831 704 934 768 oleret
957 709 990 768 et
1012 704 1136 790 pietate
1161 705 1300 789 probus;

579 804 661 871 Inde
684 806 844 872 Thomom
853 805 877 886 ²,
902 805 1153 892 Gondeoherum
1177 806 1366 893 pariterque
1388 813 1558 895 potentem
1568 807 1590 888 ³,

661 909 757 976 Mens
781 932 916 996 quorum
941 910 1131 975 estsimilis
1155 912 1285 992 mentis,
1310 911 1441 993 Omere,
1464 919 1552 978 tuae.

580 1012 702 1079 Cetera
725 1034 785 1080 seu
807 1035 925 1079 resono
949 1012 1130 1078 modulanti
1153 1015 1299 1079 carmina
1320 1016 1446 1101 plectro

496 1137 522 1173 so
666 1116 809 1201 Agmina
831 1117 973 1181 tironum
996 1115 1186 1181 consociare
1208 1137 1298 1202 pora.

581 1217 701 1303 Sisque
723 1219 788 1284 mei
811 1219 934 1284 domini
957 1225 1091 1283 cunctus
1115 1225 1228 1303 optare
1251 1220 1374 1285 salutes

661 1321 756 1388 Mens
779 1321 889 1387 valeat
911 1320 994 1387 felix
1017 1327 1050 1387 et
1073 1342 1150 1387 cero
1173 1329 1302 1408 compto
1324 1323 1430 1389 bonis.

577 1425 633 1490 Me
656 1423 823 1507 reducem,
847 1445 981 1510 quaeso,
1005 1425 1125 1490 vestris
1148 1431 1284 1490 onerate
1307 1426 1462 1504 camenis,

661 1528 707 1593 Ut
729 1549 803 1594 mea
825 1529 881 1592 vix
903 1527 1024 1593 referat
1046 1526 1173 1614 pondus
1196 1529 1321 1594 inorme
1345 1530 1451 1610 celox,

496 1654 521 1692 os
583 1631 705 1718 Sospes
730 1652 866 1717 eamque
889 1638 1001 1697 tamen
1024 1632 1125 1720 tantis
1149 1631 1296 1696 conferte
1319 1633 1459 1714 choreis,

660 1734 765 1800 Plena
787 1740 958 1821 poetarum
983 1757 1056 1800 cum
1079 1735 1160 1800 mihi
1182 1736 1275 1800 navis
1299 1737 1371 1802 erit.

579 1837 667 1924 Ergo
691 1837 742 1902 his
766 1838 980 1922 praemonitis
1004 1844 1038 1904 et
1060 1839 1152 1903 vultu
1175 1839 1264 1904 laete
1285 1841 1427 1925 peractis

660 1940 784 2026 Aspice
808 1940 1000 2025 signiferum
1024 1962 1119 2022 nunc,
1142 1962 1235 2028 puer,
1259 1947 1329 2007 arte
1352 1943 1465 2008 melos.

578 2043 674 2118 Quod
697 2042 860 2109 modicum
885 2044 999 2109 subter
1022 2050 1217 2130 conpactum
1241 2045 1357 2127 cernis,
1381 2046 1494 2128 emico,

496 2173 521 2212 ro
665 2151 769 2215 Multo
793 2148 881 2214 eliud
903 2151 1024 2224 retinet
1047 2171 1143 2235 quam
1167 2171 1227 2214 sua
1249 2151 1350 2215 verba
1372 2151 1522 2218 sonenti.

577 2253 645 2318 Res
668 2251 815 2317 miranda
838 2253 918 2317 satis
941 2253 1143 2338 nimiumque
1167 2253 1333 2317 simillima
1356 2252 1451 2336 divis,

661 2355 754 2430 Quae
778 2360 872 2421 vorat
894 2363 927 2421 et
949 2341 1125 2441 numquam
1150 2364 1201 2422 est
1224 2357 1347 2421 saciata
1370 2356 1463 2438 cibis,

578 2460 672 2535 Quae
694 2458 816 2523 rabidis
839 2459 956 2524 crebro
975 2457 1140 2524 comandit
1162 2458 1313 2524 faucibus
1337 2481 1441 2538 escas,

662 2561 706 2626 ut
727 2563 832 2648 magis
857 2562 1021 2648 ingluvies
1045 2562 1116 2627 eius
1139 2569 1254 2649 aperto
1278 2563 1378 2648 viget.

500 2689 524 2727 n
582 2665 688 2731 Nocte
712 2664 807 2729 thoro
831 2663 1009 2729 comedens
1033 2665 1174 2751 propriis
1199 2665 1375 2731 obvolvere
1398 2664 1521 2731 merdis
1611 2740 1613 2745 .

664 2767 773 2833 Gestit
796 2774 829 2833 et
851 2774 903 2834 est
925 2768 973 2832 illi
997 2774 1142 2834 stercore
1166 2775 1254 2834 tecto
1277 2769 1391 2853 quies’

317 3065 457 3121 bitomsm
467 3065 700 3135 gonducbarsmH
774 3062 1059 3118 bssomeroluetuetH
1132 3063 1369 3117 mumurantem
1444 3062 1477 3116 61
1490 3064 1631 3116 cunctisH
1704 3059 1870 3114 ttroeuxrr

213 3153 342 3206 comtuH
440 3151 613 3205 ethonomus
626 3151 659 3200 H
766 3149 801 3202 65
817 3168 924 3217 eumque
941 3152 1019 3202 tantis
1036 3151 1114 3202 tentis
1131 3151 1278 3202 eonfersH
1377 3147 1410 3201 67
1429 3151 1484 3217 Ego
1497 3150 1531 3200 H
1629 3145 1663 3200 68
1680 3150 1787 3216 Aspices
1804 3149 1865 3216 igne

213 3243 297 3293 furem
308 3241 342 3290 H
430 3237 464 3291 69
481 3227 609 3291 medicum
621 3237 654 3286 H
738 3234 773 3288 70
788 3238 853 3288 aliut
866 3237 899 3286 H
981 3233 1012 3287 u
1032 3237 1125 3288 similis
1138 3237 1171 3286 H
1253 3233 1286 3286 73
1304 3238 1361 3300 Quo
1374 3235 1408 3286 H
1454 3236 1530 3288 crebo
1542 3234 1576 3285 H
1657 3231 1691 3286 74
1708 3236 1825 3302 ingluuis
1837 3233 1871 3284 H

213 3324 248 3378 75
266 3325 359 3379 merdis
377 3325 469 3376 addidi
579 3319 612 3374 76
634 3323 662 3373 in
674 3321 708 3372 H
726 3331 865 3387 septenne
887 3325 940 3374 sirie
963 3323 1099 3373 interuallo
1116 3339 1203 3374 vermis
1220 3339 1302 3387 supra
1314 3338 1344 3386 p.
1363 3317 1414 3372 5⁷4
1431 3322 1492 3372 editi
1509 3323 1592 3385 Quum
1609 3321 1686 3371 variis
1703 3327 1805 3371 maneat
1821 3327 1864 3371 etc.

317 3479 343 3546 1)
363 3477 493 3543 Scottum,
511 3475 672 3544 mapistrum
685 3474 844 3544 palatinum
861 3474 891 3528 in
908 3474 975 3528 aista
994 3473 1028 3527 H
1029 3472 1160 3528 ludowici
1176 3471 1211 3540 cf.
1228 3471 1339 3527 Simeon
1357 3472 1457 3527 Jatrb.
1470 3471 1606 3542 Lcsdwips
1623 3470 1670 3526 des
1687 3471 1737 3526 Bt.
1754 3473 1796 3540 11,
1804 3469 1865 3524 257.

212 3584 241 3652 2)
268 3583 476 3650 Praeceptorem
493 3577 598 3648 palatii
619 3581 645 3631 et
666 3578 769 3646 ipsum,
794 3577 832 3646 cf.
857 3577 967 3631 Simeon
985 3577 1002 3630 l.
1021 3577 1038 3630 l.
1053 3593 1082 3647 p.
1101 3577 1161 3631 260.
1231 3577 1258 3644 3)
1284 3575 1355 3630 idem
1375 3574 1513 3643 fortasse,
1535 3575 1584 3643 qui
1608 3573 1685 3643 apud
1701 3573 1865 3628 Ermotdum

214 3685 354 3756 Niqeltum
371 3684 388 3738 l.
408 3686 449 3750 II,
458 3683 511 3736 459
529 3682 588 3751 (SS.
607 3684 647 3746 ΙΙ,
659 3681 719 3746 510,
737 3679 774 3749 cs.
787 3680 846 3734 LL.
865 3681 952 3748 1‚158
969 3695 991 3734 c.
1004 3681 1031 3748 2)
1051 3678 1148 3735 Gunto
1162 3680 1294 3749 princeps
1311 3693 1459 3748 coquorum
1476 3678 1600 3732 vocatur.
1668 3677 1696 3745 4)
1718 3674 1760 3745 Os.
1778 3691 1866 3745 supra

210 3805 240 3858 p.
253 3789 304 3842 533
320 3803 344 3840 v.
363 3786 397 3840 30
415 3785 510 3855 Longe
528 3785 606 3839 aliud
624 3785 738 3854 signans
756 3800 841 3852 quum
859 3799 909 3837 sue
926 3781 1012 3836 verba
1030 3785 1137 3837 sonent.
