4598 6414
465 1413 1134 1582 HIBERNIOI
1200 1411 1654 1578 EXULIS

237 1639 1095 1932 ΒΕΒΝΟΝΙΝΕΙΤ
1140 1767 1742 1936 CARMINA.

345 2141 448 2233 Inter
464 2169 559 2232 libros
573 2168 808 2247 manuscriptos,
824 2166 880 2246 qni
892 2187 931 2230 coc
947 2167 1126 2232 bibliotheca
1137 2169 1319 2235 Alexandri
1333 2168 1466 2246 Petaoii,
1487 2168 1641 2234 senatoris
1655 2166 1884 2250 Parisiensrs1)

232 2275 266 2337 in
298 2275 520 2354 possessionem
552 2271 745 2348 Christiane,
775 2271 901 2352 rapinae
924 2270 1066 2349 Snecme,
1090 2293 1127 2336 ac
1146 2277 1257 2354 posteo
1284 2275 1320 2337 in
1354 2272 1564 2338 bibliothecam
1598 2272 1783 2338 Vaticanam
1809 2293 1885 2352 per-

232 2383 397 2453 venerant,
428 2374 515 2438 hanel
540 2373 638 2454 parci
666 2374 811 2437 momenti
838 2375 883 2435 est
913 2373 1006 2436 eadee
1034 2374 1285 2439 membranaceas
1317 2395 1446 2440 nnmero
1475 2378 1558 2441 2078
1590 2373 1761 2457 (qnondam
1791 2377 1883 2452 1360,

231 2478 374 2559 sipnatns
395 2499 432 2541 ac
454 2478 576 2541 saecnto
599 2475 663 2541 IX.
681 2476 729 2540 oet
742 2476 785 2540 X.
808 2475 949 2538 rnendosc
970 2476 1116 2558 scriptus,
1139 2478 1255 2557 qnippe
1276 2479 1331 2560 qni
1347 2483 1512 2559 poetaram
1528 2478 1771 2543 christianornm
1784 2479 1884 2542 mnlta

231 2583 260 2643 et
281 2601 321 2643 77
335 2584 430 2660 parte
451 2580 536 2644 alias
558 2580 718 2662 incopnito
739 2600 833 2660 opero
855 2579 984 2643 oehibet.
1028 2579 1104 2644 Post
1123 2581 1241 2646 Alcimi
1254 2583 1355 2661 Aviti,
1377 2582 1556 2661 Prndentii,
1582 2581 1711 2648 Catonis
1731 2584 1883 2661 carmina,

231 2703 310 2764 77777
332 2683 375 2747 ad
395 2684 592 2764 propositam
619 2686 759 2746 nostram
788 2701 852 2744 non
875 2683 1054 2762 pertinent,
1076 2688 1150 2764 post
1175 2683 1274 2765 (thri
1302 2689 1331 2748 et
1353 2685 1496 2768 Aproetii
1523 2684 1642 2765 scripta
1667 2686 1882 2767 prammatiea,

231 2789 365 2851 continet
387 2786 464 2850 tiber
486 2790 590 2850 noster
610 2785 633 2866 f.
659 2788 835 2862 117-149,
859 2785 1020 2849 Aldhelmi
1042 2789 1070 2848 et
1092 2785 1264 2867 Simpbosii
1287 2788 1514 2871 aenipmatibns
1535 2791 1565 2850 et
1584 2785 1723 2869 Enpenii
1741 2787 1884 2852 Toletani

227 2891 420 2970 poematibus
449 2890 613 2953 nonnullis
641 2890 769 2953 insertis
799 2886 837 2974 (t'.
865 2889 1043 2970 123-170,
1074 2893 1144 2972 141,
1176 2891 1375 2978 140-150),
1405 2891 1558 2972 reliquias
1581 2890 1737 2974 pretiosos
1761 2907 1884 2969 poeseos

235 2991 413 3057 Corolinoe.
458 2992 513 3056 En
541 3013 604 3072 qna
625 2993 713 3071 copia
736 2990 895 3055 Iohannes
917 2991 1077 3056 Mobillon
1086 2993 1107 3069 ²,
1136 2995 1192 3074 qni
1219 2995 1332 3075 qnanti
1361 2995 1420 3058 illa
1448 2993 1644 3058 aestimanda
1671 2992 1737 3056 sint
1755 2993 1883 3073 primns

228 3096 422 3173 perspexisse
445 3095 574 3171 oidetnr,
598 3116 628 3160 a.
655 3098 735 3158 1704
759 3094 902 3158 carmina
921 3114 1026 3172 panea
1047 3093 1091 3157 ad
1112 3096 1245 3161 annates
1267 3097 1389 3161 ordinis
1410 3097 1513 3162 sancti
1533 3095 1698 3160 Benedicti
1719 3115 1740 3159 7
1762 3114 1794 3159 se
1813 3114 1883 3160 con-

230 3197 311 3262 ditos
339 3199 409 3278 (II,
442 3202 620 3278 717-718,
654 3198 729 3280 726)
759 3197 872 3260 adiecit
901 3201 994 3276 otono
1023 3196 1204 3275 iltnstrooit,
1233 3201 1380 3264 maiorem
1411 3219 1482 3263 vero
1506 3203 1632 3280 partem
1660 3218 1773 3276 eornm,
1802 3219 1882 3280 qnae

230 3299 453 3378 descripserat,
475 3299 643 3363 Edmnndo
664 3299 827 3362 Martenio
849 3301 878 3361 et
906 3297 1021 3362 Ursino
1049 3296 1231 3363 Dnrando³
1259 3300 1378 3364 alendo
1400 3302 1528 3383 reliquit
1558 3301 1719 3384 (Oolbectio
1739 3301 1880 3382 ampliss.

231 3422 363 3468 monam.
394 3401 447 3476 VI,
471 3406 641 3467 811-822
663 3423 693 3466 a.
721 3405 811 3480 1729,
834 3402 946 3482 Mipne
968 3398 1089 3463 Potrol.
1112 3400 1279 3481 XCVIII,
1306 3407 1404 3480 1443;
1431 3403 1498 3481 01⁷,
1523 3406 1611 3485 530).
1658 3404 1796 3486 Qnornm
1813 3421 1881 3466 cnm

230 3505 324 3568 editio
353 3507 432 3568 satis
457 3510 605 3570 accurata
635 3509 726 3570 cetra
751 3505 894 3570 Galliam
916 3523 1035 3583 parnm
1057 3503 1282 3582 adverteretur,
1311 3506 1434 3570 saeerclo
1456 3509 1530 3587 post
1552 3507 1594 3590 (a.
1622 3505 1717 3588 1833)
1740 3505 1882 3587 Anpelns

147 3642 148 3645 κ
230 3607 305 3671 Mai
326 3608 440 3672 iternm
462 3609 628 3688 plerapne,
658 3608 796 3672 sednon
819 3606 938 3684 omnia,
968 3605 1081 3670 codicis
1103 3606 1192 3669 illins
1218 3612 1378 3687 poemata,
1407 3609 1540 3672 arbitrio
1569 3628 1625 3673 sno
1647 3611 1795 3684 correcta,
1817 3627 1882 3688 pro

230 3711 359 3774 ineditis
379 3710 588 3791 imprimendo
611 3711 760 3788 cm·aoit⁴,
788 3709 824 3771 in
852 3708 965 3790 onibus
994 3709 1104 3789 reliqna
1129 3709 1267 3773 nondam
1295 3712 1418 3793 oopnito
1449 3709 1632 3794 (Classicor.
1655 3714 1816 3775 7777777777
1846 3711 1880 3792 V,

233 3817 425 3896 405-425).
474 3814 611 3880 (lodicem
640 3814 757 3876 nostris
779 3813 887 3876 diebos
913 3812 1147 3893 dilipentissimo
1169 3813 1333 3894 descripsit
1359 3814 1400 3879 A.
1423 3813 1647 3892 Reifferscheid
1674 3814 1773 3896 (Bibl.
1794 3819 1881 3896 potr.

230 3917 339 3982 Latin.
364 3919 439 3982 Ital.
462 3916 491 3995 I,
521 3916 714 4000 319-324),
742 3917 808 3996 ipso
824 3921 898 3996 post
919 3916 1155 3980 Bethmonnnm
1180 3916 1288 3998 (Arcb.
1318 3917 1402 3996 XII,
1431 3918 1522 4001 328),
1545 3917 1600 3998 qni
1622 3917 1742 3993 omma,
1768 3917 1882 3997 qnibrrs

231 4039 308 4100 opos
329 4024 406 4098 erat,
428 4020 465 4084 dc
486 4040 520 4083 eo
542 4023 710 4099 exceperat,
733 4019 834 4086 denno
855 4020 981 4099 inspexi
1002 4022 1091 4083 7777
1109 4023 1202 4098 parte
1224 4021 1350 4084 eontnli.

340 4125 535 4207 Quancqnam
557 4123 701 4186 cannino
714 4123 838 4187 codicis
858 4122 1048 4204 Rapinensis
1070 4121 1129 4206 (P)
1151 4123 1339 4187 coniunctim
1360 4123 1447 4188 edere
1471 4122 1505 4186 in
1527 4123 1633 4187 animo
1647 4127 1700 4202 est,
1724 4143 1761 4187 ea
1777 4127 1881 4186 tamen

231 4226 350 4291 dnobns
371 4229 481 4293 saltem
502 4225 681 4290 anctoribns
702 4225 791 4289 oeldo
813 4226 896 4289 inter
919 4244 950 4288 se
971 4225 1103 4290 diversis
1124 4225 1325 4289 attribuenda
1346 4244 1409 4290 esse
1427 4223 1527 4312 facile
1547 4228 1641 4306 patet.
1690 4226 1768 4293 Onne
1786 4226 1882 4306 prior

231 4350 263 4394 se
285 4332 388 4411 ipsum
403 4329 610 4394 Hibernicnm
631 4330 751 4392 centem
767 4331 903 4392 77777777
920 4332 1013 4411 otone
1027 4329 1110 4392 inter
1124 4332 1245 4392 coetera
1260 4327 1405 4410 Dnnpali
1419 4328 1611 4409 epitaphium
1627 4329 1716 4394 nobis
1729 4332 1880 4407 occnrrot,

231 4432 417 4514 Dnnpolnm
438 4433 584 4511 Scottum,
612 4453 702 4512 qnem
723 4435 752 4496 77
774 4434 809 4495 in
832 4433 1019 4496 monasterio
1040 4432 1143 4496 sancti
1163 4430 1316 4514 Dionysii
1336 4437 1510 4497 versantem
1538 4437 1568 4498 77
1595 4453 1664 4498 cnm
1689 4433 1802 4500 Oarolo
1823 4434 1880 4496 im-

228 4541 371 4615 peratore
391 4534 615 4616 somilioritote
637 4535 774 4615 qrmdam
796 4536 993 4599 coniunctam
1014 4535 1152 4614 epistolis
1174 4535 1214 4599 ab
1235 4555 1269 4598 eo
1291 4535 1440 4614 scriptis⁵
1461 4536 1584 4614 scimus,
1607 4538 1749 4600 77777777
1765 4536 1880 4617 priora

338 4712 402 4717 ——
415 4712 425 4716 -
736 4710 1478 4718 ----—----——-————--————---

335 4825 360 4892 1)
382 4825 425 4892 Cf.
444 4824 629 4892 Montsaucon
648 4823 819 4879 Bibliotheca
843 4824 1028 4880 bibliothecae.
1055 4826 1152 4892 (Paris
1180 4827 1256 4894 1739)
1278 4845 1306 4896 p.
1331 4827 1378 4890 64,
1396 4827 1443 4886 69,
1461 4827 1503 4890 90,
1521 4828 1563 4892 91,
1586 4828 1635 4883 nbi
1654 4827 1699 4882 hic
1720 4827 1806 4882 777777
1829 4825 1880 4881 snb

230 4929 543 4982 7777770127777177.
618 4930 646 4992 2)
666 4946 699 4983 ex
717 4928 888 4983 bibliotheca
907 4929 1105 4985 Ottoboniana.
1176 4931 1202 4998 3)
1221 4931 1254 4984 L.
1273 4931 1289 4985 l.
1305 4948 1334 5001 p.
1353 4932 1404 4984 311
1424 4948 1457 4985 ex
1475 4949 1523 4985 ms.
1543 4931 1657 5002 reginae
1675 4931 1790 4986 Sueciae
1808 4928 1881 4985 eruit

231 5030 418 5085 Mnbillonius.
488 5033 516 5100 4)
536 5031 695 5086 Mobillonii
718 5039 822 5086 tantam
841 5034 960 5086 meminit
975 5051 1005 5102 p.
1015 5035 1067 5086 418
1084 5051 1110 5088 n.
1126 5035 1149 5098 1,
1167 5035 1204 5102 ef.
1215 5053 1244 5104 p.
1257 5034 1355 5089 XLV:
1381 5033 1519 5088 hibernici
1537 5034 1647 5103 exsulis,
1666 5034 1743 5088 cuius
1761 5033 1881 5108 homini·

231 5134 275 5188 vel
294 5135 425 5189 notitiam
444 5136 489 5190 vel
506 5153 607 5191 nomon
625 5137 750 5191 nondum
767 5137 866 5206 reperi.
936 5139 963 5206 5)
983 5137 1110 5208 Dnnpali
1128 5138 1261 5207 epistolas
1280 5137 1366 5192 edidit
1383 5139 1455 5205 Ioffc'
1474 5139 1561 5204 (Mon.
1582 5138 1670 5193 Caeci.
1685 5155 1716 5208 p.
1733 5137 1881 5203 393-401,

230 5238 388 5306 429-430).
429 5243 464 5292 17
478 5241 572 5310 prima
595 5257 688 5294 earnm
710 5259 736 5295 a.
756 5242 805 5294 811
831 5242 938 5310 scripta
958 5240 1051 5295 Caroli
1067 5242 1140 5310 repis
1159 5245 1184 5295 et
1207 5241 1351 5295 Woldmrie
1368 5241 1478 5296 abbatis
1496 5243 1578 5296 inrsn
1594 5241 1632 5296 777·
1645 5241 1712 5295 eolis
1730 5241 1882 5309 desectione

231 5357 257 5394 o.
274 5340 326 5394 810
344 5342 387 5395 bis
403 5342 482 5410 sacta
501 5344 638 5412 exposuit,
656 5344 687 5396 in
703 5343 824 5398 secanda
847 5344 1034 5410 Theodradae,
1056 5344 1149 5398 Caroli
1161 5345 1336 5414 imperatorie
1349 5345 1431 5410 777777,
1449 5346 1597 5399 monachae
1609 5345 1702 5413 sactae
1712 5343 1881 5415 parantur.

232 5443 391 5512 Dnnpolns,
413 5445 462 5514 qni
484 5446 514 5498 in
538 5447 683 5499 literarum
706 5447 887 5516 inscriptione
906 5448 1048 5518 presbiter
1068 5454 1182 5503 oocatnr
1203 5453 1243 5520 (p.
1261 5449 1323 5517 429)
1348 5466 1377 5504 77
1398 5450 1490 5519 ipenm
1511 5450 1583 5504 inter
1600 5449 1721 5504 reclusos
1738 5464 1882 5502 numerare

231 5547 338 5602 oidctnr
362 5552 399 5617 tp.
419 5549 492 5614 390),
516 5553 597 5618 atque
620 5551 684 5603 aliis
706 5551 773 5604 locis
791 5554 864 5606 inter
881 5568 1022 5622 panperes
1041 5557 1066 5606 n
1084 5553 1254 5620 perecrinos.
1303 5552 1429 5606 Aliorum
1447 5569 1504 5622 ope,
1522 5556 1554 5608 77
1571 5570 1592 5608 e.
1610 5570 1635 5623 p.
1653 5551 1754 5607 Adami
1771 5550 1881 5606 obbatis

232 5651 458 5716 Gernoeeticcnsis,
482 5654 594 5721 saepius
618 5652 765 5722 indipcbat.

301 5751 404 5800 Poenae
417 5764 500 5800 7777777
513 5764 571 5800 nevi
586 5751 710 5802 0777777777
723 5754 742 5802 1.
1640 5752 1676 5807 50
