4694 6428
673 397 720 450 Ab
739 396 912 452 CAROLUM
932 397 1056 452 REGEM
1075 398 1120 452 ET
1143 398 1290 452 LEONEM
1310 399 1443 454 PAPAM.

596 568 717 632 Vivere
741 591 837 654 quam
861 571 1011 635 Christus
1036 573 1145 636 multis
1169 573 1310 638 feliciter
1332 575 1426 638 annis

579 657 774 752 'Concedat
797 673 945 738 tribuens
968 677 1094 739 aotcrni
1117 684 1151 740 at
1174 677 1294 760 gaudia
1317 679 1420 763 regni.

529 800 540 836 s
645 774 787 854 Christe,
812 778 900 842 salus
924 779 1046 858 mundi,
1070 781 1150 861 laus,
1174 782 1287 865 gloria,
1310 783 1386 860 uita,
1409 780 1605 866 redemptor,

596 880 816 966 Temporibus
840 883 976 962 cunctis,
1000 883 1093 946 annis
1117 891 1215 969 atque
1239 886 1391 950 omnibus
1413 885 1513 964 horis,

596 983 761 1048 Dilectum
784 984 893 1048 David
915 1007 1074 1051 conserva
1098 987 1130 1050 in
1154 989 1285 1052 saecula
1308 989 1419 1066 multa,

596 1087 642 1151 Ut
665 1087 812 1172 gaudens
839 1090 924 1153 vivat
946 1090 1027 1154 felix
1051 1097 1085 1154 et
1106 1113 1263 1177 prospere
1287 1097 1412 1175 regnet.

596 1191 709 1254 Omnis
735 1191 857 1276 ubique
882 1193 977 1256 simul
1000 1195 1141 1280 populus
1165 1194 1364 1280 respondeat
1386 1192 1513 1257 ‘amen'.

515 1313 538 1349 11
642 1291 830 1358 Clementer
854 1295 941 1358 mitis
965 1297 1084 1381 populo
1109 1298 1269 1360 miserere
1289 1297 1431 1361 misello:

597 1395 687 1460 Grex
711 1403 762 1460 cst
785 1398 904 1483 quippe
928 1406 1013 1470 tuus,
1038 1406 1072 1463 111
1096 1407 1209 1485 pastor
1232 1401 1381 1464 amabilis
1404 1400 1462 1462 illi.

597 1499 784 1564 Mercedem
808 1502 931 1566 tribuet
954 1503 1082 1567 tibimet
1104 1525 1164 1588 por
1187 1505 1321 1568 saccula
1344 1503 1506 1566 Christus.

596 1603 690 1667 Nunc
714 1607 824 1668 valcas
849 1606 966 1669 iturum
992 1615 1024 1669 ot
1048 1629 1177 1693 semper
1201 1610 1232 1671 in
1258 1607 1366 1671 saecla
1389 1607 1512 1670 valeto!

850 1779 928 1786 .--.
933 1781 1216 1789 -——---..———----—
1223 1783 1260 1788 —-=

903 1893 1144 1992 ,ss-suumn.

521 2038 586 2110 un
614 2040 805 2113 uncunu
833 1991 1068 2115 acunuuu
1096 2045 1227 2116 suuis
1255 2040 1605 2117 seosrcurcuu.

597 2172 798 2237 Pontificalis
822 2195 919 2259 apex,
943 2177 1094 2261 princeps
1118 2161 1312 2262 patriarcha,
1337 2177 1500 2257 sacerdon,

597 2277 734 2340 Praesul
758 2285 865 2342 amato
890 2278 962 2358 deo,
988 2286 1173 2343 sanctorum
1198 2288 1309 2344 sancte
1331 2281 1498 2365 magister,

596 2380 714 2443 Pastor
737 2383 948 2465 apostolicus,
972 2403 1109 2464 maguus
1132 2381 1201 2445 Leo
1225 2384 1330 2467 papa¹
1354 2383 1473 2446 valeto.

595 2483 679 2562 Lux,
703 2482 803 2547 decus
828 2484 998 2565 ccclesiae,
1023 2483 1191 2548 Romanae
1216 2486 1321 2570 gloria
1343 2485 1461 2569 gentis

596 2584 639 2648 Et
662 2586 765 2670 patrio
789 2587 915 2670 patriae
939 2587 1059 2672 populo
1084 2608 1159 2672 spes
1183 2609 1301 2670 magna
1324 2588 1453 2651 salutis:

596 2689 760 2773 Egregius
784 2688 906 2769 doctor,
931 2690 1055 2753 meritis
1081 2696 1115 2754 ct
1136 2692 1267 2754 nominc
1292 2691 1409 2771 clarus,

597 2792 765 2856 Virtutum
788 2792 890 2855 titulis
915 2799 982 2856 toto
1007 2792 1194 2878 praeclarus
1218 2794 1250 2856 in
1275 2793 1364 2860 orbe.
1469 2803 1471 2806 '

599 2895 646 2959 Te
670 2895 751 2958 deus
775 2901 938 2966 aeternus,
962 2894 1074 2958 mundi
1097 2896 1286 2960 mitissimus
1310 2905 1433 2976 auctor,

599 2998 749 3062 Salvator
771 2999 900 3082 generis
924 2998 1065 3075 humani,
1088 2999 1249 3062 maximus
1272 2998 1389 3064 haeres

537 3125 539 3128 ·
602 3102 759 3186 Protegat
781 3109 878 3186 atque
901 3109 995 3186 regat
1017 3103 1177 3186 longaevo
1201 3109 1347 3188 tempora
1371 3125 1495 3184 sanum,

598 3206 707 3290 Atque
730 3205 790 3269 tibi
812 3205 934 3270 tribuat
956 3205 1066 3270 felicia
1088 3213 1236 3290 tempora
1260 3207 1413 3284 clemens,

597 3309 729 3393 Augeat
751 3315 784 3372 ct
807 3330 977 3372 numerum
1000 3309 1112 3394 populi
1136 3330 1195 3394 per
1217 3307 1369 3393 dogmata
1392 3310 1484 3375 vorbi

598 3411 644 3475 Ut
667 3412 860 3496 multiplicia
883 3413 989 3475 laetus
1013 3411 1163 3476 mercede
1186 3412 1307 3476 laboris

600 3513 799 3579 Celsithroni
822 3514 934 3579 videas
958 3514 1077 3578 faciem
1101 3515 1171 3578 sine
1195 3515 1259 3579 finc
1281 3514 1422 3594 beatam,

599 3617 745 3702 Principi
769 3617 949 3702 apostolico
973 3616 1072 3681 Petro
1097 3617 1288 3682 coniunctus
1311 3617 1344 3681 in
1366 3639 1494 3698 aevum,

597 3721 684 3785 Arce
707 3721 774 3806 poli
799 3719 929 3784 Christo
953 3722 1059 3784 laetus
1083 3721 1115 3784 in
1139 3719 1289 3784 laudibus
1313 3721 1417 3786 almis.

599 3821 649 3885 Tu
672 3843 750 3906 rege
774 3823 939 3902 doctrinis,
963 3823 1075 3889 mundi
1098 3825 1178 3903 laus,
1202 3845 1304 3909 regna
1325 3847 1385 3910 pcr
1406 3826 1529 3903 orbern,

599 3925 698 3990 Carta
720 3933 776 3990 tua
798 3934 917 4008 currat,
941 3928 1070 4012 signata
1093 3929 1126 3992 in
1149 3929 1279 3992 nomine
1303 3949 1406 4007 sacro,

598 4029 664 4093 Per
685 4036 816 4111 terram,
839 4032 987 4117 pelagus
1011 4033 1174 4116 regiones,
1198 4052 1309 4116 regna,
1332 4053 1392 4118 per
1414 4033 1523 4112 urbes,

516 4155 527 4190 1
599 4132 787 4198 Exhortans
812 4142 925 4199 sancto
949 4140 1082 4199 cunctos
1107 4155 1257 4199 sermone
1280 4135 1440 4220 legentes.

599 4235 732 4300 Semina
754 4258 796 4301 ne
819 4237 906 4302 vitae
930 4238 1095 4302 maculent
1117 4237 1243 4300 zizania
1265 4238 1389 4316 mortis,

600 4339 736 4404 Crescat
758 4339 798 4404 ab
823 4362 878 4405 orc
902 4346 956 4405 tuo
981 4340 1146 4404 caelorum
1170 4338 1310 4404 candida
1331 4341 1459 4420 messis,

598 4442 695 4508 Unde
718 4441 772 4508 dei
793 4445 936 4531 populus
959 4445 1047 4508 vivat
1068 4443 1209 4508 feliciter
1232 4444 1347 4509 omnia.

600 4545 750 4611 Gaudeat
774 4554 807 4610 et
829 4553 941 4611 teneat
963 4554 1071 4611 tecum
1095 4547 1252 4611 caelestia
1275 4568 1377 4631 regna

519 4672 544 4708 11
603 4648 741 4735 Semper
762 4650 796 4713 in
819 4656 998 4730 aeternum,
1022 4670 1148 4714 summo
1173 4649 1316 4714 donante
1340 4655 1485 4715 tonante.

599 4754 683 4818 Vive
707 4751 770 4817 deo
793 4753 883 4832 felix,
907 4753 987 4818 felix
1011 4760 1044 4817 et
1067 4753 1140 4818 vive
1164 4775 1224 4840 per
1246 4775 1373 4834 aevum,

599 4856 711 4920 Aurea
733 4855 791 4918 lux
813 4853 935 4936 mundi,
959 4863 1066 4920 terrae
1090 4856 1148 4936 sal,
1172 4864 1267 4943 porta
1290 4857 1415 4936 salutis,

599 4957 643 5022 Et
664 4958 765 5023 decus
789 4959 960 5038 ecclesiae,
984 4959 1187 5044 gemmisque
1212 4981 1332 5024 corona
1354 4958 1532 5043 refulgens.

601 5061 654 5126 Sis
678 5082 802 5125 memor
824 5060 947 5140 Albini,
970 5069 1131 5127 memoret
1153 5069 1186 5127 te
1210 5063 1315 5147 gratia
1338 5061 1471 5140 Christi,

516 5187 542 5224 a»
599 5164 690 5237 Quae
714 5173 747 5230 tc
772 5174 955 5247 conservet,
979 5167 1111 5251 praesul
1135 5168 1350 5246 sanctissime,
1375 5187 1514 5251 semper.

303 5389 449 5544 [Xd'llllllll
469 5392 517 5528 0111
539 5479 561 5539 Q
579 5497 608 5544 p.
628 5475 860 5543 latratuum,
887 5481 1016 5530 Romam
1034 5495 1082 5530 om.
1105 5479 1127 5540 Q
1249 5475 1387 5528 17111111
1405 5476 1462 5527 laus
1482 5477 1512 5538 Q,
1536 5477 1666 5528 mundana
1684 5477 1761 5530 Frob.
1777 5497 1805 5545 p.
1823 5475 1883 5542 227,

233 5563 278 5618 sed
295 5565 328 5630 cs.
346 5565 421 5632 iufra
434 5582 463 5630 p.
481 5561 532 5613 ‘254
550 5581 576 5612 11.
594 5565 679 5615 XLlll
697 5583 719 5615 u.
738 5561 753 5614 7
857 5565 890 5616 21
910 5565 1020 5616 macrilat
1040 5565 1062 5627 Q

337 5700 362 5768 1)
381 5697 444 5770 111,
463 5697 607 5750 issara.
