4694 6428
1061 399 1211 461 utemur
1229 405 1405 462 aluums.

820 573 935 654 Roma,
959 583 1057 663 caput
1079 578 1207 660 mundi,
1229 579 1342 644 mundi
1365 579 1483 662 decus,
1506 603 1607 646 aurea
1629 582 1745 662 Roma,

904 678 1000 743 Nunc
1023 688 1172 746 remanet
1195 689 1320 746 tanturn
1344 704 1444 748 saeva
1466 685 1560 748 ruina
1582 685 1653 749 tibi.

823 780 938 846 Gloria
959 785 1137 848 castrensis
1160 785 1278 869 gladiis
1301 769 1439 871 aequata
1461 789 1628 864 remansit,

742 905 768 943 1ο
912 885 1019 952 Lutea
1041 909 1118 973 pars
1141 894 1288 973 tegetum
1312 891 1382 954 sola
1403 890 1533 956 videtur
1555 893 1655 956 iners.

823 987 909 1062 Quid
932 996 975 1072 te,
1000 997 1123 1072 sancta,
1147 1013 1270 1074 canam,
1294 993 1401 1059 David
1423 995 1501 1059 urbs
1518 996 1633 1060 inclita
1649 997 1747 1081 regis,

907 1091 946 1156 In
969 1093 1089 1158 mundo
1110 1096 1210 1159 nullis
1233 1096 1478 1182 aequiparanda
1500 1098 1604 1162 locis?

824 1194 864 1258 In
887 1201 920 1261 te
943 1197 1067 1282 templa
1089 1197 1153 1278 dci,
1177 1199 1295 1278 cultus,
1319 1200 1401 1280 laus,
1424 1201 1538 1284 gloria,
1562 1203 1675 1278 virtus,

906 1298 945 1362 In
968 1304 1001 1364 te
1023 1301 1143 1364 mansit
1166 1322 1266 1365 ovans
1295 1309 1409 1367 sancta
1436 1325 1580 1389 propago
1609 1311 1746 1390 patrum.

824 1400 911 1466 Dum
926 1408 991 1482 tus,
1008 1403 1080 1488 quis
1096 1410 1208 1467 teneat
1222 1404 1385 1484 lacrimas,
1400 1426 1485 1469 nunc
1500 1407 1615 1470 ultima
1629 1407 1747 1472 cernit:

907 1503 997 1568 Gens
1020 1504 1152 1569 inimica
1173 1505 1235 1570 deo
1259 1506 1323 1570 iam
1346 1512 1403 1572 tua
1425 1514 1513 1573 tecta
1534 1515 1637 1576 tenet.
1688 1553 1690 1558 -

822 1607 910 1690 Heu,
932 1608 1045 1689 Iudea,
1068 1610 1134 1674 tuis
1157 1610 1323 1675 habitator
1344 1612 1377 1675 in
1399 1611 1534 1677 urbibus
1557 1621 1645 1678 errat

909 1711 1018 1776 Rarus
1040 1713 1075 1775 in
1097 1713 1240 1797 antiquis
1252 1715 1272 1794 ¹,
1295 1715 1366 1778 laus
1390 1721 1446 1778 tua
1468 1722 1537 1780 tota
1559 1717 1654 1802 perit.

822 1813 943 1878 Nobile
966 1836 1042 1879 nam
1064 1817 1232 1901 templum,
1256 1823 1325 1882 toto
1349 1825 1383 1883 et
1403 1818 1591 1883 venerabile
1607 1819 1641 1884 in
1657 1819 1747 1900 orbe,

910 1915 1006 1990 Quod
1029 1918 1184 1983 Salomon
1206 1919 1302 2000 fecit,
1326 1919 1449 1986 Caldea
1471 1922 1601 1986 flamma
1623 1929 1716 1986 vorat
1724 1923 1747 1988 ².

823 2017 934 2083 Deieit
956 2019 1018 2083 hoc
1041 2019 1159 2084 iterum
1181 2021 1331 2086 Romana
1353 2023 1502 2108 potentia
1524 2023 1632 2100 bellis,
1669 2099 1671 2106 y

904 2121 943 2186 In
967 2123 1093 2188 cineres
1117 2124 1249 2189 solvens
1272 2127 1410 2200 moenia,
1434 2133 1522 2191 tecta
1544 2125 1649 2192 simul.

823 2223 920 2304 Ecce,
943 2225 1059 2289 relicta
1081 2224 1196 2290 domus
1220 2225 1310 2292 Siloa
1333 2249 1394 2313 per
1416 2229 1504 2292 secla
1526 2231 1691 2308 remansit,

906 2327 946 2392 In
968 2349 1033 2413 qua
1055 2336 1168 2395 sancta
1190 2329 1244 2395 dei
1270 2352 1346 2395 arca
1367 2333 1510 2418 potentis
1534 2340 1612 2398 crat.

741 2452 752 2486 a
826 2429 881 2495 Sic
896 2431 980 2516 fugit
998 2452 1095 2498 omne
1112 2432 1223 2514 decus,
1247 2433 1387 2498 hominis
1403 2435 1491 2516 qnod
1507 2434 1645 2501 dextera
1659 2437 1746 2517 fecit,

905 2533 1020 2599 Gloria
1043 2536 1205 2600 seclorum
1228 2537 1275 2601 sic
1298 2538 1389 2602 velut
1411 2539 1527 2602 umbra
1549 2540 1670 2604 volat³.

822 2635 868 2701 Ut
886 2637 1005 2702 sitiens
1028 2638 1169 2722 liquidas
1191 2638 1313 2703 frustra
1335 2640 1399 2705 sibi
1422 2643 1562 2707 somniat
1584 2642 1697 2724 undas,

906 2739 961 2804 Sic
983 2763 1083 2826 gazas
1105 2741 1218 2806 mundi
1240 2742 1333 2808 dives
1355 2745 1491 2810 habebit
1512 2747 1618 2832 inops.

822 2842 985 2930 Tempora
1007 2866 1064 2908 cur
1086 2852 1213 2910 tantum
1236 2847 1325 2912 luctu
1348 2848 1526 2933 longinqua
1548 2859 1704 2933 retexam,

908 2949 953 3014 111
974 2956 1124 3015 veterum
1146 2952 1286 3016 miseros
1309 2952 1451 3016 carmine
1474 2952 1595 3038 plango
1617 2953 1699 3034 dies,

821 3052 909 3117 Dum
932 3075 1088 3140 praesens
1112 3060 1204 3118 setas
1227 3055 1350 3140 patitur
1372 3057 1485 3140 peiora
1508 3078 1567 3142 per
1589 3058 1713 3130 orbem,

904 3157 949 3221 111
971 3157 1092 3222 misera
1114 3157 1253 3222 mundus
1276 3180 1361 3224 nunc
1384 3158 1509 3225 ditione
1532 3160 1630 3226 dolet.

821 3260 903 3326 Asia
927 3262 995 3325 lata
1017 3261 1120 3346 gemit
1140 3261 1278 3347 paganis
1301 3283 1416 3346 pressa
1438 3264 1573 3340 catenis,

905 3363 1010 3438 Quam
1032 3365 1152 3449 premit
1175 3371 1209 3429 et
1231 3365 1351 3449 spoliat
1374 3385 1455 3450 gens
1478 3365 1610 3429 inimica
1633 3364 1705 3430 deo.

820 3465 934 3530 Africa
956 3466 1022 3530 iam
1045 3466 1155 3543 servit,
1179 3465 1290 3549 magni
1312 3486 1387 3550 pars
1411 3465 1508 3529 tertia
1530 3466 1652 3548 mundi,
1718 3517 1721 3524 ,

904 3569 968 3634 Ρ1ο
992 3568 1095 3650 dolor,
1118 3568 1193 3649 heu,
1217 3574 1286 3632 tota
1308 3567 1474 3653 pestiferis
1497 3568 1647 3635 dominis.

819 3672 1005 3759 Hesperiae
1028 3673 1180 3758 populus,
1203 3670 1366 3757 quondam
1382 3693 1463 3757 gens
1479 3673 1592 3738 inclita
1606 3674 1726 3755 bello⁴,

903 3775 1024 3840 Invisis
1049 3775 1188 3860 sceptris
1212 3775 1312 3839 servit
1336 3775 1463 3861 etipsa
1485 3775 1606 3840 modo..

818 3878 981 3966 Quicquid
996 3880 1120 3945 habent
1132 3878 1259 3966 pulchri
1274 3878 1397 3944 domini
1408 3880 1460 3944 rel
1477 3881 1599 3966 templa
1615 3880 1742 3947 decoris
1852 3897 1856 3904 ·

905 3983 1069 4062 Vastavit,
1092 3983 1199 4067 rapuit
1221 3981 1353 4047 ethnica
1375 3980 1491 4046 dextra
1514 3983 1587 4047 sibi.

817 4086 892 4152 Hoc
913 4088 1069 4172 generale
1093 4088 1215 4151 malum
1237 4088 1363 4151 relevet
1378 4087 1521 4172 speciale
1543 4107 1604 4171 per
1619 4086 1742 4166 orbem,

904 4187 1000 4262 Quod
1022 4189 1145 4275 patitur
1167 4190 1255 4253 solus
1280 4189 1426 4273 quisquc,
1449 4188 1534 4253 ferat
1555 4188 1670 4252 levius.

818 4292 889 4357 Iam
903 4290 1020 4356 domus
1034 4292 1121 4356 alma
1135 4291 1200 4372 dei,
1224 4292 1376 4378 princeps
1393 4311 1456 4375 qua
1473 4311 1608 4376 corpore
1624 4297 1742 4376 pausat

902 4395 1031 4477 Petrus,
1055 4395 1236 4481 apostolica
1259 4395 1383 4480 primus
1407 4395 1440 4458 in
1462 4415 1537 4460 arce
1560 4399 1663 4479 pater,

505 4656 539 4710 37
557 4660 625 4726 capit
641 4659 674 4710 H
757 4655 791 4709 39
808 4659 910 4724 gladius
927 4664 1020 4722 equata
1037 4656 1067 4706 H
1142 4653 1178 4705 46
1194 4656 1303 4721 digitum
1324 4653 1384 4716 011
1468 4652 1500 4704 41
1520 4654 1571 4717 Qui
1589 4653 1623 4703 H
1669 4655 1740 4705 dabit
1756 4655 1818 4706 urbs
1835 4655 1871 4719 H,
1889 4657 1953 4708 urbs
1971 4660 2064 4723 0an

397 4742 433 4795 42
449 4746 636 4813 aequiparanda
657 4745 679 4808 Q
781 4741 815 4796 45
838 4745 897 4811 quis
914 4744 997 4795 cernit
1013 4743 1131 4793 lacrimas
1149 4757 1220 4792 nunc
1237 4741 1327 4792 ultima
1345 4741 1397 4791 vita
1415 4739 1448 4789 H
1546 4736 1580 4790 47
1598 4741 1706 4791 abitator
1723 4739 1757 4789 H
1853 4737 1888 4790 48
1905 4743 2009 4794 Rursus
2030 4745 2065 4795 II

397 4827 432 4880 49
459 4832 508 4881 iam
534 4831 556 4893 Q
641 4839 708 4883 totae
735 4837 779 4881 tuo
805 4830 951 4882 varrembile
977 4829 1041 4880 urbe
1067 4828 1163 4879 mundo
1187 4826 1220 4876 H
1345 4823 1377 4876 51
1405 4826 1476 4876 Dicis
1501 4831 1527 4875 et
1553 4825 1601 4876 boc
1626 4827 1719 4876 iterum
1745 4833 1774 4876 tn
1795 4842 1865 4877 roma
1886 4829 2002 4892 potantia
2029 4830 2066 4880 H

398 4912 432 4966 52
450 4917 520 4967 Hinc
538 4919 618 4968 inerat
636 4918 739 4969 solvens
756 4916 791 4966 H
838 4925 903 4968 tecta
921 4915 1003 4978 diuo
1105 4911 1140 4966 54
1157 4912 1272 4975 arcbaQ
1374 4909 1409 4962 55
1426 4911 1507 4961 hamis
1520 4911 1553 4960 H
1650 4909 1685 4962 56
1702 4912 1830 4962 coelorum
1843 4911 1875 4960 H
1922 4914 2015 4964 volant
2028 4915 2067 4965 H

397 4997 432 5049 58
449 5019 497 5052 om.
510 5002 544 5052 H
620 5003 658 5054 sir
678 5002 708 5066 Q,
726 5004 769 5053 Sic
786 5002 865 5053 moe.
970 4997 1004 5051 59
1024 4999 1177 5064 luctum-H,
1195 4997 1303 5059 luctaQ
1372 5005 1483 5048 retexam
1496 4997 1558 5058 HQ
1643 4993 1679 5046 60
1696 4999 1731 5049 Ut
1747 4997 1781 5047 H
1875 4995 1908 5048 61
1930 5015 2059 5064 praesens

380 5083 451 5136 ''dies
466 5087 496 5150 Q,
513 5088 615 5139 ctasH
712 5085 747 5138 62
764 5087 928 5140 miseramH
993 5084 1116 5136 habotH
1220 5080 1254 5133 63
1272 5082 1419 5148 praessaH
1482 5079 1517 5132 64
1534 5081 1698 5148 praniitetH
1799 5079 1833 5134 65
1850 5099 1908 5148 pars
1926 5085 2017 5149 magni
2035 5087 2060 5147 Q

397 5167 431 5219 66
449 5172 517 5223 Proh
538 5172 561 5235 Q
645 5174 756 5225 hominis
773 5172 808 5223 H
931 5167 965 5222 67
983 5171 1058 5222 bellis
1078 5170 1101 5233 Q
1221 5166 1255 5220 68
1272 5169 1366 5250 ceptris
1384 5168 1417 5218 H
1532 5166 1566 5218 69
1583 5169 1662 5220 abent
1678 5167 1712 5218 H
1836 5165 1870 5220 70
1886 5169 2005 5221 Vastabit
2026 5172 2064 5222 H

397 5257 499 5308 ethinca
516 5258 550 5308 H
649 5257 682 5310 71
701 5259 799 5310 talabot
815 5258 849 5308 H
948 5253 983 5308 74
999 5258 1138 5324 apostolico
1156 5256 1190 5306 H

500 5393 526 5459 l)
554 5393 661 5446 Lacon.
680 5393 783 5447 Plora.
801 5393 831 5457 I,
854 5393 888 5446 27
907 5393 996 5446 Rarus
1014 5393 1044 5446 et
1061 5391 1185 5460 antiquis
1204 5388 1347 5445 habitator
1365 5388 1394 5442 in
1413 5387 1527 5442 urbibus
1546 5391 1627 5442 errat.
1732 5389 1760 5457 2)
1788 5388 1900 5442 Aletrini
1917 5388 1998 5456 epist.
2018 5391 2058 5444 24

392 5507 423 5559 p.
442 5493 490 5546 191
510 5494 691 5559 Hierusalem,
713 5495 813 5549 civitas
830 5495 883 5549 deo
901 5495 1013 5562 dilecta,
1033 5512 1095 5550 cnm
1114 5495 1219 5563 templo
1237 5493 1283 5547 dei
1301 5492 1423 5547 Chaldaa
1441 5493 1552 5545 flamma
1569 5491 1663 5561 periit.
1733 5491 1761 5560 3)
1787 5489 1901 5544 Alesiai
1918 5491 1999 5558 epist.
2017 5493 2059 5548 23

391 5610 422 5662 p.
444 5595 495 5648 185
525 5596 627 5649 Omnia
652 5597 735 5650 huius
760 5597 863 5651 saeculi
889 5597 1094 5682 delectamenta
1119 5598 1198 5652 velut
1223 5595 1346 5650 volatilis
1372 5595 1447 5664 fugit
1473 5594 1578 5648 umbra.
1681 5595 1708 5660 4)
1736 5593 1811 5661 Verp.
1840 5593 1906 5646 Aea.
1931 5592 1977 5654 II,
1999 5595 2055 5650 241

395 5695 504 5749 incluta
521 5697 604 5751 bello.
