4936 6406
681 351 685 362 ’
767 388 1024 443 assensurum
1044 391 1090 444 nn
1109 389 1219 443 vrrns
1238 389 1486 445 murmurans,

667 564 760 637 Quae
783 584 979 650 quamquam
1002 565 1091 628 vitiis
1114 565 1240 629 cunctis
1263 566 1419 630 alimenta
1441 564 1615 642 ministret,

574 683 610 722 no
754 665 849 738 Quod
871 687 1009 752 peecare
1033 667 1121 730 valet
1143 666 1204 730 hec
1230 667 1299 730 sine
1322 667 1432 731 nullus
1455 666 1567 731 homo:

666 765 705 829 In
727 767 892 851 geminum
915 766 1083 853 duplicata
1105 773 1216 831 tamen
1239 767 1407 853 consurgit
1428 768 1600 848 hiulcum¹‚

750 870 859 954 Atque
883 871 995 957 biceps
1019 871 1142 934 formas
1164 892 1217 934 res
1239 869 1339 935 habet
1363 893 1428 936 une
1450 871 1542 936 duas.

666 975 777 1039 Prima
799 983 909 1040 manet
933 975 1111 1062 probrosus
1135 982 1250 1059 aperta
1273 976 1427 1060 superbia
1449 977 1592 1058 morbus,

751 1078 867 1144 Altera
889 1086 1045 1144 ventosae
1069 1077 1176 1142 laudis
1198 1079 1296 1142 inane
1321 1081 1439 1144 scelus.
1522 1107 1524 1112 ·

574 1204 610 1242 m
670 1183 737 1248 Seu
760 1205 851 1248 soror
874 1190 925 1248 est
947 1184 1029 1262 eins,
1053 1204 1113 1246 seu
1135 1183 1254 1268 neptis,
1277 1182 1345 1247 filia
1367 1185 1446 1265 sive,

751 1285 841 1350 Trux
864 1294 980 1350 natura
1002 1295 1113 1350 tamen
1135 1307 1201 1349 una
1224 1285 1350 1350 duabus
1373 1289 1469 1352 inest.

669 1389 782 1455 Gloria
804 1411 889 1454 vana
909 1391 969 1455 tibi
993 1389 1208 1475 quadruplex,
1233 1390 1404 1471 Iactantia,
1427 1391 1546 1476 gliscit,

750 1494 913 1569 Quattuor
935 1501 968 1558 ct
991 1496 1098 1580 plagis
1121 1495 1265 1579 percutis
1289 1501 1359 1558 atra
1380 1495 1503 1580 plagas.

669 1599 753 1662 Sunt
776 1598 893 1683 quibus
917 1607 967 1662 est
991 1598 1121 1676 donum,
1145 1598 1203 1663 sed
1227 1597 1317 1662 danti
1341 1599 1454 1662 nescia
1475 1597 1571 1662 turba

576 1722 612 1759 1⁸0
754 1701 949 1767 Detrectant
971 1708 1082 1785 grates
1107 1699 1244 1765 reddere
1269 1702 1329 1764 rite
1352 1699 1425 1765 deo.

667 1806 711 1871 Et
734 1815 809 1871 sunt
832 1809 886 1892 qui
910 1807 1041 1872 sibimet
1063 1808 1253 1871 meritorum
1276 1808 1420 1892 insignia
1442 1807 1579 1892 lingunt,

751 1910 861 1995 Atque
884 1910 950 1974 illis
973 1911 1120 1975 tribuunt
1141 1931 1207 1974 non
1230 1931 1290 1974 sue
1312 1909 1397 1974 dona
1418 1909 1491 1974 dec.
1551 1975 1558 1986 ,

668 2013 732 2077 Ast
753 2013 809 2077 alii
832 2013 952 2077 donum
975 2035 1036 2078 nec
1059 2014 1183 2078 habent
1205 2035 1266 2078 nec
1289 2013 1412 2078 habere
1435 2014 1600 2094 valebunt,

754 2116 820 2180 Sed
843 2116 967 2180 tumido
991 2138 1065 2181 sese
1090 2116 1187 2180 eorde
1212 2117 1244 2180 id
1266 2116 1389 2181 habere
1411 2123 1538 2203 putant.
1565 2109 1567 2112 ’

575 2240 611 2278 iss
668 2219 777 2298 Nulla,
801 2242 884 2300 reor,
908 2220 1031 2284 homini
1054 2229 1105 2283 est
1128 2221 1233 2283 maior
1256 2220 1421 2302 iactantia,
1446 2241 1542 2305 quem
1566 2221 1621 2306 qui

752 2323 796 2388 Se
819 2325 925 2388 solum
948 2323 1100 2408 quiddam
1124 2345 1221 2409 posse
1247 2325 1297 2387 vel
1320 2345 1395 2388 esse
1418 2329 1521 2410 putat.

667 2427 818 2512 Angelus
841 2427 917 2492 inde
940 2429 1014 2508 ruit,
1038 2428 1190 2512 quoniam
1215 2450 1251 2492 se
1274 2428 1376 2491 solius
1399 2448 1499 2491 unum

751 2530 836 2596 Esse
859 2533 1034 2618 potestatis
1058 2518 1109 2597 est
1132 2539 1222 2597 ratus
1246 2541 1279 2597 et
1301 2532 1435 2611 iuberis,

668 2637 797 2722 Proque
822 2637 898 2723 polo
922 2636 1002 2700 sudo
1026 2643 1148 2702 tetrum
1171 2643 1223 2701 est
1244 2644 1408 2701 mercatus
1429 2637 1610 2718 Avernum,

575 2763 611 2800 nc
756 2739 862 2804 Exter
884 2747 917 2804 et
939 2741 1089 2823 angelico
1114 2748 1165 2805 est
1187 2742 1293 2804 faetus
1317 2740 1439 2805 honere
1463 2741 1573 2805 miser.

671 2843 837 2908 Scinditur
859 2845 892 2907 in
915 2852 1026 2930 partes
1051 2845 1162 2909 inflata
1186 2845 1351 2932 Superbia
1373 2844 1514 2925 ternas²‚

751 2945 871 3032 Sioquo
896 2949 1015 3034 triceps
1038 2949 1123 3012 trino
1147 2949 1311 3014 Cerberus
1334 2971 1391 3014 ore
1416 2950 1541 3013 vcrat³.

668 3050 819 3134 Denique
842 3051 947 3135 prima
969 3051 1003 3113 in
1026 3052 1074 3114 eis
1098 3051 1216 3136 quibus
1240 3059 1291 3116 est
1313 3053 1531 3137 transgressio
1554 3053 1650 3138 legis,

751 3153 857 3226 Quam
880 3153 957 3216 dum
980 3155 1052 3236 quis
1075 3155 1201 3236 temnit,
1224 3157 1294 3220 iure
1318 3155 1479 3242 superbus
1503 3156 1597 3221 inest.

576 3278 612 3315 ns
671 3256 845 3340 Linquitur
867 3263 900 3318 et
922 3257 1031 3334 toties,
1055 3259 1184 3342 quoties
1209 3259 1380 3323 obsistitur
1401 3259 1459 3338 illi,

752 3359 844 3422 Tunc
866 3364 981 3443 peccat
1004 3360 1076 3442 quis
1100 3382 1174 3424 cum
1197 3359 1283 3444 quod
1307 3367 1396 3425 vetat
1418 3361 1475 3424 illa
1496 3361 1584 3425 feeit.

669 3462 797 3527 Idcirco
820 3461 949 3527 initium
970 3465 1098 3550 pcccati
1121 3465 1177 3528 lex
1201 3464 1288 3527 canit
1310 3465 1410 3544 illem,

753 3566 916 3652 Linquere
939 3568 1029 3631 iussa
1052 3567 1105 3631 dei
1128 3567 1189 3630 hac
1213 3566 1298 3650 quod
1322 3567 1392 3631 sine
1415 3588 1511 3631 nemo
1534 3566 1654 3632 valet⁴.

669 3672 762 3745 Quae
786 3672 877 3736 iubet
900 3693 979 3756 ergo
1002 3672 1091 3750 fiant,
1115 3677 1203 3735 vetet
1225 3678 1261 3735 et
1281 3692 1364 3755 quae
1388 3672 1519 3736 exotico
1541 3677 1637 3736 sunto

574 3796 612 3833 που
754 3775 827 3840 Lex
850 3775 914 3862 pia,
937 3783 1014 3839 tune
1038 3775 1150 3861 procul
1172 3780 1224 3838 est
1247 3795 1342 3840 omne
1366 3795 1448 3860 opus
1470 3773 1667 3839 horrificum.

668 3880 771 3944 Porro
795 3879 851 3943 alii
874 3879 1030 3943 affectant
1054 3877 1162 3942 socios
1186 3883 1395 3941 contemnere
1419 3881 1564 3958 cunctos,

752 3981 796 4046 Et
818 3980 905 4068 quod
928 3981 1060 4061 habent,
1085 3982 1172 4045 solos
1195 3986 1301 4045 semet
1323 3980 1446 4046 habere
1469 3988 1595 4066 putant.

668 4083 795 4170 Estque
819 4085 963 4150 secundo
987 4085 1113 4164 horum,
1136 4085 1220 4170 legis
1244 4083 1393 4148 custodie
1415 4105 1552 4169 quorum

751 4191 907 4254 Protinus
930 4191 1036 4254 inflari
1059 4188 1158 4254 corda
1181 4188 1324 4275 superba
1347 4188 1436 4253 lecit.

574 4318 612 4355 sos
671 4295 900 4361 Unde'lorent
921 4295 1073 4374 humiles,
1097 4299 1224 4359 certent
1247 4292 1322 4358 inde
1346 4315 1420 4358 esse
1444 4294 1589 4380 superbi,

751 4399 1003 4486 Marconturque
1026 4399 1113 4465 bono
1137 4419 1272 4462 munere
1295 4396 1418 4484 grande
1441 4398 1575 4463 malurn.

668 4505 753 4586 Hoc,
775 4505 964 4586 Pharisaee,
989 4504 1073 4568 sacri
1095 4503 1176 4568 facis
1199 4503 1233 4567 in
1255 4501 1421 4568 testudine
1444 4503 1569 4588 templi,

750 4606 805 4672 Mc
826 4603 993 4688 miserum,
1015 4606 1127 4693 plures
1150 4606 1212 4670 hoc
1235 4605 1331 4670 modo
1354 4627 1487 4692 prorsus
1510 4610 1621 4690 agunt.

668 4711 715 4774 Ut
737 4731 819 4795 gaze
841 4717 914 4774 tuta
933 4716 1045 4774 manet
1067 4709 1163 4774 docte
1187 4708 1321 4774 custode
1343 4715 1487 4796 reposta,

575 4837 612 4874 210
755 4813 873 4878 Servat
895 4835 988 4878 mens
1012 4813 1144 4877 humilis
1168 4815 1215 4878 sic
1238 4835 1321 4901 opus
1343 4834 1440 4878 omne
1463 4812 1595 4878 bonum.

670 4916 783 4981 Tertia
803 4937 880 5002 pars
903 4916 1029 4996 herum,
1053 4916 1171 5002 quibus
1195 4922 1247 4981 est
1268 4917 1391 4981 inflatio
1414 4937 1551 4996 morum,

751 5018 842 5093 Quos
864 5026 973 5084 tumor
996 5021 1103 5085 elatae
1125 5021 1245 5084 mentis
1268 5019 1310 5083 ad
1332 5021 1400 5083 alta
1422 5020 1521 5084 levet.

669 5122 811 5187 Subdier
833 5122 970 5210 imperio
994 5124 1048 5208 qui
1071 5123 1291 5209 dedignentur
1312 5124 1462 5202 honesto,

753 5225 916 5312 Spemere
939 5226 1099 5302 maiomm
1125 5235 1158 5292 et
1180 5225 1267 5292 dicte
1289 5226 1343 5291 vel
1367 5232 1441 5290 aeta
1463 5224 1607 5291 student.

408 5383 658 5390 ...φ-ἡ-

409 5484 434 5546 1)
453 5481 587 5536 Prudens.
607 5483 737 5536 Hectori.
755 5483 805 5536 789
822 5483 921 5537 fratres
940 5483 1066 5554 gemines
1084 5483 1121 5537 ad
1139 5484 1263 5538 hiulcum
1279 5487 1284 5552 Ι
1300 5528 1305 5539 .
1321 5483 1455 5540 bivium.
1525 5486 1553 5552 2)
1571 5483 1710 5539 Prodest.
1721 5483 1821 5554 Psycll.
1840 5484 1890 5538 178
1907 5500 1958 5553 per

304 5576 404 5630 effusas
426 5576 525 5630 inflate
548 5575 685 5645 Superbia
707 5579 822 5632 turmas.
901 5579 929 5646 3)
956 5579 999 5646 Cf.
1019 5578 1090 5634 Isid.
1111 5579 1203 5648 Θήρῃ.
1222 5580 1278 5644 XI,
1291 5580 1317 5642 3,
1329 5580 1364 5635 33
1382 5579 1530 5635 Cerberum
1548 5580 1669 5636 ..‚tria
1686 5577 1782 5650 capite
1798 5579 1957 5635 habentem.

302 5673 331 5739 4)
350 5671 437 5726 Eccli.
457 5671 498 5735 10,
513 5671 546 5725 14
565 5671 681 5726 Initium
700 5672 847 5743 superbiae
867 5672 989 5729 hominis
1006 5677 1197 5744 apostatatos
1218 5674 1278 5729 deo.

376 5771 480 5820 Porrus
492 5782 647 5821 numerurm
659 5772 784 5822 Cunerum
797 5773 815 5822 1.
1719 5768 1754 5824 57
