4628 6428
701 403 741 458 IN
760 403 906 459 SACRUM
925 401 1127 458 BIBLIORUM
1145 402 1310 460 CODICEM.

545 577 741 641 Nominibus
765 576 905 663 propriis
928 578 983 663 qui
1006 585 1083 642 sunt
1103 577 1155 642 bis
1179 585 1251 642 octo
1274 578 1388 659 libelli,

629 679 820 746 Hieremiae
844 679 920 744 hinc
943 681 1085 765 gemitus
1108 702 1166 767 pro
1189 681 1290 747 Iosua
1313 688 1346 747 et
1360 681 1500 768 populo.

452 806 489 844 raa
547 784 686 848 Ymnica
708 785 887 870 psalterum
912 791 1040 849 constat
1062 806 1122 871 per
1145 787 1287 856 carmina
1310 787 1450 864 thamus,

629 888 722 962 Quae
746 889 865 954 cecinit
888 888 1010 954 Christi
1032 911 1092 954 rex
1115 898 1209 976 pater
1230 891 1302 977 ipse
1324 890 1441 954 David.

545 992 627 1057 Tres
652 991 807 1056 Salomon
830 991 931 1056 libros
953 991 1113 1057 mirabilia
1137 992 1240 1058 edidit
1262 1001 1386 1074 auctor,

627 1093 690 1158 His
713 1094 778 1159 duo
802 1096 980 1180 iunguntur
1001 1117 1062 1182 per
1083 1097 1275 1182 paradigma
1296 1097 1382 1161 libri.

544 1195 690 1269 Quorum
714 1199 835 1284 quippe
858 1199 947 1284 prior
970 1196 1139 1284 Sapientia
1162 1199 1281 1263 dicitur
1303 1201 1399 1280 alma,

451 1321 488 1358 uo
631 1300 773 1365 Notatur
794 1302 890 1365 Iesus
912 1303 1043 1367 nomine
1066 1303 1237 1388 posterior.

544 1403 633 1468 Hinc
656 1403 969 1490 Paralypomenonis
992 1405 1087 1470 adest
1110 1427 1203 1471 sacer
1226 1407 1281 1471 ille
1305 1407 1449 1486 libellus,

630 1509 694 1583 Qui
716 1510 838 1574 veteris
861 1511 945 1594 legis
969 1509 1089 1574 dieitur
1111 1511 1290 1596 epitomen.

545 1612 634 1677 Hinc
657 1613 780 1694 Darae,
803 1614 958 1696 Nemiae,
979 1613 1091 1680 Iudith
1113 1615 1301 1698 Hesterque
1326 1614 1439 1694 libelli,

629 1717 722 1782 Tunc
745 1718 870 1782 Tobiae
892 1719 1015 1804 pietas,
1038 1720 1191 1804 angelus,
1215 1724 1324 1798 actus,
1347 1718 1420 1781 iter.

453 1841 489 1878 rra
546 1819 675 1905 Inclyta
697 1843 772 1886 nam
796 1823 881 1886 binis
904 1822 1107 1887 Machabaea
1129 1824 1217 1887 bella
1239 1822 1360 1886 libellis

631 1923 838 2005 Scribuntur,
861 1926 957 1990 victis
981 1926 1134 2010 gentibus
1158 1932 1191 1990 et
1214 1925 1356 2011 populis.

545 2025 639 2090 Haec
663 2035 715 2091 est
738 2035 851 2092 sancta
874 2027 1005 2114 quidem
1028 2030 1112 2114 legis
1137 2029 1299 2114 scriptura
1320 2033 1482 2106 vetustae,

628 2129 758 2194 Divinis
781 2138 851 2195 tota
873 2153 956 2216 quae
980 2132 1084 2195 titulis
1107 2132 1243 2197 redolet.

546 2233 710 2318 Tempora
731 2233 895 2320 baptistae
919 2234 1095 2299 decurrens
1119 2257 1223 2321 usque
1246 2233 1403 2298 Iohannis

453 2356 490 2394 uc
635 2335 775 2400 Sanctus
798 2338 963 2422 euangelii
986 2337 1062 2402 hinc
1086 2338 1293 2402 caelebratur
1315 2337 1428 2400 honor.

545 2439 585 2502 In
608 2460 671 2523 quo
695 2446 783 2504 tecta
806 2439 861 2504 diu
885 2461 1050 2505 sacrorum
1071 2446 1167 2526 gesta
1189 2441 1357 2522 librorum,

629 2541 668 2604 In
692 2541 815 2606 Christi
837 2542 980 2608 adventu
1002 2544 1066 2607 iam
1090 2550 1237 2608 reserata
1259 2548 1384 2629 patent,

544 2643 588 2707 Et
611 2645 763 2710 veniente
787 2645 839 2710 die
863 2647 1012 2732 preclare
1034 2647 1117 2711 lueis
1140 2648 1174 2711 in
1197 2647 1311 2711 orbem

628 2748 825 2812 Umbrarum
848 2750 985 2814 tenebre
1008 2772 1086 2814 mox
1108 2751 1220 2815 abiere
1244 2751 1368 2836 procul.

453 2874 489 2910 ns
546 2852 633 2916 Hinc
657 2853 816 2938 quadriga
839 2853 907 2935 dei,
931 2853 1089 2919 cherubin
1112 2855 1298 2935 comitante,
1322 2853 1473 2937 refulget,

629 2955 722 3029 Quae
746 2956 868 3021 Christi
891 2959 924 3021 in
947 2958 1104 3022 mundum
1127 2965 1276 3044 tempora
1299 2978 1392 3021 sacra
1415 2963 1518 3020 sonat.

545 3058 711 3140 Matheus,
735 3059 881 3142 Marcus,
904 3061 1013 3126 Lucas
1037 3062 1133 3125 simul
1156 3070 1254 3147 atque
1277 3061 1453 3140 Iohannes,

627 3162 817 3228 Scribentes
840 3163 962 3229 Christi
986 3173 1081 3250 gesta
1104 3174 1232 3230 sacrata
1254 3164 1318 3228 dei.

546 3262 687 3328 Sanctus
710 3268 909 3352 apostolicos
931 3267 1040 3332 Lucas
1064 3269 1285 3354 descripserat
1307 3271 1410 3347 actus,

451 3388 489 3426 1⁶0
633 3369 808 3455 Dogmata,
832 3371 969 3437 sudores
992 3381 1091 3459 atque
1114 3373 1236 3437 laboris
1259 3373 1331 3437 iter.

543 3473 602 3537 Bis
627 3481 754 3560 septem
776 3475 899 3541 Paulus
922 3477 1092 3564 rescripsit
1114 3476 1149 3540 in
1171 3475 1285 3540 ordine
1308 3479 1413 3539 cartas

627 3577 821 3664 Discipulis,
843 3601 971 3645 necnon
993 3579 1128 3645 urbibus
1152 3586 1186 3644 et
1208 3578 1354 3665 populis;

544 3680 575 3744 A
598 3680 729 3746 domino
753 3684 879 3748 electus
902 3684 1055 3768 specialis
1078 3684 1112 3746 in
1135 3683 1214 3747 orbe
1237 3681 1405 3765 magister,

629 3785 792 3850 Gentibus
814 3787 994 3852 innumeris
1017 3786 1171 3871 dogmata
1195 3805 1289 3849 sacra
1312 3803 1435 3847 serens.

452 3907 488 3946 raa
545 3887 633 3952 Hine
655 3888 814 3971 Iacobus,
837 3890 967 3970 Petrus,
990 3889 1089 3954 Iudas
1115 3890 1212 3954 simul
1234 3894 1333 3973 atque
1355 3883 1519 3948 Iohannes

629 3992 798 4078 Scripsere
821 3994 925 4059 titulis
948 3995 1076 4060 mistica
1098 3995 1199 4059 verba
1221 3992 1311 4058 satis.

544 4095 632 4159 Hinc
656 4097 755 4160 etiam
778 4097 918 4163 recubus
942 4097 1043 4162 divini
1066 4099 1210 4184 pectoris
1234 4099 1338 4163 almus

626 4199 716 4263 Exul
738 4199 779 4264 ab
802 4200 943 4266 humano
966 4203 1144 4289 expellitur
1167 4203 1246 4267 orbe
1270 4203 1344 4289 pius
1360 4205 1382 4284 ¹,

543 4302 691 4368 Plurima
713 4327 777 4390 qua
799 4327 939 4371 cernens
963 4307 1060 4372 seclis
1082 4313 1222 4372 ventura
1244 4307 1372 4390 futuris,

452 4427 488 4465 no
632 4408 725 4482 Quae
749 4410 792 4473 sit
814 4431 921 4496 poena
943 4411 1055 4492 malis,
1078 4411 1184 4496 gloria
1205 4433 1331 4496 quaeve
1355 4411 1460 4476 bonis.

543 4511 610 4576 Hic
632 4512 717 4576 liber·
739 4520 907 4578 extremus
931 4515 1112 4599 scripturae
1134 4515 1325 4579 inscribitur
1347 4516 1452 4580 almae

625 4613 756 4680 Divinis
779 4622 867 4682 totus
889 4619 1055 4703 mysteriis
1080 4618 1244 4685 redolens.

544 4717 639 4783 Haec
663 4726 739 4784 sunt
760 4719 846 4785 dona
868 4720 922 4785 dei
946 4722 1146 4786 caelestibus
1168 4721 1291 4806 inclyta
1313 4721 1414 4806 gazis,

514 4871 518 4882 .
627 4822 667 4888 in
689 4823 740 4888 his
762 4825 845 4904 vita,
876 4827 983 4906 salus,
1010 4827 1130 4912 gloria,
1160 4825 1305 4890 divitiae.

284 5126 335 5180 133
352 5130 392 5179 bis
402 5129 463 5179 add.
475 5145 568 5178 manus
577 5138 671 5194 poster.
688 5129 712 5178 V
789 5128 840 5181 135
849 5133 977 5196 Hymnica
989 5131 1030 5180 Br
1105 5129 1155 5182 137
1168 5131 1277 5182 mirabili
1296 5130 1388 5182 aedidit
1402 5129 1427 5178 V
1492 5127 1541 5180 141
1555 5132 1784 5199 paralipemenonis
1796 5131 1836 5182 Br

179 5224 250 5275 libell
265 5223 290 5273 V
385 5220 435 5274 147
453 5223 535 5290 legem
554 5241 619 5274 corr.
638 5224 703 5290 legis
722 5223 747 5272 V
806 5231 908 5276 uetusta
925 5223 949 5273 V
1050 5222 1100 5273 153
1118 5225 1238 5274 ueniente
1255 5224 1302 5274 deo
1319 5221 1343 5270 V
1456 5218 1507 5272 155
1519 5224 1640 5275 eaerubin
1658 5225 1686 5274 ira
1703 5242 1801 5275 recuro
1817 5225 1841 5274 V

181 5317 230 5369 159
256 5319 411 5385 apostolicus
427 5317 452 5367 V
474 5318 514 5368 liic
525 5319 587 5384 fierit
605 5319 743 5369 Harleiou.
891 5315 942 5369 160
961 5320 1080 5370 doxmata
1095 5317 1120 5367 V
1254 5315 1302 5368 161
1327 5316 1473 5383 perscripsit
1485 5315 1525 5366 Br
1663 5317 1712 5371 167
1737 5318 1837 5370 llicBr

181 5411 231 5464 168
249 5412 404 5481 pelliturBr
510 5410 560 5464 169
578 5431 643 5479 quas
660 5413 683 5462 V
783 5411 834 5463 170
851 5430 932 5480 paena
951 5413 974 5463 V
1039 5430 1104 5480 quae
1123 5430 1171 5464 uae
1185 5413 1209 5462 V
1308 5410 1357 5463 171
1375 5413 1441 5463 alme
1458 5409 1482 5460 V

284 5599 311 5666 1)
331 5597 374 5664 Cf.
386 5599 499 5652 Boedas
517 5614 615 5653 unaue
633 5599 667 5654 de
685 5600 790 5668 apocal.
804 5602 818 5653 l
832 5599 940 5668 (Bedae
952 5615 1015 5668 opp.
1034 5601 1074 5654 ed.
1086 5601 1161 5656 Gales
1171 5602 1196 5666 I,
1211 5601 1271 5667 193)
1292 5599 1361 5652 Exul
1379 5599 1415 5652 ab
1430 5598 1552 5652 humano
1565 5598 1631 5654 dum
1644 5599 1760 5670 pellitur
1771 5598 1837 5654 orbe

180 5703 324 5756 lohannes.

1575 5797 1630 5853 37*
