4538 6428
918 435 1144 491 PROOEMIUM.
1799 443 1854 501 101

314 609 377 674 IX.
418 610 495 674 077777
525 628 612 671 aureo
637 611 697 671 795
727 609 830 673 natali
858 609 977 672 donnini
1003 608 1194 672 Hadrianus
1217 609 1344 690 Ipapa
1371 610 1508 686 obiisset,
1541 610 1673 676 Carolus
1699 631 1756 673 rea
1782 630 1858 687 erim,

208 722 306 795 ‘quem
333 714 369 774 in
402 711 514 774 curicis
535 711 743 790 praecipuum
765 711 914 788 liobebat’,
936 731 1000 774 nou
1028 713 1127 775 solum
1149 711 1283 791 defleuit,
1311 719 1358 776 ‘ae
1380 713 1408 774 si
1428 713 1562 794 fratrem
1583 717 1640 776 aut
1664 713 1859 776 carissimum

205 817 310 897 filium
331 813 494 877 anasissct'
510 817 528 890 ¹,
551 833 656 876 cerum
676 816 769 878 etiam
792 814 992 897 ‘epitaphium
1022 816 1128 878 aureis
1156 816 1269 879 litteris
1294 817 1331 878 in
1357 835 1509 879 nmrmore
1537 817 1743 896 eorrscriptum
1767 815 1860 878 iussit

207 920 241 980 in
257 917 400 981 Francia
421 916 511 996 tic-ri’,
534 915 616 996 qnod
633 915 767 979 Romam
789 917 832 979 ad
852 918 1044 996 sepulturam
1067 919 1134 980 ciris
1156 919 1331 982 armandam
1354 919 1517 981 mitteret².
1561 918 1612 982 De
1633 918 1722 981 euius
1742 917 1860 997 lapidis

207 1021 297 1083 7777777
333 1017 536 1098 coeman-endo
563 1038 631 1080 crim
666 1023 819 1082 certamen
849 1019 931 1082 iuter
953 1025 1063 1100 poetas
1091 1022 1126 1083 in
1160 1021 1268 1086 Caroli
1289 1023 1415 1101 palatio
1444 1025 1601 1084 uersantes
1628 1025 1768 1084 77777777
1796 1039 1859 1083 osse

206 1123 357 1200 sidentia,
383 1121 542 1201 Tbeodulti
555 1119 652 1200 eleqia
664 1121 814 1201 (inferius
827 1121 960 1204 edendo)
976 1123 1151 1203 repudiato,
1174 1124 1332 1187 Atestinus
1340 1125 1485 1204 potniam
1505 1122 1578 1187 tulit
1591 1123 1716 1203 citusque
1730 1122 1860 1204 eloqinm

206 1226 263 1288 sub
284 1225 391 1291 Caroli
412 1224 536 1289 nornine
557 1223 671 1286 editum
689 1223 806 1286 Romae
829 1225 946 1287 tumulo
961 1224 1101 1288 additum
1118 1231 1171 1289 est.
1203 1226 1258 1289 Eu
1272 1247 1424 1291 marmore
1439 1227 1505 1306 ipso
1519 1224 1682 1288 ediderunt
1694 1223 1860 1288 Baronius

210 1329 313 1408 (Anu.
336 1328 405 1390 ecel.
429 1347 459 1389 a.
477 1329 537 1389 795
560 1345 593 1387 7.
610 1325 693 1398 XII,
716 1325 761 1391 ed.
788 1325 892 1390 Coton.
916 1327 978 1404 IX,
1002 1327 1090 1411 496),
1115 1330 1322 1409 maroelles
1344 1327 1550 1409 (Grabmdler
1571 1326 1627 1390 der
1647 1330 1722 1390 rbm.
1743 1325 1859 1406 Pdpste

201 1449 237 1506 p.
267 1431 343 1513 210)
372 1428 440 1493 olii.
502 1427 644 1491 Occurrit
677 1427 769 1490 777777
801 1429 837 1490 in
870 1430 1023 1494 calicibus
1056 1429 1291 1494 Parisiensibas
1314 1433 1397 1493 9347
1427 1449 1504 1493 saec.
1529 1425 1592 1492 IX.
1620 1425 1644 1507 i'.
1669 1433 1723 1508 49,
1755 1431 1858 1491 loson

208 1550 233 1596 s.
257 1531 299 1594 X.
321 1530 346 1609 f.
371 1531 432 1610 19,
455 1550 530 1612 quos
551 1532 617 1610 ipse
639 1532 765 1608 contuli,
791 1536 893 1596 16897
916 1553 940 1598 s.
954 1533 1039 1596 XII.
1061 1533 1085 1612 s.
1104 1533 1257 1612 332-34,
1281 1553 1340 1613 quo
1362 1550 1438 1594 risus
1460 1535 1504 1594 cst
1525 1533 1566 1596 A.
1583 1530 1745 1609 Molinier,
1767 1535 1859 1612 atque

206 1634 241 1695 iu
264 1633 362 1697 Pauli
384 1634 615 1697 continuatione
642 1636 734 1697 tertia
762 1635 836 1719 (SS.
859 1659 921 1698 777.
944 1637 1082 1719 Lanqob.
1102 1659 1136 1716 p.
1161 1637 1248 1721 214).
1301 1636 1391 1699 Inter
1414 1635 1545 1698 Alcuini
1576 1633 1719 1696 carmina
1746 1633 1858 1697 codicis

208 1756 293 1799 necne
330 1736 482 1816 deperditi
521 1737 709 1800 Bertiniani
750 1738 870 1801 incenit
915 1739 998 1803 illud
1036 1740 1246 1820 Quercetonus
1289 1738 1464 1818 (7777777777-
1495 1757 1563 1816 opp.
1597 1757 1631 1815 p.
1666 1738 1857 1812 1729-36,

205 1859 238 1906 n.
265 1838 353 1904 ooX
359 1838 503 1902 VII—X
509 1839 625 1920 VIII),
653 1859 794 1904 necnon
815 1841 992 1904 Frobenius
1013 1843 1049 1904 iu
1071 1841 1169 1906 ecdico
1193 1841 1227 1906 S.
1254 1841 1352 1904 Pauli
1373 1839 1627 1916 Ratisbonensis,
1656 1859 1695 1901 en
1723 1857 1858 1918 quesere

205 1941 338 2004 disticha
360 1941 444 2004 alias
467 1943 626 2022 incoqnila
647 1943 772 2006 addidit
793 1943 939 2022 (Aletrini
962 1966 1031 2024 opp.
1054 1945 1104 2022 II,
1127 1945 1213 2024 614.)

312 2053 353 2116 Χ.
381 2052 511 2118 Geroldi
528 2055 654 2130 coercitis,
681 2055 788 2120 Caroli
799 2055 915 2137 Maqni
936 2055 1056 2136 affinis,
1080 2057 1271 2136 epitaphium
1293 2055 1381 2118 mobis
1403 2053 1603 2130 tradiderant
1615 2052 1707 2117 777777
1719 2051 1752 2118 S.
1768 2052 1859 2117 Galli

207 2159 268 2220 699
285 2177 321 2235 p.
338 2159 379 2218 57
401 2175 426 2218 s.
442 2156 495 2232 Χ.,
517 2156 554 2218 dc
576 2178 636 2238 quo
658 2177 756 2237 snpra
779 2159 824 2242 (p.
850 2159 904 2242 31)
929 2159 993 2220 iam
1015 2159 1118 2236 retuli,
1141 2163 1170 2221 el
1190 2159 1284 2221 mdcn
1305 2156 1522 2220 Eiresidlensis
1545 2157 1607 2218 326
1630 2174 1655 2218 s.
1670 2155 1733 2218 IX.
1754 2154 1857 2234 [.97’,

205 2260 260 2338 qui
287 2259 430 2322 celebrem
458 2260 549 2324 illum
577 2261 715 2340 sqlloqrn
744 2261 982 2340 inseriptimium
1006 2242 1222 2324 Reatinorum
1248 2281 1270 2323 a
1299 2259 1445 2322 7777777777
1466 2259 1621 2340 Auqicnsi
1647 2261 1859 2337 comparatam

206 2362 349 2424 cont-iuet.
393 2362 448 2424 En
469 2361 525 2425 illo
551 2362 700 2426 Canisius
722 2361 818 2434 (Lect.
842 2367 907 2424 777.
938 2361 994 2439 VI,
1017 2363 1104 2443 565),
1126 2383 1214 2442 quem
1236 2363 1382 2443 Bouquet
1405 2361 1545 2445 (17777777
1573 2359 1700 2444 Vallo)
1723 2364 1753 2422 et
1773 2359 1859 2423 Nea—

203 2467 275 2544 qart
299 2462 489 2545 (Episcopat.
516 2465 675 2529 emeram.
701 2465 729 2540 I,
754 2468 807 2544 76)
831 2467 927 2528 secuti
954 2470 1042 2542 sient,
1069 2487 1108 2529 77·
1129 2467 1183 2529 boc
1207 2465 1263 2528 Tu.
1286 2464 1461 2528 Mommsen
1484 2463 1611 2548 (Rbein.
1637 2461 1726 2526 Mus.
1752 2461 1793 2525 N.
1817 2462 1856 2525 F.

163 2637 181 2648 .
206 2565 271 2642 IX,
301 2565 376 2647 299)
408 2566 538 2630 Geroldi
563 2566 693 2647 eloqiam
721 2567 756 2628 iu
786 2567 882 2630 lacem
909 2570 1124 2646 protulerunt:
1151 2573 1315 2647 utrumqne
1341 2566 1442 2630 777777
1468 2565 1594 2629 contuli.
1659 2564 1858 2629 Coniecturae

206 2667 393 2731 Ascbbacbii
420 2667 495 2744 (Rli.
522 2668 610 2732 Illas.
638 2668 709 2745 IX,
742 2670 833 2754 363),
869 2691 961 2749 quam
987 2671 1080 2750 prius
1101 2671 1250 2750 probari,
1279 2667 1516 2748 Walalrsridum
1538 2667 1721 2732 Strabonem
1751 2666 1860 2729 luorum

206 2789 348 2832 uersuum
369 2771 657 2849 7777777777771777,
684 2791 769 2834 77777
796 2772 851 2834 cia:
873 2775 1022 2835 assentiri
1050 2775 1155 2851 beline,
1176 2794 1251 2848 ,cum
1279 2772 1481 2848 necessitudo,
1509 2791 1588 2852 qima
1616 2770 1700 2834 inter
1729 2768 1858 2836 Geroldi

205 2871 396 2952 epitaphium
423 2873 580 2952 locumque
609 2875 740 2936 cisionis
768 2874 913 2952 Wettini,
944 2876 998 2938 ubi
1027 2875 1063 2940 de
1092 2877 1177 2940 obitu
1201 2877 1268 2939 circs
1295 2876 1414 2956 aqitnr,
1443 2894 1507 2938 non
1536 2877 1626 2937 tanta
1655 2872 1728 2950 sit³,
1756 2875 1792 2934 ut
1817 2871 1858 2934 ab

207 2973 308 3038 codem
330 2979 453 3038 auctore
476 2975 558 3039 illud
576 2977 730 3056 prodiisse
754 2977 827 3040 inde
849 2978 1067 3042 concludamus
1090 2984 1235 3059 oporteat.

314 3085 376 3148 XI.
413 3085 468 3148 En
497 3086 595 3150 codice
623 3087 802 3152 Parisiensi
832 3093 952 3169 13166,
987 3090 1141 3170 quondam
1166 3090 1199 3155 S.
1226 3090 1378 3154 Gerenoni
1401 3088 1491 3152 Prot.
1515 3091 1588 3152 661.
1617 3091 1636 3151 2
1663 3087 1687 3167 s.
1714 3086 1774 3168 75’,
1804 3087 1859 3167 qui

205 3188 327 3251 saeuilo
355 3187 452 3253 VIII.
476 3210 524 3250 77.
548 3190 595 3252 777
618 3190 680 3254 IX.
712 3191 838 3254 inolente
861 3193 996 3271 scriptus
1012 3192 1201 3272 psalterium
1227 3192 1436 3255 Tironianam
1457 3192 1603 3268 continet,
1632 3190 1763 3253 editores
1785 3189 1860 3252 libri

207 3289 357 3353 Noaoeau
380 3291 476 3354 traite'
495 3291 531 3352 de
552 3290 774 3372 diplomaticus
797 3292 874 3370 III,
900 3295 986 3357 362⁴
1007 3315 1114 3358 uersus
1136 3294 1264 3358 sedecim
1282 3293 1370 3373 prelo
1392 3294 1556 3370 dedorunt,
1586 3291 1698 3372 quibus
1714 3292 1858 3372 picturae

207 3413 228 3455 a
251 3393 394 3457 Gautone
416 3391 549 3472 quodam
578 3394 687 3457 abbate
713 3397 816 3475 sactae
843 3397 1047 3460 celebrantur.
1099 3398 1247 3478 Quantuis
1279 3397 1316 3460 de
1333 3397 1490 3462 ‹Gautone
1518 3395 1601 3459 nibil
1625 3395 1755 3458 aliunde
1780 3413 1857 3458 77777-

206 3499 328 3574 pertum
348 3494 509 3572 habemus,
531 3497 687 3560 eeclesiam
708 3498 748 3562 ab
770 3519 804 3562 eo
825 3499 999 3563 decoratam
1013 3498 1204 3562 Meldensem
1224 3500 1323 3579 sciisse
1344 3520 1383 3561 77
1403 3518 1447 3578 eo,
1470 3498 1552 3579 qnod
1572 3502 1680 3561 777777
1700 3497 1858 3561 Faroncm

207 3598 380 3677 episcopum
401 3597 592 3662 Meldensem
614 3601 731 3664 saccali
759 3601 836 3665 VII.
860 3603 1041 3682 alloquitur,
1064 3601 1194 3665 editores
1215 3604 1294 3665 recte
1315 3601 1436 3680 meinati
1458 3605 1542 3664 sant.
1591 3599 1744 3678 07777777,
1768 3601 1857 3664 euius

207 3699 373 3782 imaqincm
395 3699 473 3764 liber
495 3701 548 3765 ille
570 3700 725 3784 (Plancbc
743 3709 783 3768 54
806 3724 838 3770 n.
861 3704 942 3788 VII)
965 3703 1054 3768 nobis
1076 3703 1204 3781 exbibet,
1226 3703 1327 3767 denuo
1348 3704 1478 3768 contulit
1498 3705 1538 3768 A.
1551 3703 1706 3768 Molinier
1727 3703 1762 3767 V.
1777 3703 1824 3768 Ol.

1022 3960 1049 4024 I.

551 4085 897 4158 EPYTAPHIA
933 4086 1245 4160 CIVITATIS
1284 4087 1519 4161 ΡΑΡΙΑΕ.

1028 4224 1036 4266 7

576 4304 630 4368 Μ7
654 4305 717 4368 sibi
740 4307 927 4391 praeclarus
951 4306 1065 4371 doctor
1087 4307 1222 4370 nutrivit
1245 4307 1410 4370 alumnum

574 4407 723 4471 Aulestis
745 4407 873 4488 Petrus,
897 4408 1081 4474 Ticinensis
1105 4411 1209 4494 gloria
1232 4409 1337 4496 plebis
1348 4411 1371 4488 ⁵,

279 4624 309 4692 ΙΙ]
345 4645 375 4679 en
393 4629 447 4678 cod.
467 4629 587 4680 Palatino
605 4629 658 4682 833
677 4631 719 4696 (C)
733 4635 759 4699 s.
778 4629 820 4692 44,
838 4633 882 4682 ubi
898 4649 998 4682 cereum
1019 4631 1031 4682 1
1051 4634 1139 4682 matus
1157 4634 1231 4699 Epyt.
1252 4633 1382 4684 antecedit.

311 4781 337 4842 1)
356 4780 490 4835 Einbarli
508 4783 536 4838 V.
551 4782 644 4836 Caroli
662 4784 702 4836 M.
715 4799 736 4836 c.
751 4785 790 4846 19,
810 4784 846 4850 cs.
865 4783 1006 4848 Tlecodnlti
1027 4784 1142 4838 Corml.
1156 4784 1244 4848 mm
1263 4785 1410 4839 713-16.
1489 4785 1599 4851 ⁶2)Ann.
1612 4784 1792 4838 Laureslram.
1807 4783 1856 4836 796

209 4883 274 4946 (SS.
286 4883 309 4946 1,
322 4882 375 4948 36),
396 4883 513 4939 Simeon.
532 4886 658 4940 Dunelm.
677 4885 728 4939 794
746 4885 871 4952 (I'orsclt.
889 4901 910 4940 7.
931 4886 968 4939 D.
988 4886 1084 4940 (777777.
1103 4887 1176 4951 XII,
1193 4887 1269 4954 153);
1292 4887 1434 4955 Tbcodulf.
1457 4887 1545 4942 Coun.
1564 4888 1625 4950 III,
1643 4886 1660 4940 2
1679 4903 1703 4940 e.
1722 4887 1803 4940 1-2:

689 4990 780 5041 Aurea
798 4989 941 5042 funereum
960 4989 1120 5057 complectit
1138 4989 1234 5045 litters
1252 5006 1361 5044 cannen

757 5073 849 5128 Verba
867 5077 948 5128 tonat
965 5075 1057 5128 fulvus
1076 5078 1104 5128 et
1122 5075 1267 5129 lacrimosa
1285 5076 1367 5130 color.

208 5177 235 5230 37
256 5177 391 5231 Geroldus
413 5178 468 5230 iam
490 5180 525 5232 ab
544 5179 661 5232 Hcitone
678 5178 749 5231 inter
768 5181 877 5232 sanctos
900 5184 1068 5240 numeratur,
1091 5179 1128 5245 cf.
1153 5179 1289 5234 Visionem
1304 5179 1417 5233 Wcttini
1435 5178 1593 5247 prosaicam
1611 5177 1763 5245 (1177777777
1786 5179 1857 5230 Acta

210 5279 263 5332 SS.
288 5297 359 5334 saec.
384 5280 436 5343 IV,
462 5282 485 5344 1,
507 5282 587 5348 271);
614 5281 653 5334 De
681 5281 794 5335 Gerolto
822 5281 908 5335 etium
936 5279 1077 5348 quondum
1105 5281 1205 5335 comite
1235 5281 1307 5334 dixit
1337 5281 1411 5334 idem
1440 5279 1568 5349 angelus,
1600 5280 1674 5348 quod
1702 5279 1732 5332 in
1759 5279 1855 5348 requie

209 5385 280 5436 esset
298 5383 404 5452 gloriae
422 5387 574 5452 martyrum
592 5385 771 5452 adaequatus.
808 5385 879 5447 Zela,
898 5384 1036 5452 inquiens,
1054 5383 1099 5437 dei
1118 5383 1147 5437 in
1160 5383 1319 5437 defensione
1331 5385 1443 5437 mactae
1456 5381 1587 5436 ecclesiae
1599 5381 1753 5436 infidelium
1766 5383 1855 5438 turbis

208 5503 377 5556 congressus.
397 5488 556 5556 temporalis
570 5487 644 5541 vitae
663 5487 809 5557 dispendia
827 5489 869 5541 est
886 5503 991 5556 passus,
1010 5485 1073 5540 ideo
1090 5488 1220 5539 aeternae
1229 5484 1305 5538 vitae
1323 5487 1365 5538 est
1377 5484 1516 5554 particeps
1529 5485 1627 5539 luctus.
1697 5486 1724 5553 4)
1736 5487 1778 5553 Cf.
1789 5487 1855 5540 ibid.

204 5607 234 5658 p.
254 5589 305 5640 110
321 5605 347 5641 7.
368 5588 396 5640 l:
415 5605 453 5640 un
471 5587 518 5642 des
536 5588 598 5658 plus
616 5589 706 5642 beuux
724 5606 885 5644 monumens
904 5590 938 5643 de
951 5588 1163 5659 Tachygruphie
1180 5587 1311 5650 romnine,
1330 5586 1378 5655 qui
1396 5587 1452 5641 soit
1469 5603 1504 5641 en
1521 5588 1637 5658 Europe.
1706 5587 1734 5656 5)
1753 5589 1855 5643 Petrus

212 5692 364 5746 Ticinuuis
376 5691 525 5760 episcopm,
543 5693 625 5747 cuius
637 5691 806 5761 epileptiam
822 5694 873 5746 boc
889 5693 1074 5764 subsequitur.
