4694 6428
1147 429 1296 487 auem!
1315 425 1490 486 cauma

912 607 1005 680 Quae
1027 630 1114 672 nunc
1137 629 1202 672 non
1224 607 1319 670 libuit
1341 626 1439 670 versu
1461 625 1653 690 percurrere
1676 613 1803 668 cuncta.

912 712 980 775 Sed
1002 713 1138 775 strictim
1162 710 1321 795 quaedam
1340 710 1528 794 properanti
1544 717 1680 791 tangere
1695 708 1832 792 plectro.

911 815 953 878 Et
977 816 1081 898 gestis
1104 815 1216 877 titulos
1239 815 1353 898 paucis
1375 813 1557 897 praefigere
1579 813 1692 874 musis.

912 918 965 982 Ad
987 938 1184 1003 prosamque
1212 938 1322 980 meum
1344 917 1501 979 lectorem
1523 917 1656 978 mittere
1677 915 1832 999 primam:

910 1021 983 1083 Illic
1005 1021 1151 1084 inveniet
1173 1021 1236 1082 iam
1260 1019 1389 1104 plenius
1412 1019 1520 1081 omnia
1543 1027 1636 1101 gesta

909 1124 1080 1188 Pontificis
1102 1124 1222 1208 magni.
1245 1122 1397 1196 studium,
1419 1120 1616 1184 documenta
1638 1120 1796 1204 magistri.

910 1227 1119 1310 Progeniem.
1140 1227 1252 1303 vitam,
1275 1245 1395 1288 mores.
1418 1232 1626 1306 mentemque
1645 1223 1831 1306 benignam.

910 1329 1141 1412 Devotumque
1163 1328 1225 1392 deo
1248 1349 1378 1413 semper
1400 1348 1456 1391 cor
1478 1328 1628 1390 omnibns
1650 1326 1749 1389 horis.

841 1461 855 1490 υ
909 1433 1057 1516 Legibus
1079 1433 1113 1495 in
1136 1433 1238 1494 saeris
1259 1430 1422 1495 meditans
1443 1439 1622 1514 noctesque
1645 1428 1793 1513 diesque.

846 1556 910 1599 xiv.
976 1535 1065 1599 Ecce
1087 1535 1149 1599 dco
1173 1557 1266 1598 carus
1290 1535 1422 1620 praesul
1445 1535 1508 1596 iam
1529 1543 1677 1617 tempore
1693 1531 1832 1616 quodam

911 1638 1109 1724 Temptabat
1130 1660 1191 1723 per
1212 1660 1248 1702 se
1272 1636 1434 1721 quoddam
1462 1636 1667 1719 confringere
1690 1635 1800 1698 lanum
1812 1637 1832 1697 ¹.

911 1741 985 1805 Hoc
1008 1763 1146 1805 cernens
1170 1741 1248 1804 idoli
1270 1749 1392 1818 custos.
1416 1761 1592 1803 succensus
1614 1741 1648 1802 in
1670 1739 1728 1802 ira.

910 1843 1145 1927 Pontificisque
1168 1849 1267 1928 caput
1288 1841 1397 1926 gladio
1420 1842 1582 1926 percussit
1605 1851 1712 1904 acuto.

842 1970 855 2006 s
915 1946 982 2011 Sed
1005 1946 1086 2010 nihil
1109 1968 1153 2010 er
1174 1948 1243 2010 ictu
1266 1947 1370 2009 sensit
1392 1946 1442 2008 rir
1464 1945 1608 2008 vulneris
1631 1943 1748 2006 almus.

912 2050 1018 2124 Quem
1040 2051 1174 2114 soluere
1197 2051 1248 2113 sui
1271 2050 1407 2112 comites
1429 2047 1581 2111 occidere
1604 2048 1732 2111 statim:

911 2153 1010 2218 Hunc
1033 2161 1142 2218 tamen
1166 2153 1287 2237 cripuit
1308 2153 1398 2215 mitis
1421 2149 1463 2214 de
1485 2157 1590 2214 morte
1613 2149 1777 2214 sacerdos.

910 2253 974 2326 Qui
997 2256 1059 2319 luit
1080 2263 1231 2340 arreptus
1254 2256 1392 2318 miseras
1415 2275 1492 2316 mox
1514 2252 1655 2337 denique
1678 2273 1813 2338 poenas.

909 2357 1056 2442 Postque
1078 2357 1149 2422 dics
1172 2367 1283 2421 ternas
1305 2358 1407 2421 sitam
1429 2357 1535 2420 finivit
1556 2377 1709 2419 amaram.

840 2489 853 2518 υ
916 2459 1036 2545 Sicque
1059 2483 1136 2526 suos
1160 2469 1291 2525 sanctos
1313 2459 1464 2524 Christus
1486 2461 1657 2523 ulciscitur
1676 2461 1773 2523 ultro.

856 2583 910 2626 rr.
977 2562 1057 2647 Egit
1076 2564 1140 2628 iter
1160 2562 1324 2648 quondam
1352 2562 1557 2626 venerandus
1585 2562 1669 2626 forte
1697 2562 1833 2626 riator2.

912 2665 985 2738 Qua
1008 2687 1045 2729 se
1067 2687 1128 2753 per
1150 2675 1281 2750 segetes
1304 2665 1438 2751 propior
1459 2666 1524 2728 iam
1548 2666 1664 2728 semita
1687 2663 1782 2727 duxit
1874 2743 1877 2748 Ι

911 2767 994 2831 Cum
1019 2769 1117 2832 sociis
1140 2770 1250 2840 etiam,
1274 2770 1379 2832 tenuit
1401 2789 1483 2852 quas
1505 2767 1597 2832 diues
1620 2789 1755 2831 auarus:

911 2870 974 2935 Cui
997 2880 1149 2956 segetum
1172 2881 1282 2936 custos
1305 2873 1424 2936 callem
1447 2872 1622 2957 prohibere
1646 2872 1787 2936 volebat.

840 2998 853 3034 a
909 2975 1056 3039 Plurima
1078 2977 1285 3041 conclamans
1310 2983 1421 3038 sancto
1445 2976 1591 3039 convicia
1613 2976 1732 3040 verbis.

912 3078 983 3142 Nec
1006 3100 1071 3142 non
1093 3079 1239 3162 augebat
1260 3079 1356 3142 lactis
1380 3078 1556 3163 obprobria
1579 3079 1668 3143 diris.

915 3177 979 3251 Qui
1002 3179 1135 3244 divertit
1159 3181 1230 3258 iter,
1254 3201 1318 3263 qua
1341 3200 1376 3242 se
1399 3180 1452 3241 ria
1474 3179 1605 3264 publica
1628 3187 1801 3244 monstrat:

912 3281 994 3346 Mor
1015 3284 1101 3368 perit
1123 3282 1239 3346 infelix
1262 3282 1396 3346 delusor
1417 3282 1491 3346 luce
1514 3282 1669 3350 secunda.

912 3384 983 3448 Iam
1005 3386 1082 3469 quia
1105 3406 1171 3448 nou
1193 3385 1302 3448 timuit
1326 3405 1420 3448 servo
1442 3383 1638 3450 maledicere
1662 3385 1792 3450 Christi.

847 3510 912 3553 xri.
978 3487 1065 3551 Dum
1089 3487 1198 3550 divina
1220 3488 1294 3571 pius
1317 3487 1469 3551 caelestis
1493 3488 1617 3551 semina
1639 3489 1726 3552 ritae

913 3591 1076 3677 Spargere
1100 3612 1161 3676 per
1182 3591 1301 3654 multas
1324 3599 1558 3674 properaverat
1580 3592 1693 3655 accola
1722 3599 1834 3656 terras.

911 3693 1069 3758 Peruenit
1091 3714 1153 3778 qua
1178 3693 1222 3756 nil
1247 3692 1379 3756 steriles
1402 3693 1465 3756 nisi
1487 3694 1596 3777 gignit
1617 3695 1756 3760 harenas

912 3796 1095 3861 lnsecunda
1121 3796 1182 3860 soli
1205 3797 1333 3881 species
1356 3817 1458 3880 prope
1482 3797 1576 3860 litora
1599 3799 1701 3883 ponti.

843 3923 855 3958 s
913 3898 986 3971 Qua
1001 3920 1061 3964 nec
1078 3899 1183 3963 dulcis
1199 3919 1304 3983 aquae
1321 3899 1453 3962 inventa
1470 3906 1520 3963 ost
1537 3901 1723 3966 sitientibus
1738 3900 1835 3965 unda.

910 4002 971 4066 Vir
993 4004 1128 4088 cupiens
1152 4009 1285 4067 sanctus
1308 4003 1406 4065 sociis
1430 4023 1621 4068 succurrere
1644 4003 1752 4068 fessis.

916 4104 1064 4170 Iusserat
1086 4112 1122 4170 ut
1145 4106 1292 4169 lacerent
1314 4105 1399 4168 intra
1422 4106 1564 4169 tentoria
1586 4106 1718 4170 fossam.

910 4205 983 4279 Quo
1006 4209 1092 4273 facto
1116 4210 1248 4294 praesul
1271 4209 1376 4272 solum
1400 4230 1435 4272 se
1460 4209 1623 4273 clauserat
1645 4210 1744 4273 intus.

911 4309 955 4374 Et
977 4312 1118 4396 genibus
1142 4312 1217 4375 fixis
1240 4311 1391 4374 lacrimas
1414 4311 1571 4375 fundebat
1593 4333 1721 4377 amaras

764 4473 770 4484 ,
830 4437 854 4472 ιο
912 4413 999 4478 Ante
1013 4412 1122 4492 deum,
1134 4414 1261 4478 dulcem
1274 4433 1360 4496 ,quae
1376 4434 1454 4476 mox
1470 4434 1619 4478 meruere
1634 4414 1694 4479 scd
1704 4414 1834 4479 undam.

910 4515 1072 4579 Produxit
1096 4516 1204 4581 subito
1227 4515 1351 4578 fontem
1373 4515 1464 4599 prius
1488 4514 1579 4579 arida
1601 4517 1709 4596 tellus,

912 4617 964 4682 De
987 4639 1051 4702 quo
1075 4618 1233 4704 potabant
1257 4618 1337 4682 socii
1361 4638 1537 4701 secumque
1559 4617 1719 4698 ferebant,

911 4720 1057 4806 Indiguit
1078 4728 1233 4806 quantum
1258 4720 1387 4784 steriles
1411 4721 1464 4783 ria
1486 4726 1582 4805 cepta
1604 4743 1664 4806 per
1685 4743 1793 4807 agros.

836 4843 911 4888 xvu.
978 4822 1161 4888 Occurrere
1183 4823 1237 4887 dei
1261 4822 1381 4886 famulo
1404 4831 1456 4886 ter
1477 4823 1561 4887 forte
1584 4825 1732 4906 quaterni

595 5119 779 5183 8mentecque
802 5117 927 5182 benignas
948 5117 971 5166 G
1094 5116 1105 5179 ΙΙ
1135 5113 1203 5181 [xiv]
1231 5129 1265 5165 xv
1291 5116 1315 5164 G
1332 5117 1375 5166 ubi
1402 5124 1426 5167 ct
1452 5117 1479 5165 in
1504 5117 1662 5180 remoratur
1687 5118 1798 5182 capritum
1823 5116 1937 5166 numeris
1963 5131 2096 5174 errem·
2127 5137 2179 5178 m,

492 5201 596 5270 2quod
622 5205 707 5254 anirna
730 5201 756 5250 U
888 5199 972 5252 {rbod
995 5203 1037 5252 uir
1060 5203 1197 5268 precipuus
1223 5218 1270 5252 nec
1295 5203 1375 5253 sarmit
1398 5203 1439 5253 uel
1461 5203 1520 5253 leuc
1538 5201 1635 5252 uulnus
1661 5203 1684 5252 G
1769 5203 1805 5252 nil
1823 5201 1849 5252 U
1927 5245 1929 5249 .
1985 5203 2126 5264 Strenuo
2153 5215 2184 5264 (μ’

496 5305 575 5354 penas
595 5289 618 5338 0
741 5286 753 5348 11
774 5283 828 5352 [xv]
848 5283 862 5334 1
883 5287 1004 5351 pergebat
1027 5289 1153 5351 quondam
1177 5286 1203 5335 U
1302 5285 1451 5353 2proprior
1467 5287 1499 5336 W
1509 5286 1535 5336 U
1632 5285 1796 5354 dprohibire
1818 5288 1850 5336 W
1956 5287 2128 5350 beorruitin
2152 5303 2181 5352 G

491 5369 500 5434 l
524 5370 588 5438 [rvr]
610 5370 732 5422 2occola
755 5371 780 5418 U
906 5368 923 5420 3
945 5371 1038 5421 sterilis
1063 5371 1086 5420 G
1176 5390 1267 5424 areum
1290 5372 1315 5421 U
1436 5369 1626 5435 dlnsqcundas
1647 5373 1670 5422 G
1738 5374 1812 5424 litore
1833 5373 1855 5422 G
1975 5374 2127 5435 fimetis
2152 5389 2180 5438 θ

493 5453 672 5507 ‘ltectoriadl
777 5452 811 5507 10
825 5455 1011 5520 dulcemque&
1080 5473 1195 5508 meruere
1216 5458 1328 5508 secunde
1343 5457 1368 5506 U
1469 5454 1614 5508 13steri1u
1633 5457 1658 5506 U
1722 5458 1830 5524 ceptuG
1944 5457 1956 5522 ΙΙ
1979 5459 2062 5530 [xvu]
2082 5468 2096 5519 l
2113 5481 2179 5524 tum

493 5543 558 5592 forto
577 5539 602 5586 ῘῘ

601 5706 627 5770 l)
651 5706 681 5758 in
698 5706 793 5758 insuta
817 5703 985 5768 ualeam,
1003 5706 1040 5773 cs.
1059 5706 1115 5760 Ic.
1136 5710 1177 5762 14.
1281 5709 1309 5774 ’2)
1336 5722 1427 5776 prope
1449 5707 1571 5760 cellulam
1591 5710 1732 5763 b'ucstrom
1756 5709 1940 5774 (ducalem),
1968 5717 2011 5782 cs.
2033 5721 2057 5774 Ι
2080 5739 2108 5779 c.
2130 5730 2178 5784 15,
