4612 6420
1006 399 1228 454 ANGILBERTI
1247 399 1423 454 clausus.

786 572 838 638 Tu
860 579 970 660 portes
994 573 1116 653 Effoth,
1140 594 1332 659 sacrumque
1356 573 1515 638 altaribus
1536 573 1648 658 ignem
1658 574 1679 654 ¹,

706 696 731 736 so
790 675 857 742 Orc
880 677 947 763 poli
970 678 1094 742 elavem
1118 683 1229 762 portas
1252 677 1468 762 manibusque
1492 678 1651 763 capellae,

787 779 838 843 Tu
859 781 1016 866 populum
1037 780 1190 866 precibus
1214 779 1364 845 defendis
1388 801 1518 866 semper
1541 780 1582 844 ab
1606 780 1711 846 hoste.

762 882 905 970 “Surge,
928 884 1011 950 meis
1035 884 1119 948 caris
1142 883 1255 948 dulces
1278 883 1341 965 fao,
1363 884 1484 964 fistula,
1506 906 1632 951 versus.

786 985 913 1052 Thirsis
936 993 1024 1052 amat
1046 1007 1172 1066 versus,
1195 986 1340 1052 dicamus
1364 988 1506 1053 carmine
1531 988 1673 1068 Thirsin,

763 1088 901 1172 =Ardua
924 1093 1045 1177 quippe
1068 1089 1149 1154 fides
1173 1097 1292 1156 canuto
1314 1091 1439 1156 vertice
1462 1091 1567 1176 fulget
1575 1091 1597 1172 ²,

707 1211 732 1252 ss
788 1192 909 1277 Fulget
931 1215 1022 1258 amor
1045 1193 1176 1260 Thirsin
1198 1199 1398 1280 quapropter
1420 1202 1553 1281 pectore
1576 1216 1668 1280 puro.

786 1296 885 1364 Alma
906 1297 988 1364 fides
1012 1297 1145 1362 Thirsin
1167 1298 1267 1363 faciet
1289 1319 1419 1383 quoque
1442 1298 1572 1364 Davide
1596 1319 1715 1364 carum.

789 1400 906 1485 Surge,
929 1402 1012 1482 meis
1037 1402 1121 1466 caris
1146 1392 1256 1466 dulces
1278 1401 1341 1482 fac,
1362 1402 1483 1482 fistula,
1505 1423 1630 1467 versus.

784 1503 911 1568 Uvidus
934 1504 1101 1569 imbrifero
1125 1504 1236 1568 veniet
1258 1503 1299 1569 de
1322 1510 1431 1570 monte
1454 1504 1655 1585 Menalcas³,

788 1608 834 1672 Ut
857 1609 946 1693 legat
967 1609 1028 1672 hos
1051 1630 1165 1673 versus
1189 1610 1283 1674 aulae
1308 1607 1488 1693 condignus
1512 1629 1632 1689 amore,

707 1731 732 1770 ro
789 1709 919 1796 Dignus
942 1732 1033 1776 amor
1055 1712 1167 1776 rutilat
1191 1718 1336 1776 vatorum
1361 1712 1394 1776 in
1418 1710 1515 1776 eorde
1538 1711 1698 1777 Menalce.

790 1811 906 1898 Surge,
929 1815 1012 1879 meis
1036 1815 1119 1880 caris
1143 1814 1256 1879 dulces
1279 1815 1341 1886 fac,
1364 1815 1484 1896 fistula,
1507 1837 1633 1880 versus.

875 1916 1018 1998 Cartula,
1042 1938 1135 1982 curre
1158 1917 1254 1982 modo
1277 1939 1337 2004 per
1359 1939 1452 1982 sacra
1473 1918 1596 2005 palatia
1617 1918 1735 2000 David,

790 2019 898 2106 Atque
922 2023 1036 2085 humili
1060 2023 1186 2087 cunctis
1210 2022 1293 2086 caris
1315 2022 1367 2087 fer
1388 2043 1468 2087 voce
1493 2025 1641 2104 salutem,

787 2123 888 2189 Basia
909 2124 990 2189 dans
1013 2123 1100 2190 dulci
1120 2125 1339 2192 modulamine
1363 2148 1492 2213 semper
1515 2129 1638 2207 amicis,

707 2247 732 2286 rs
788 2225 898 2312 Atque
921 2229 988 2293 mei
1009 2227 1117 2293 David
1139 2229 1279 2315 pedibus
1303 2236 1466 2316 prostrata
1489 2252 1641 2296 camenas

788 2329 868 2394 Mox
890 2331 1041 2416 expande
1064 2339 1149 2412 tuas,
1173 2332 1284 2398 decies
1308 2333 1359 2398 dic
1383 2335 1472 2398 mille
1497 2335 1630 2416 salutes,

789 2432 898 2517 Atque
921 2433 1042 2520 pedum
1065 2434 1178 2519 digitis
1202 2435 1244 2500 da
1266 2436 1360 2500 basia
1383 2435 1492 2500 dulcia
1515 2439 1626 2502 sacris.

790 2536 845 2600 sio
868 2543 901 2600 te
924 2543 1015 2601 verte
1038 2537 1120 2601 meis
1144 2538 1229 2602 caris
1252 2539 1399 2624 proferre
1425 2540 1574 2618 salutem,

789 2637 899 2723 Atque
922 2640 1106 2724 puellarum
1130 2661 1276 2705 cameras
1300 2661 1455 2726 percurre
1479 2641 1637 2720 canendo,

707 2763 732 2800 eo
789 2741 833 2805 Et
854 2748 931 2827 peta
954 2749 1062 2807 caetra
1083 2744 1198 2828 primo,
1223 2750 1322 2826 carta,
1346 2744 1529 2810 clarissima
1551 2745 1645 2823 luli⁴,

788 2844 832 2908 Et
854 2844 906 2908 dic
929 2845 1136 2910 multimodas
1161 2847 1272 2911 iuveni
1294 2868 1354 2933 per
1377 2849 1520 2913 carmina
1542 2849 1666 2932 laudes.

788 2947 832 3010 Et
856 2948 903 3011 sic
926 2947 966 3011 ad
991 2970 1116 3013 sacram
1139 2950 1233 3013 eitius
1256 2957 1334 3015 tunc
1358 2973 1452 3017 curre
1478 2952 1648 3038 capellam,

788 3054 964 3118 Pacificam
988 3061 1087 3140 utque
1111 3056 1197 3120 feras
1222 3058 1349 3121 cunctis
1373 3059 1407 3121 in
1430 3079 1486 3122 ore
1511 3059 1659 3122 salntem.

789 3156 834 3220 Et
855 3157 1049 3243 quicumque
1073 3158 1134 3222 tibi
1156 3167 1306 3225 occurrat
1328 3183 1387 3247 per
1409 3168 1511 3226 strata
1532 3161 1649 3242 fidelis,

707 3280 733 3318 es
788 3259 859 3340 Vir,
882 3266 975 3346 pater
998 3268 1054 3325 aut
1075 3261 1177 3326 frater
1198 3263 1320 3345 forsan,
1343 3264 1545 3350 iuvenesque
1570 3284 1744 3349 senesque,

789 3361 927 3449 Semper
949 3363 984 3426 in
1007 3384 1063 3428 ore
1087 3364 1174 3428 feras
1199 3373 1359 3430 sacratam
1382 3368 1474 3452 pacis
1498 3367 1617 3431 olivam
1628 3368 1650 3446 ⁵,

787 3464 851 3528 Dic
874 3471 922 3530 et:
947 3464 1123 3531 ‘Homerus
1149 3473 1237 3531 amat
1259 3475 1402 3532 vestram
1425 3470 1596 3555 persocia
1619 3470 1769 3534 salntem.

787 3566 857 3631 Vos
881 3565 962 3630 dens
987 3570 1192 3655 omnipotens
1217 3592 1347 3657 semper
1369 3579 1542 3636 conservet
1563 3572 1695 3657 ubique,

787 3669 834 3734 Te
852 3691 982 3756 quoqne
999 3720 1122 3737 ........
1141 3673 1302 3755 Christus,
1324 3676 1442 3756 David,
1468 3683 1641 3740 conservet
1662 3676 1696 3739 in
1711 3697 1815 3740 evum.

708 3795 732 3835 oo
792 3772 901 3837 David
923 3795 1015 3839 amor
1037 3783 1159 3852 noster,
1181 3777 1289 3842 David
1312 3800 1411 3865 super
1433 3779 1542 3844 omnia
1564 3800 1669 3844 carus.

787 3876 894 3941 David
917 3885 1005 3942 amat
1030 3885 1133 3959 vates,
1156 3887 1305 3944 vatorum
1328 3889 1380 3946 est
1402 3883 1507 3967 gloria
1529 3881 1647 3947 David.

787 3979 892 4044 David
917 3989 1005 4046 amat
1028 3981 1206 4065 Christum,
1231 3984 1381 4050 Christus
1405 3993 1457 4051 est
1480 3986 1584 4071 gloria
1606 3983 1723 4050 David.

873 4086 955 4151 Post
977 4087 1070 4168 haec,
1094 4096 1193 4166 carta,
1218 4090 1282 4154 cito
1305 4090 1416 4155 hortos
1439 4090 1603 4176 percurris
1627 4110 1793 4170 amoenos,

790 4187 872 4252 Oum
894 4191 1028 4275 pueris⁶
1051 4212 1132 4275 qnos
1156 4192 1221 4254 iam
1244 4192 1394 4258 habitare
1418 4193 1547 4257 solebat
1568 4192 1745 4258 Homerus.

709 4311 734 4351 es
792 4290 898 4355 Cerne
923 4293 1091 4358 salutifero
1115 4294 1267 4380 pulchros
1292 4294 1332 4360 de
1355 4296 1502 4380 gramine
1525 4297 1632 4374 flores,

527 4548 560 4601 59
579 4568 629 4617 que
647 4549 708 4600 cdd.
721 4549 809 4602 Decea
885 4548 919 4601 63
936 4552 1048 4602 carnrina
1065 4551 1146 4615 MR,
1164 4554 1275 4604 carmine
1302 4553 1422 4604 Walteob.
1503 4551 1656 4620 especiem
1674 4553 1795 4604 nostroR
1871 4551 2076 4616 usulensem,

422 4638 538 4688 madidus
548 4637 596 4688 Fr.
700 4639 818 4689 Menalce
828 4637 859 4687 M
868 4638 893 4688 R
998 4635 1032 4688 70
1048 4646 1108 4690 nato
1125 4641 1152 4689 in
1163 4639 1219 4689 MR
1321 4637 1355 4690 74
1373 4641 1502 4691 molimine
1511 4640 1537 4690 R
1653 4642 1750 4691 amicus
1761 4639 1796 4689 M
1908 4636 1941 4688 'id
1958 4639 2036 4689 dicias
2046 4637 2081 4687 M

422 4720 453 4774 77
472 4723 556 4774 bassin
573 4722 608 4772 M
717 4720 749 4773 78
767 4724 832 4774 cans
850 4723 912 4774 add.
931 4724 986 4790 Fr,
1006 4742 1054 4775 om,
1075 4724 1144 4774 ΗΜ
1253 4723 1287 4775 80
1304 4733 1373 4777 carta
1390 4725 1483 4776 addidi
1594 4724 1626 4776 81
1646 4727 1757 4778 carmine
1769 4725 1803 4775 M
1911 4720 1945 4774 82
1963 4721 2079 4774 sacraM

422 4807 456 4860 84
473 4827 518 4876 pro
536 4816 614 4860 strata
623 4809 654 4858 M
739 4806 774 4860 85
791 4812 884 4861 lorsam
895 4811 931 4860 M
1014 4809 1047 4862 87
1066 4819 1091 4862 et
1109 4811 1171 4861 adst
1190 4811 1279 4862 Doocu
1366 4809 1398 4862 91
1417 4820 1490 4863 uates
1507 4812 1605 4877 reliqua
1614 4808 1647 4862 M
1719 4807 1753 4861 92
1771 4811 1895 4862 christum
1912 4817 1941 4860 ut
1959 4826 2037 4876 supra
2046 4807 2081 4857 M

421 4890 456 4945 94
473 4910 551 4960 quam
572 4894 624 4945 iam
635 4894 712 4960 MR,
739 4912 804 4961 quos
822 4895 909 4946 Dooeu
987 4894 1021 4946 95
1032 4897 1176 4947 salutiferos
1194 4896 1220 4946 Β
1294 4897 1401 4962 pulchro
1418 4896 1491 4961 MR,
1513 4897 1633 4964 pulchros
1650 4915 1717 4949 corr.
1736 4895 1824 4948 Dooeu
1892 4897 2035 4963 gremmine
2046 4893 2081 4944 M

491 5077 518 5144 1)
537 5077 552 5129 1
571 5075 638 5145 Req.
655 5076 681 5141 2,
699 5077 734 5131 28
751 5077 825 5147 elegi
843 5095 906 5132 eum
990 5081 1022 5131 ut
1040 5119 1046 5131 .
1066 5118 1072 5130 .
1091 5081 1217 5147 portaret
1234 5077 1325 5147 ephod
1343 5095 1434 5132 coram
1452 5096 1504 5132 me.
1590 5079 1618 5146 2)
1634 5077 1677 5145 Of.
1696 5077 1730 5132 de
1747 5077 1838 5132 eodem
1855 5094 1943 5147 supra
1961 5094 1992 5147 p.
2010 5079 2075 5141 246;

425 5178 568 5246 thcdulfi
591 5180 997 5250 carm.111v.123(p.185
1022 5180 1062 5234 ed.
1081 5181 1232 5248 Siromnd):
1262 5180 1419 5250 Regalique
1441 5181 1542 5235 throno
1565 5181 1660 5235 calvus
1683 5179 1729 5235 hic
1750 5181 1870 5251 irupiger
1895 5181 1995 5234 adstet.
2031 5180 2076 5234 Dc

421 5282 623 5351 Mogansredo‚
650 5285 906 5354 temerariumque,
924 5284 1000 5353 loqui
1020 5283 1138 5353 uidetur,
1156 5285 1205 5354 qui
1222 5300 1295 5339 anno
1312 5283 1365 5339 800
1382 5287 1495 5338 exeunte
1513 5285 1670 5354 insapiens
1688 5285 1882 5340 Beneuentano
1900 5284 1968 5339 obiit
1986 5285 2075 5351 (Moe.

421 5385 529 5440 Alassio.
543 5402 574 5455 p.
592 5385 651 5450 318,
668 5384 734 5451 422,
752 5386 824 5454 584).
893 5386 921 5455 3)
945 5387 1022 5456 Verq.
1041 5387 1102 5442 Ecl.
1122 5388 1159 5456 X,
1178 5388 1213 5441 20
1230 5387 1336 5442 Uvidus
1353 5387 1470 5441 hiberna
1488 5387 1567 5442 venit
1584 5388 1619 5442 de
1637 5387 1740 5458 glande
1755 5389 1908 5452 Menalcas,
1933 5387 2075 5456 lluscdals.

422 5488 513 5542 uam.
531 5488 598 5558 III,
619 5489 668 5544 181
688 5489 824 5544 Pomiflua
846 5490 931 5545 solers
947 5490 1045 5544 veniat
1065 5491 1099 5545 de
1121 5490 1185 5545 sede
1207 5490 1355 5545 Menalcas.
1394 5491 1439 5545 De
1458 5491 1598 5557 Menalca,
1621 5491 1715 5561 regiae
1736 5508 1847 5546 messae
1861 5492 2021 5560 praeposito
2038 5490 2075 5559 cs.

420 5608 510 5661 supra
533 5610 564 5662 p.
582 5593 634 5646 246
659 5609 685 5647 n.
708 5593 732 5647 6.
836 5595 863 5662 4)
891 5595 1046 5664 Pipps'aua
1082 5595 1176 5650 Caroli
1202 5595 1242 5648 M.
1267 5594 1349 5663 filius
1375 5595 1614 5664 secundogenitus,
1648 5597 1686 5663 cf.
1714 5612 1802 5664 supra
1826 5612 1856 5668 p.
1878 5594 1930 5649 237
1956 5611 1983 5649 a.
2001 5592 2075 5648 XII.

421 5697 448 5763 5)
469 5694 562 5752 Genea.
582 5697 611 5761 8,
630 5697 662 5749 11
687 5699 802 5766 portans
825 5715 931 5752 remum
956 5698 1046 5754 olivae
1066 5739 1092 5751 ..
1111 5697 1141 5752 in
1159 5715 1205 5752 oro
1223 5715 1280 5752 suo.
1351 5699 1377 5766 6)
1395 5698 1425 5751 id
1443 5701 1484 5752 est
1502 5698 1567 5764 liliis
1584 5697 1652 5756 soto.
