4554 6434
754 424 802 478 AD
821 423 1019 480 CREDULUM
1037 423 1083 480 ET
1103 423 1209 481 ALIOS
1227 423 1369 480 AMlCOS.

1052 635 1073 680 n

654 717 682 782 0
706 717 833 803 quando
857 718 991 804 optandi
1012 721 1122 784 veniat
1144 719 1223 782 mihi
1246 725 1374 805 tempus
1398 720 1527 799 amoris,

654 820 791 893 Quando
816 821 878 886 erit
900 822 958 885 illa
979 821 1060 900 dies,
1084 843 1149 906 qua
1172 870 1179 885 .
1204 870 1211 884 .
1236 870 1243 884 .
1267 829 1299 888 te
1324 844 1457 888 eernere
1481 822 1614 909 possim,

653 923 681 988 Ο
705 923 824 988 dilecte
849 923 921 1005 deo,
945 924 1060 988 studiis
1085 945 1103 988 o
1128 926 1215 988 clara
1237 926 1400 1006 iuventus,

654 1026 703 1090 Sit
727 1027 788 1091 tibi
811 1027 887 1106 vita,
911 1029 998 1091 salus
1022 1027 1162 1092 feliciter
1187 1049 1282 1093 omne
1306 1050 1366 1114 per
1388 1049 1496 1103 evum;

652 1128 702 1192 Sit
725 1128 824 1193 decus
846 1136 879 1194 et
900 1130 1040 1212 bonitas,
1064 1137 1173 1194 tecum
1196 1137 1229 1194 et
1252 1132 1414 1217 sapientia
1434 1151 1574 1216 semper,

652 1233 703 1297 Sit
725 1232 828 1296 honor
851 1239 884 1297 et
907 1233 1032 1312 cultus,
1055 1234 1126 1296 laus
1150 1232 1273 1297 Christi
1296 1240 1330 1299 et
1352 1235 1457 1320 gloria
1478 1239 1596 1298 tecum.

1043 1457 1072 1500 nr

650 1538 721 1602 Hos
746 1560 823 1624 ergo
847 1542 1025 1606 versiculos
1049 1547 1157 1605 tecum
1180 1542 1237 1623 ier,
1262 1542 1362 1606 frater
1383 1544 1498 1624 amice,

735 1640 787 1705 Sis
809 1663 945 1724 memor,
969 1664 1059 1728 rogc,
1082 1644 1148 1708 mei
1170 1651 1207 1708 ut
1231 1665 1361 1731 semper
1383 1646 1480 1709 amici
1502 1646 1558 1712 tui.

601 1792 609 1800 .
652 1745 717 1808 Per
741 1766 884 1831 campos,
908 1746 1020 1826 colles,
1044 1747 1142 1810 silvas
1165 1754 1198 1812 et
1220 1748 1352 1812 flumina
1374 1769 1516 1835 pergens

736 1847 875 1934 Semper
896 1851 959 1913 iter
982 1847 1131 1914 Christus
1154 1857 1305 1936 protegat
1329 1873 1404 1916 ecce
1428 1859 1530 1918 tuum.

655 1950 847 2017 Sanctorum
869 1953 1021 2038 precibus
1046 1974 1177 2039 semper
1199 1955 1268 2018 sine
1292 1955 1355 2019 fine
1379 1956 1486 2020 valeto

732 2054 776 2120 Et
798 2078 884 2121 nunc
908 2062 940 2120 et
964 2077 1103 2142 semper,
1127 2055 1232 2121 duleis
1256 2059 1360 2122 amice
1383 2058 1467 2124 vale.

964 2255 965 2258 '
1046 2283 1075 2325 ιν

650 2364 811 2430 Carminis
832 2365 887 2430 hie
910 2366 1008 2428 finem
1031 2365 1173 2429 lacrimis
1198 2366 1355 2430 faciemus
1380 2367 1513 2447 obortis,

650 2468 789 2533 Pectore
813 2467 871 2533 sed
893 2490 1067 2554 numquam
1091 2470 1189 2533 finem
1212 2469 1369 2534 faciemus
1392 2471 1521 2535 amoris.

649 2570 821 2635 Flentibus
845 2572 906 2636 hoc
930 2572 1032 2636 oculis
1056 2593 1196 2652 carmen,
1219 2573 1403 2654 karissime,
1427 2573 1554 2658 scripsi,

648 2672 809 2752 Flumina,
833 2674 941 2754 eredo,
964 2676 1036 2760 pius
1060 2676 1265 2740 lacrimarum
1287 2675 1436 2739 Christus
1460 2674 1573 2739 ocellis

649 2775 839 2862 Abstergat,
853 2783 997 2842 vestrum
1021 2778 1119 2842 iaciat
1142 2799 1269 2863 quoque
1288 2798 1423 2842 eernere
1436 2778 1572 2858 vultum,

649 2878 741 2944 Tunc
764 2881 826 2946 erit
848 2881 904 2944 illa
931 2879 1020 2962 dies,
1056 2881 1184 2966 placido
1208 2903 1271 2966 qua
1293 2888 1426 2968 pectore
1450 2887 1572 2946 consto.

1045 3109 1064 3149 v

648 3185 733 3268 Hoc,
758 3187 849 3268 deus,
874 3189 1013 3252 inlecto
1038 3189 1146 3252 fautor
1170 3189 1225 3268 sis,
1250 3208 1359 3273 posco,
1387 3187 1530 3269 cubanti,

732 3289 884 3355 Dormiat
906 3298 942 3355 ut
963 3297 1065 3371 tutus,
1089 3290 1230 3370 Christe,
1254 3291 1313 3355 sub
1336 3290 1454 3354 umbra
1476 3295 1543 3370 tua,

648 3391 699 3457 Ne
723 3393 787 3456 sibi
810 3394 968 3480 subripiat
989 3394 1051 3458 hac
1073 3393 1125 3457 fur
1147 3399 1324 3458 nocturnus
1347 3394 1381 3456 in
1404 3393 1479 3472 aula

730 3496 780 3560 Ae
805 3496 866 3560 sibi
880 3486 935 3560 'sis
957 3497 1108 3582 proprius
1134 3517 1277 3581 semper,
1299 3502 1337 3559 ut
1359 3503 1455 3581 opto,
1475 3494 1571 3559 deus:

649 3597 799 3683 Namque
814 3600 878 3662 tuis
894 3599 1025 3663 famulis
1041 3598 1144 3662 latum
1159 3605 1204 3678 tu,
1228 3597 1369 3678 Christe,
1384 3619 1444 3684 per
1458 3596 1571 3661 orbem

732 3701 834 3766 Fidus
856 3701 935 3766 ades
959 3708 1079 3781 custos,
1103 3723 1163 3765 rex
1186 3700 1259 3788 pius
1283 3707 1380 3785 atque
1403 3705 1506 3785 pater.

1045 3929 1075 3971 vr

648 4010 734 4092 Huc,
758 4012 903 4092 conviva,
927 4018 1018 4075 tuum
1042 4010 1125 4074 fidus
1148 4009 1334 4074 transmitte
1358 4008 1554 4088 ministrum,

731 4113 767 4177 Si
789 4115 838 4178 vis
861 4113 1066 4195 dulciferunr,
1090 4113 1194 4178 dulcis
1218 4113 1335 4192 amice,
1358 4132 1495 4176 merum.

647 4216 740 4298 Esto,
763 4239 888 4303 precor,
910 4219 997 4283 letus
1019 4218 1081 4282 hae
1104 4218 1154 4280 vir
1175 4215 1379 4282 venerandus
1402 4217 1436 4281 in
1459 4217 1544 4297 aula,

730 4320 815 4385 Nam
838 4322 899 4386 tibi
921 4327 972 4386 sat
994 4342 1174 4408 properans
1197 4319 1308 4385 dulcia
1330 4321 1405 4384 vina
1428 4319 1524 4386 dabo.

578 4444 590 4480 s
650 4422 735 4487 Mira
757 4430 868 4489 tamen
892 4425 1017 4488 cunctis
1042 4423 1146 4488 dicam
1170 4444 1253 4509 quae
1277 4423 1338 4488 rite
1362 4425 1522 4508 ministro,

729 4525 825 4600 Quod
847 4535 980 4613 gustare
1004 4548 1132 4592 merum
1154 4548 1230 4607 non,
1254 4526 1460 4607 mihicrede,
1484 4528 1574 4592 lieet.-

900 4661 1208 4670 —.—-.-.-—.—---——

645 4833 755 4914 Adsis,
780 4833 921 4916 Christe,
945 4834 1046 4921 dapes
1069 4836 1146 4900 hino
1168 4857 1254 4899 nunc
1277 4835 1472 4902 benedicere
1497 4845 1654 4926 sumptas,

727 4937 772 5001 Ut
797 4937 917 5002 satient
939 4937 1079 5002 famulos
1102 4937 1228 5022 fercula
1250 4939 1314 5002 ista
1336 4943 1420 5002 tuos.
1631 4935 1634 4940 ’

334 5129 611 5136 -...-——----—--——-
620 5130 674 5134 -„
681 5129 743 5134 -——
776 5129 849 5134 --—-·---
856 5129 1214 5135 ——-——-—·—-—-—-·--—·-
1222 5129 1771 5140 ——·—-—·-—-—-——...-—-.—

312 5263 323 5327 ΙΙ
336 5262 372 5329 [u]
392 5264 419 5314 bi
435 5281 523 5315 cereas
540 5273 678 5329 sequuntur
695 5266 723 5314 r'n
740 5263 898 5315 Pometinae
916 5267 981 5316 aeris
1071 5263 1088 5316 6
1106 5267 1193 5316 christi
1211 5267 1267 5317 laus
1290 5266 1317 5317 Τ,
1334 5283 1421 5318 verm
1438 5283 1482 5318 rex
1499 5267 1543 5331 qui
1559 5267 1627 5317 burro
1644 5268 1671 5316 in
1694 5267 1719 5316 Τ
1731 5276 1884 5332 sequantur:

229 5351 321 5400 Omnia
353 5368 418 5416 quae
452 5351 536 5402 cernis
555 5351 673 5416 -quod
707 5359 774 5402 reete
808 5352 898 5402 seceris
931 5352 985 5417 ipse
1020 5352 1119 5408 omum,
1148 5351 1210 5416 aaa
1237 5369 1291 5402 cca
1320 5352 1426 5402 Aletrini
1454 5351 1499 5402 scu
1527 5351 1636 5418 Errqemi
1670 5352 1786 5404 Toletani
1816 5361 1882 5404 sunt.

230 5435 239 5502 ll
260 5434 304 5500 [ru]
323 5453 354 5486 es
371 5436 395 5485 Τ
403 5453 432 5501 p.
446 5434 479 5486 52
498 5438 532 5502 cf.
552 5445 633 5501 supra
647 5454 674 5502 p.
687 5434 738 5488 265
824 5436 921 5504 2rogo
939 5438 1032 5488 addidi
1128 5435 1140 5500 ll
1173 5435 1666 5504 liv]1,2aborisT(mprcp.241)
1753 5435 1889 5490 almer

228 5518 356 5572 ⁴locellas
373 5539 439 5571 corr.
458 5521 485 5570 in
500 5521 533 5571 lis
549 5521 575 5570 Τ
667 5521 815 5574 buestram
831 5523 857 5572 T
967 5521 978 5586 ΙΙ
1002 5521 1040 5590 [ν]
1055 5540 1086 5572 ex
1103 5523 1127 5572 Τ
1135 5521 1208 5588 po3
1311 5521 1461 5576 2Dcrmiat
1477 5523 1502 5572 Τ
1583 5520 1677 5575 3auia
1693 5523 1721 5588 Τ,
1739 5525 1799 5576 aula
1810 5525 1882 5575 Wac.

208 5605 246 5656 ·6
259 5616 319 5672 post
337 5615 408 5673 pater
426 5608 537 5672 spatium
553 5608 630 5658 anias
649 5609 731 5660 lineae
748 5627 855 5659 eamcam
873 5610 989 5659 relictum
1007 5617 1049 5660 est.
1166 5608 1178 5672 ll
1199 5606 1243 5674 lvi]
1262 5607 1277 5659 l
1296 5610 1441 5659 ministrum
1458 5625 1584 5675 superem.
1602 5610 1653 5660 sats
1670 5609 1695 5658 Τ
1794 5609 1810 5662 6
1823 5619 1884 5676 port

229 5692 289 5741 licet
306 5692 418 5756 aequarer
435 5700 537 5759 sumpta
553 5709 663 5744 erasum
683 5696 793 5760 epatium
810 5696 886 5745 unius
904 5696 987 5746 lineae
1003 5711 1112 5744 courum
1128 5694 1243 5745 relictum
1261 5703 1302 5745 est.
1420 5696 1431 5759 ΙΙ
1453 5691 1505 5760 [vu]
1524 5692 1541 5744 2
1559 5695 1651 5745 satiant
1675 5694 1700 5744 Τ

1625 5787 1679 5840 a*
