4694 6428
747 409 835 464 VITA
857 409 988 466 SANCTI
1006 411 1255 465 WILLIBRORDI
1274 411 1303 465 L.
1317 412 1350 466 Π.

634 582 699 656 Qui
722 589 852 647 nostros
875 585 995 668 poterit
1017 583 1170 669 precibus
1193 585 1342 650 relevare
1365 584 1506 664 dolores,

635 683 671 748 Si
693 685 759 748 ianr
782 684 879 750 corde
902 686 957 771 pio
981 685 1130 750 lacrimas
1154 685 1350 751 effundimus
1373 687 1451 768 illio,

555 809 578 844 10
635 786 708 860 Quo
731 794 825 873 pater
847 789 1001 873 egregius
1025 795 1152 854 sacrato
1177 810 1313 876 corpore
1336 797 1463 876 pausat.

560 907 635 952 xxx.
703 890 835 955 Interea
857 892 976 956 mulier
998 894 1075 956 totis
1098 893 1268 978 paralitica
1290 892 1446 960 menbris.

635 990 806 1056 Continuis
830 1013 962 1078 semper
984 995 1130 1079 septenis
1153 994 1282 1078 languit
1305 995 1407 1072 annis,

635 1093 761 1159 Tabida
783 1117 843 1160 nee
867 1097 969 1160 valuit
991 1096 1143 1182 quicquid
1167 1096 1231 1161 sibi
1253 1097 1390 1161 menbra
1410 1118 1558 1163 movere:

634 1195 758 1260 Ultima
780 1198 836 1262 vix
859 1201 1002 1263 moriens
1026 1199 1167 1284 suspiria
1190 1198 1288 1263 eorde
1311 1199 1473 1263 trahebat.

566 1321 578 1356 ⁵
635 1300 723 1365 Ante
747 1300 801 1366 dei
824 1302 929 1366 sancti
952 1323 1070 1388 corpus
1094 1308 1223 1388 portata
1246 1302 1383 1381 iacebat,

633 1403 814 1469 Effundens
838 1406 988 1488 lacrimas
1011 1405 1100 1470 fessa
1121 1426 1194 1469 cum
1217 1426 1298 1469 voce
1321 1411 1483 1490 tepentes.

636 1506 713 1571 Sola
735 1506 817 1571 fides
840 1508 954 1592 viguit,
977 1529 1076 1593 posse
1099 1529 1231 1594 sperare
1255 1509 1417 1572 salutem¹

634 1611 700 1675 Per
722 1611 879 1675 famulum
903 1611 1036 1692 Christi,
1059 1633 1121 1676 nec
1145 1633 1181 1676 se
1204 1633 1281 1698 spes
1303 1613 1377 1699 ipsa
1399 1612 1527 1676 fefellit.

635 1713 721 1779 Ecce
745 1721 881 1801 repente
905 1716 994 1779 salus
1016 1716 1134 1780 leviter
1156 1737 1216 1801 per
1238 1716 1385 1781 membra
1407 1715 1559 1796 cucurrit,

555 1840 578 1876 10
637 1818 759 1902 lgneus
782 1825 880 1903 atque
904 1820 993 1883 calor
1014 1840 1114 1884 venas
1138 1819 1261 1883 afflavit
1283 1827 1425 1904 apertas,

634 1922 775 1985 Ossibus
799 1927 833 1986 et
855 1923 964 1985 nervis
988 1921 1091 1986 virtus
1114 1921 1200 1986 redit
1222 1923 1345 2006 inclyta
1367 1923 1503 1986 cunetis.

636 2024 786 2090 Surrexit
808 2025 927 2089 mulier
948 2031 1018 2088 toto
1040 2046 1118 2088 mox
1141 2046 1278 2111 corpore
1301 2047 1427 2110 sospes,

633 2129 743 2213 Atque
759 2127 890 2192 domum
905 2128 1046 2213 propriis
1062 2128 1208 2213 gaudens
1232 2150 1267 2194 se
1283 2150 1413 2194 currere
1429 2129 1558 2214 plantis,

634 2231 726 2304 Quae
749 2233 839 2318 prius
861 2232 997 2296 alterius
1018 2232 1179 2316 languens
1200 2239 1347 2314 portetur
1369 2234 1410 2298 ab
1433 2233 1527 2297 ulnis.

549 2359 636 2402 xxxa
702 2337 790 2402 Ecce
803 2336 933 2422 quidam
948 2337 1076 2402 iuvenis
1090 2337 1196 2402 valido
1213 2338 1370 2422 languore
1386 2360 1559 2424 perennes

635 2440 722 2518 Heu,
747 2441 866 2504 multos
891 2438 1011 2510 doluit:
1038 2441 1131 2504 nervi
1155 2440 1210 2504 vix
1239 2441 1368 2506 ossibus
1391 2441 1559 2522 haerent²,

634 2543 838 2608 Intremuere
861 2543 958 2607 simul
981 2544 1090 2607 vexati
1114 2543 1258 2629 corporis
1281 2549 1381 2608 artus.
1498 2581 1502 2586 .

635 2645 706 2711 Ceu
729 2653 826 2732 eaput
848 2647 997 2710 avulsum
1020 2645 1160 2712 vidisses
1182 2647 1305 2712 vertice
1329 2668 1465 2726 summo,

566 2774 578 2808 s
636 2749 690 2814 Sic
714 2749 787 2830 huc,
811 2750 857 2812 sie
879 2750 957 2813 illuc
981 2748 1097 2813 dextra
1119 2750 1257 2834 levaque
1280 2741 1438 2815 rotatum:

636 2851 743 2938 Saepe
767 2852 866 2916 etiam
888 2852 988 2916 iacuit
1010 2853 1146 2915 multam
1169 2853 1344 2917 moriturus
1360 2855 1406 2917 in
1436 2853 1559 2919 horam.

633 2955 700 3020 Iste
724 2956 825 3019 miser
846 2956 921 3020 talis
944 2954 1021 3019 fidei
1045 2977 1119 3019 cum
1140 2962 1276 3041 pectore
1299 2956 1391 3021 firmo

632 3058 779 3123 Venerat
805 3058 990 3138 ecclesiam,
1014 3059 1164 3123 manibus
1188 3058 1347 3124 deductus
1371 3061 1495 3141 amicis,

631 3161 669 3226 In
693 3182 757 3246 qua
779 3161 942 3246 pontilicis
965 3162 1075 3246 magni
1098 3162 1153 3248 pia
1174 3162 1322 3227 membra
1345 3165 1527 3249 quiescunt,

552 3287 577 3324 ιο
632 3265 763 3349 Proque
787 3265 892 3328 salute
916 3285 976 3328 sua
998 3265 1149 3329 lacrimas
1172 3265 1330 3330 fundebat
1353 3288 1489 3331 amaras.

631 3367 736 3441 Quem
760 3388 838 3432 mox
860 3367 984 3432 audivit
1006 3368 1194 3432 miserantis
1217 3369 1323 3452 gratia
1346 3367 1478 3444 Christi,

634 3471 678 3535 Et
700 3471 846 3536 rediviva
869 3472 958 3535 salus
981 3492 1040 3558 per
1063 3472 1199 3536 menbra
1222 3472 1363 3536 cucurrit
1384 3473 1515 3558 ubique,

634 3573 873 3659 Convaluitque
898 3575 967 3639 viro
990 3595 1164 3638 nervorum
1187 3574 1307 3638 flexilis
1330 3574 1420 3655 ordo,

630 3677 756 3762 Inrepit
779 3699 855 3741 ossa
878 3677 973 3762 vigor
995 3677 1073 3740 totis
1097 3677 1265 3761 virtusque
1288 3676 1451 3743 medullis.

550 3804 573 3839 rs
630 3780 784 3845 Adstanti
806 3782 926 3867 populo
951 3780 1078 3844 eunctis
1102 3779 1312 3844 cernentibus
1335 3781 1390 3845 ille
1415 3787 1467 3846 est

630 3882 807 3948 Incolomis
831 3884 939 3948 subito
962 3883 1079 3963 factus,
1103 3903 1141 3946 ac
1164 3882 1280 3948 robore
1303 3883 1397 3947 fortis

630 3985 781 4050 Perrexit
804 4008 914 4067 sanus,
938 4007 1001 4071 quo
1025 4007 1060 4050 se
1085 4007 1144 4050 sua
1167 3991 1244 4050 vota
1265 3986 1432 4050 ferebant:

632 4088 857 4175 Omnipotenti
882 4089 944 4154 deo
968 4097 1079 4174 gretes
1104 4088 1145 4153 ob
1169 4088 1254 4153 dona
1277 4090 1392 4153 salutis

632 4191 769 4278 Semper
781 4215 883 4278 agens
898 4193 1039 4274 Christo,
1053 4191 1184 4257 Christo
1200 4194 1282 4274 laus,
1298 4193 1403 4278 gloria
1419 4216 1560 4281 semper.

532 4315 630 4359 xxxa.
695 4296 819 4361 Altaria
843 4297 974 4362 iuvenis
998 4302 1151 4382 corrupta
1173 4303 1284 4360 mente
1308 4296 1466 4378 minister,

631 4397 724 4462 Clam
746 4400 856 4486 rapuit
878 4399 1007 4484 quidam
1031 4399 1136 4464 sancti
1159 4399 1295 4463 donaria
1318 4401 1443 4487 templi,

631 4501 770 4566 Tollitur
792 4525 830 4567 ae
855 4523 953 4567 saevo
976 4501 1139 4588 quaedam
1163 4524 1245 4567 crux
1267 4524 1368 4568 aurea
1389 4504 1488 4580 furtu,

631 4602 736 4675 Quam
760 4605 882 4670 Christi
905 4606 1046 4670 famulus
1070 4627 1180 4670 secum
1203 4612 1334 4691 portare
1359 4607 1498 4688 solebat,

561 4731 573 4765 s
630 4707 717 4772 Dum
740 4709 812 4794 pins
836 4710 905 4795 egit
927 4710 990 4774 iter
1013 4708 1143 4773 Christo
1168 4709 1347 4774 comitante
1370 4711 1485 4784 viator,

629 4811 810 4897 Relliquias
833 4819 968 4898 propter
989 4813 1108 4877 multas
1136 4834 1217 4898 quas
1242 4812 1353 4877 condit
1373 4813 1407 4877 in
1430 4814 1496 4880 illa.

631 4914 711 4980 Mox
734 4922 898 4980 tormenta
920 4916 981 4979 luit
1004 4915 1139 4980 sceleris
1162 4921 1391 5001 praesumptor
1413 4915 1559 5002 iniquus:

315 5209 332 5260 s
353 5212 484 5262 nostrae
604 5210 615 5274 11
646 5207 722 5277 [xxx]
741 5207 756 5258 1
775 5209 913 5276 paralytica
939 5209 1060 5260 monna
1080 5209 1103 5260 c
1240 5208 1257 5259 3
1287 5211 1386 5262 naara
1412 5227 1478 5262 aa.
1505 5211 1533 5262 a
1559 5212 1657 5278 raptu
1684 5213 1726 5278 W,
1752 5215 1826 5264 nam
1846 5216 1869 5266 e

213 5295 388 5360 quicquamG
474 5295 492 5347 8
509 5297 610 5348 fellito
696 5293 730 5346 10
738 5295 843 5346 colorG
931 5295 942 5359 ΙΙ
955 5291 1041 5360 [xxxi]
1061 5292 1130 5346 lan
1148 5294 1170 5345 U
1221 5296 1344 5362 languere
1359 5297 1393 5345 W
1474 5296 1491 5350 5
1508 5299 1648 5349 dexteraG
1735 5297 1752 5350 6
1769 5301 1834 5368 Sepe
1846 5303 1870 5352 G

213 5381 323 5432 multum
339 5381 372 5429 W
424 5383 450 5432 in
469 5381 556 5432 cccli
658 5379 676 5433 8
693 5383 765 5433 uenit
782 5383 814 5432 etl
835 5380 860 5430 U
962 5377 1100 5431 101'roe
1205 5378 1238 5432 14
1255 5383 1320 5448 repit
1338 5383 1364 5432 in
1382 5382 1407 5432 U
1508 5381 1542 5435 15
1559 5385 1674 5435 Aestanti
1689 5385 1719 5450 G,
1736 5388 1829 5438 astanti
1848 5388 1873 5438 U

214 5464 316 5516 18-19
327 5483 427 5533 semper
437 5485 517 5534 agens
529 5469 630 5519 Christo
642 5477 727 5534 grates
739 5469 772 5519 cb
783 5469 850 5518 dona
862 5467 952 5518 salutis
969 5465 995 5515 U
1082 5463 1115 5517 19
1129 5467 1230 5518 Christo
1241 5483 1344 5518 crcmm
1356 5469 1431 5518 estin
1447 5469 1479 5518 W
1572 5469 1583 5534 ΙΙ
1604 5466 1697 5536 [xxxu]
1715 5468 1816 5523 3lurtu
1832 5474 1869 5538 W,

213 5552 254 5603 hic
271 5561 298 5601 ul
315 5569 397 5618 supra
416 5552 439 5615 Ι,
458 5557 502 5616 30,
519 5557 587 5604 furto
599 5554 622 5603 G
636 5554 661 5602 U
761 5552 778 5604 4
796 5554 899 5605 sedebat
919 5553 943 5604 0
1045 5550 1062 5603 5
1079 5569 1139 5603 cum
1162 5552 1187 5602 U
1287 5551 1304 5604 6
1321 5554 1451 5620 Reliquias
1471 5555 1534 5608 GU
1633 5552 1649 5606 7
1668 5556 1718 5606 luis
1730 5560 1826 5611 scelere
1846 5561 1869 5611 0

318 5721 345 5788 1)
366 5720 409 5788 Cs.
434 5719 738 5791 Verp.11m.11,3hl.
809 5721 836 5788 2)
862 5721 940 5790 Verp.
959 5721 1022 5775 Ecl.
1041 5719 1103 5786 111,
1123 5721 1181 5775 102.

285 5820 388 5868 l‘osran
399 5831 484 5869 narrar
496 5831 555 5868 sarr
567 5819 693 5870 Cancnrrc
705 5821 725 5869 l.
1615 5819 1650 5873 28
