4936 6406
841 415 889 470 DE
901 414 1017 470 REBUS
1036 412 1256 468 MORALIBUS.

587 593 632 658 Ut
655 599 766 658 tamen
788 592 845 657 illa
865 589 948 654 nihil
971 589 1024 655 cui
1046 587 1204 653 manserit
1226 587 1342 652 hemia
1363 590 1511 673 prosunt,

671 695 819 781 Cumque
842 695 933 772 liunt,
956 699 1062 758 totum
1084 690 1233 779 perditur
1255 689 1337 757 illud
1359 711 1457 778 opus:

587 799 642 866 Sic
666 798 825 887 deperdet
848 819 930 886 opus
954 797 1015 862 tibi
1038 797 1104 882 qui,
1129 795 1299 861 simulator
1320 794 1442 880 inique,

666 900 827 977 Quiddam
849 902 941 966 nisus
965 901 1028 966 erit
1049 898 1216 964 insinuare
1238 898 1325 964 boni.

503 1028 529 1068 rs
585 1007 738 1092 Denique
761 1027 822 1072 rex
844 1004 976 1092 sapiens
1001 1024 1075 1069 cum
1097 1003 1238 1089 plurima
1260 1001 1382 1068 dixerit
1403 1002 1511 1082 istinc,

568 1101 573 1106 ’
665 1112 739 1177 Hoc
762 1131 863 1176 unum
886 1109 1031 1196 exempli
1052 1128 1177 1195 ponere
1201 1114 1290 1172 sorte
1312 1105 1405 1172 libet.

589 1215 625 1281 Si
648 1221 805 1281 contusus
828 1214 893 1279 erit
913 1213 1001 1300 pilce
1025 1212 1059 1277 in
1081 1211 1244 1297 vertigine
1267 1211 1386 1276 stultus

667 1316 714 1382 Ut
734 1316 794 1398 far,
817 1316 976 1402 segnities
998 1335 1065 1379 non
1088 1334 1148 1378 sna
1170 1314 1297 1399 linquet
1320 1313 1420 1378 eum¹.

585 1421 699 1487 Verba
721 1420 812 1486 ducis
834 1420 940 1507 posui,
963 1438 1083 1505 ponam
1105 1415 1183 1502 quid
1206 1417 1329 1482 rustica
1350 1415 1466 1502 plebes

505 1546 531 1585 so
675 1525 725 1591 Re
748 1525 835 1592 bene
858 1523 900 1589 de
922 1523 981 1588 tali
1003 1521 1114 1588 dicere
1137 1541 1238 1608 saepe
1261 1521 1362 1586 solet:

584 1627 659 1693 Non
681 1627 792 1694 lacere
813 1628 877 1692 hoc
898 1647 971 1704 usu,
987 1645 1060 1690 ,uon
1082 1624 1222 1690 verbere
1246 1622 1366 1709 quibis,
1389 1629 1426 1688 ut
1447 1642 1591 1706 unquam

667 1730 763 1796 Bubo
786 1731 830 1796 sit
852 1729 1019 1816 accipiter,
1042 1727 1097 1813 qui
1120 1733 1212 1814 petat
1234 1747 1345 1812 ungue
1368 1746 1477 1812 grues,

585 1833 695 1920 thue
718 1839 811 1898 tuum
833 1833 986 1913 officium,
1009 1830 1118 1918 eape²,
1142 1832 1253 1898 vultur
1274 1831 1381 1918 possit
1403 1829 1538 1909 habere,

664 1937 727 2002 Est
748 1937 825 2022 quia
846 1934 958 2001 tardus
968 1935 992 2015 ³,
1015 1933 1111 2016 edax,
1133 1935 1232 2021 inque
1256 1933 1407 2001 vehendo
1430 1933 1550 2019 gravis.

503 2063 528 2103 ss
589 2040 728 2107 Discere
750 2040 841 2104 nulla
863 2038 953 2125 cupit
974 2037 1070 2119 bone,
1094 2037 1154 2103 sed
1176 2038 1264 2103 mala
1285 2036 1414 2102 discere
1436 2040 1564 2114 ennete,

667 2143 729 2208 Vis
752 2164 811 2208 eur
830 2141 894 2207 hoc
916 2140 1017 2206 faeiat
1039 2140 1192 2206 discere?
1215 2143 1332 2206 stultus
1354 2140 1452 2206 inest.

584 2248 651 2313 Hic
673 2248 757 2313 Iuda
777 2247 880 2335 peior,
903 2247 1020 2313 melior
1042 2252 1087 2325 te,
1109 2247 1220 2328 Petro,
1242 2245 1347 2312 rideri

668 2353 759 2434 Vult,
783 2354 870 2418 mala
890 2351 994 2417 multa
1015 2353 1100 2438 tegit
1122 2373 1193 2418 sors
1217 2351 1392 2416 simulante
1414 2351 1524 2438 peplo.

585 2457 651 2523 Hic
672 2457 759 2522 bono
780 2475 883 2542 parva
904 2460 998 2541 putat
1020 2475 1148 2542 magna,
1172 2460 1208 2521 et
1229 2454 1316 2519 mala
1337 2453 1479 2542 plurima
1500 2454 1606 2520 nulla:

503 2584 529 2624 so
673 2561 717 2628 Se
740 2582 813 2628 cum
835 2561 907 2626 vult
929 2560 1011 2626 alios
1034 2559 1160 2642 fallere,
1183 2559 1269 2625 fallit
1291 2559 1398 2646 inops.

842 2802 1254 2814 -—————-—

1016 3039 1077 3105 XI.

342 3164 650 3254 QUAMOBREM
685 3165 988 3255 ClCA'l'RICES,
1027 3165 1156 3256 QUAS
1192 3163 1405 3240 DOMINUS
1445 3164 1494 3238 ΙΝ
1528 3159 1761 3237 PASSIONE

401 3286 641 3377 SUSCEPIT,
667 3287 716 3362 IN
743 3285 1145 3361 RESURRECTIONE
1172 3284 1430 3359 OBDUCTAE
1457 3283 1555 3358 NON
1582 3281 1701 3357 SINT.

585 3418 737 3505 Namque
760 3419 930 3484 cicatrices
953 3417 1077 3483 domini
1099 3439 1159 3504 pro
1181 3417 1313 3484 nomine
1334 3417 1442 3483 factae

669 3522 870 3608 Martyribus
893 3522 1016 3587 sanctis
1040 3541 1141 3586 causa
1161 3519 1290 3587 decoris
1313 3526 1418 3586 erunt.

587 3625 642 3691 Sic
664 3625 934 3711 Phlegetontaeis
957 3623 1041 3691 redit
1063 3630 1100 3689 ut
1122 3624 1266 3690 salvator
1288 3623 1330 3689 ab
1352 3623 1510 3704 umbris⁴,

666 3727 768 3815 Signa
790 3727 892 3794 refert
913 3729 984 3794 eius
1007 3748 1077 3815 pes,
1100 3727 1186 3792 latus
1210 3733 1309 3812 atque
1330 3747 1458 3793 manus.

518 3854 530 3890 s
587 3831 663 3898 Non
685 3830 772 3918 quod
794 3852 859 3897 non
881 3838 1011 3919 poteret
1033 3836 1169 3896 cunctos
1191 3829 1356 3896 obducere
1379 3831 1505 3918 plagas,

671 3934 779 4023 Saepe
802 3941 840 4000 ut
861 3935 995 4022 gentilis
1018 3933 1160 4000 somniet
1182 3955 1274 4001 error
1294 3933 1410 4012 hebes,

586 4035 651 4112 Qui
673 4039 780 4126 potuit
802 4045 936 4105 cunctos
958 4039 1072 4104 mortis
1095 4037 1270 4105 devincere
1292 4058 1400 4119 casus,

666 4143 771 4211 Gesta
793 4143 852 4210 sed
876 4144 993 4210 officiis
1016 4149 1092 4210 sunt
1115 4143 1193 4229 qnia
1216 4144 1314 4231 plena
1336 4144 1411 4230 piis.

586 4247 750 4324 Quattuor
770 4248 835 4314 ista
856 4249 980 4314 vehunt
1002 4248 1153 4314 celebres
1175 4248 1334 4334 mysteria
1354 4267 1483 4326 causas,

505 4375 530 4413 ιο
673 4350 748 4417 Hoc
771 4350 859 4437 quod
881 4352 968 4417 vitae
990 4357 1107 4418 auctor
1128 4351 1283 4437 stigmata
1304 4351 1420 4416 mortis
1442 4349 1553 4416 habet.

585 4454 743 4538 Primum,
764 4461 801 4521 ut
823 4455 974 4542 discipuli
997 4475 1126 4542 corpus,
1149 4475 1216 4521 non
1238 4454 1378 4520 flaminis
1402 4474 1525 4535 aurern,

672 4558 716 4624 Se
738 4557 862 4625 uidisse
885 4559 1001 4640 sciant,
1026 4557 1133 4624 cordis
1156 4565 1190 4624 et
1211 4579 1286 4624 arce
1309 4559 1430 4626 locent.

586 4661 689 4728 Certa
709 4660 791 4728 fides
814 4667 851 4727 ut
873 4681 931 4727 eos
954 4660 1076 4727 domini
1099 4661 1266 4747 surgentis
1288 4660 1436 4740 adornet,

667 4763 834 4852 Spemque
856 4763 1053 4850 resurgendi
1076 4766 1186 4830 saecla
1208 4786 1268 4852 per
1289 4765 1399 4852 ampla
1420 4771 1547 4830 canant.

505 4890 529 4928 ss
587 4866 788 4948 Proximum,
810 4873 847 4932 ut
868 4867 1013 4933 humana
1033 4888 1093 4954 pro
1116 4865 1211 4933 nobis
1234 4874 1322 4934 sorte
1344 4866 1520 4955 precando,

667 4971 707 5036 In
730 4989 765 5036 se
788 4970 991 5038 demonstret
1013 4972 1150 5038 vulnera
1171 4977 1284 5037 nostra
1303 4971 1400 5059 patri,

323 5262 496 5318 trhonus
598 5261 771 5318 abdens

323 5416 350 5484 1)
369 5415 453 5470 Proo.
470 5415 557 5480 mn
574 5415 604 5472 Si
623 5416 781 5472 contuderis
799 5419 918 5473 stultum
936 5419 967 5472 in
984 5419 1043 5489 pile
1060 5418 1141 5489 qnasi
1160 5419 1286 5488 ptisanas
1304 5417 1422 5473 feriente
1439 5417 1559 5490 desuper
1575 5418 1643 5489 pilo,
1661 5435 1718 5476 non
1734 5420 1877 5476 suferetur

219 5518 255 5573 ab
279 5534 312 5574 eo
336 5517 461 5574 stultitia
483 5519 551 5575 sins.
619 5520 649 5590 2)
673 5520 717 5590 Cf.
739 5520 808 5576 Isid.
827 5521 920 5592 θήρῃ.
940 5521 1016 5590 XII,
1026 5523 1050 5586 7,
1059 5523 1094 5577 57
1116 5521 1209 5593 Oapus
1226 5521 1327 5578 Italica
1344 5520 1443 5594 lingua
1459 5521 1598 5578 dicituro
1615 5522 1760 5595 capiendo.
1795 5523 1876 5580 Hune

218 5621 307 5678 nostri
333 5622 470 5678 falconem
494 5621 601 5678 dicunt
693 5623 722 5692 3)
749 5622 794 5679 lb.
818 5625 893 5689 112
918 5624 1023 5680 Vultur
1049 5642 1067 5680 a
1092 5624 1191 5680 volatu
1216 5625 1298 5680 tardo
1325 5625 1488 5682 nominatus
1514 5626 1640 5697 putatur.
1729 5627 1758 5696 4)
1785 5626 1875 5684 Pruu.

220 5729 338 5784 Comen.
357 5725 477 5794 111,199
493 5725 535 5782 De
553 5725 759 5798 Phlegethonte
837 5731 872 5786 ad
891 5749 1005 5808 superos
1022 5743 1158 5788 remeasse
1175 5727 1267 5784 deum.

288 5826 393 5880 Pomm
405 5837 561 5880 numm!
575 5826 733 5880 csaosmL
1634 5825 1669 5883 59
