4936 6406
1180 414 1337 470 NASONIS
1357 415 1507 470 ECLOGA.
1545 413 1745 470 PROLOGUS.

995 590 1124 655 Laurus
1147 590 1342 675 Apollineae
1366 595 1548 653 marcescat
1572 588 1713 673 denique
1737 589 1850 668 silvae,

1084 693 1230 778 Cumque
1256 693 1323 756 suis
1346 693 1436 756 baeis
1460 692 1536 756 alba
1558 692 1698 776 ligustra
1721 692 1849 756 eadunt.
1938 691 2046 776 (Verp.
2069 691 2137 755 Eat.
2162 691 2215 770 ΙΙ,
2247 689 2305 770 18)

981 799 1158 863 ¹Victrices
1182 798 1304 863 Christi
1328 798 1460 882 vigeant
1482 819 1541 883 per
1565 798 1675 862 secula
1698 799 1837 883 palmae,

1085 902 1173 976 Quas
1197 903 1254 965 olli
1277 903 1429 966 exultans
1453 902 1548 966 turba
1572 922 1691 965 eanora
1713 900 1803 966 dedit
1825 905 1878 965 ete.

748 1005 944 1086 Quanquam
965 1005 1055 1069 Naso
1076 1024 1131 1069 seu
1152 1005 1328 1068 Moduinns
1350 1024 1476 1067 eamrnn
1497 1004 1534 1066 de
1561 1005 1675 1070 Oarolo
1696 1004 1746 1070 M.
1769 1008 1798 1068 et
1820 1004 1921 1068 Leone
1936 1027 2028 1085 papa
2049 1005 2254 1084 emnpositnm
2273 1007 2307 1067 et

636 1111 765 1170 noverat
786 1112 815 1172 et
835 1109 956 1190 aliquot
979 1109 1054 1173 loeis
1076 1107 1269 1185 imitabatur,
1291 1107 1404 1171 Eterti
1426 1109 1618 1172 eonnetnrae
1642 1108 1676 1190 tl.
1700 1109 1720 1171 l.
1737 1130 1773 1188 p.
1798 1108 1884 1195 330),
1912 1129 1933 1172 a
1960 1107 2193 1174 Walleubauao
2217 1107 2304 1189 (ἂρ

637 1208 666 1287 Ι,
692 1211 765 1294 146)
789 1231 907 1293 quoqne
928 1212 1121 1292 repudiatae,
1143 1211 1293 1275 assentiri
1315 1216 1418 1274 tamen
1442 1231 1505 1274 non
1523 1230 1660 1291 possum,
1683 1232 1747 1292 qua
1768 1211 1825 1275 sut
1847 1211 1987 1276 Miconis
2009 1211 2141 1288 nonrine,
2164 1230 2306 1291 quaeum

632 1317 726 1393 poeta
747 1318 851 1378 noster
879 1315 1079 1396 colloquitur,
1107 1315 1314 1397 Anqiltrertns
1343 1315 1426 1399 ipse,
1457 1319 1565 1378 errator
1592 1315 1756 1390 numinis,
1786 1316 1895 1392 lateat,
1924 1316 2001 1395 quia
2028 1314 2120 1378 uerba
2146 1335 2229 1394 quae
2259 1315 2304 1379 ab

636 1417 751 1480 Eberto
772 1416 816 1480 ad
836 1417 919 1482 lanne
933 1418 1124 1503 referamur,
1146 1418 1190 1482 ad
1204 1419 1303 1482 lorum
1319 1419 1427 1496 potins
1445 1417 1566 1498 prioris
1581 1418 1733 1480 carminis
1748 1419 1849 1481 nostri
1862 1419 1971 1498 partis
1986 1422 2122 1498 spretore
2136 1417 2302 1483 videntur.

637 1519 778 1584 Nasonis
802 1521 933 1604 Eulepa,
964 1542 1043 1603 quae
1065 1522 1108 1586 ad
1129 1523 1302 1602 eaemplnm
1331 1521 1474 1604 Verqilii,
1503 1525 1544 1598 et,
1572 1524 1607 1584 ut
1628 1521 1786 1584 Aenrilins
1808 1521 1974 1584 Baehrens
1996 1522 2304 1603 primoeoqnooit1,

644 1621 813 1704 Calpurnii
835 1624 938 1689 Sienli
960 1624 1067 1710 efflata
1089 1628 1147 1702 est,
1178 1626 1291 1691 Oarolo
1313 1625 1378 1688 iarn
1400 1627 1585 1704 imperatore
1607 1627 1701 1704 atque
1724 1625 1860 1687 Aleuino
1889 1624 2047 1708 defuneto,
2076 1625 2165 1688 intra
2192 1643 2304 1690 annos

637 1726 735 1808 iqitnr
758 1729 820 1791 804
843 1731 872 1790 et
894 1731 965 1806 814,
982 1729 1113 1808 prodiit.
1160 1727 1249 1794 Sient
1265 1733 1360 1810 poeta
1381 1733 1486 1792 noster
1508 1749 1636 1808 poema,
1665 1727 1748 1808 quod
1767 1727 1952 1808 Anqiltrerto
1974 1728 2137 1805 tribuitur,
2158 1726 2209 1790 hic
2232 1728 2308 1791 illie

638 1831 812 1910 usurpavit,
834 1832 900 1911 ipse
922 1831 962 1896 ab
977 1832 1163 1896 Ermenrieo
1185 1835 1311 1913 saepias
1332 1833 1488 1913 spoliatus
1509 1836 1562 1897 est.
1597 1830 1768 1894 Errnoldus
1783 1831 1877 1894 etiam
1892 1851 1961 1894 eaor
1976 1831 2148 1910 eoqnooisse
2162 1829 2303 1894 videtur.

746 1933 888 1997 Nasonis
915 1955 1040 1998 caurien
1070 1941 1165 2000 antea
1188 1957 1324 2016 prorsus
1353 1936 1544 2018 incognitum
1568 1935 1695 2014 primus
1722 1934 1806 1996 edidi
1833 1935 1867 1996 in
1897 1934 2069 1997 arirralitms
2094 1934 2306 2014 antiquitatis

642 2038 849 2102 Gennnnicae
869 2037 909 2102 ab
931 2039 1075 2119 Hauptio
1096 2040 1228 2104 conditis
1257 2041 1304 2118 (X
1312 2039 1407 2117 VIII,
1431 2042 1567 2116 58-67,
1592 2038 1668 2120 283)
1692 2037 1862 2100 serrandum
1883 2038 2043 2118 enenrplur
2064 2036 2186 2116 codicis,
2215 2038 2306 2117 quod

638 2140 702 2203 oiri
723 2140 893 2203 clarissimi
914 2142 955 2206 E.
978 2143 1123 2207 Mounde
1149 2145 1333 2224 ttionemn,
1357 2143 1509 2207 librorum
1530 2141 1815 2220 rnannseriptornm
1837 2141 1981 2218 eustodis,
2003 2139 2136 2204 eainriue
2159 2141 2307 2203 comitati

638 2243 791 2307 dietam.
842 2243 958 2324 Repeto
980 2265 1066 2311 nuno
1087 2246 1251 2311 editionem
1274 2268 1367 2326 opera
1389 2266 1427 2310 ae
1448 2245 1551 2309 studio
1572 2245 1710 2307 virorum
1726 2243 1882 2305 doctorum
1901 2242 2137 2319 Waltenbaeltii
2160 2241 2307 2322 Peipert

638 2347 760 2428 Eberti,
782 2346 1020 2430 Pannendorpii
1035 2349 1165 2414 adiutus
1179 2351 1417 2414 errrendatiorem
1433 2350 1567 2431 quidem,
1590 2349 1644 2412 sed
1658 2347 1787 2411 minime
1801 2347 1942 2410 uermeris
1958 2347 2100 2410 omnibus
2113 2347 2307 2426 absolutam,

632 2450 822 2530 praesertim
844 2471 913 2514 oum
932 2454 1055 2531 printae
1078 2455 1272 2536 sinqulorum
1295 2475 1441 2518 versuum
1464 2455 1573 2518 literae
1595 2471 1710 2535 nmque
1732 2471 1771 2513 er
1796 2453 1887 2530 parte
1908 2472 1930 2513 a
1952 2449 2056 2514 sariba
2081 2449 2212 2514 omissae
2236 2471 2309 2514 non

640 2573 743 2616 munes
764 2557 843 2616 certe
865 2555 1007 2635 suppleri
1022 2557 1196 2637 potuerint.

1192 2836 1744 2937 merpmpsouoousuo.

1140 2973 1343 3046 ursonis
1384 2973 1445 3045 os
1485 2973 1642 3047 mes
1684 2973 1799 3046 suls.

1011 3104 1187 3170 Caesareis
1211 3105 1347 3170 Carolus
1373 3105 1503 3192 sapiens
1526 3106 1587 3170 hee
1610 3108 1745 3171 auribus
1769 3107 1862 3172 hauri

1096 3209 1260 3292 Carmina,
1284 3231 1346 3293 qne
1371 3210 1461 3273 nulla
1485 3217 1560 3273 sunt
1582 3210 1728 3296 peritura
1752 3211 1841 3290 die‚²

1008 3313 1095 3376 Dum
1119 3312 1241 3400 rapidis
1266 3315 1316 3377 sol
1339 3313 1441 3377 currit
1464 3313 1567 3397 equis,
1591 3313 1773 3379 vibramine
1797 3321 1903 3379 terras

1094 3417 1261 3499 Inlustrat‚
1286 3418 1404 3503 gelidis
1429 3416 1507 3482 dum
1530 3439 1620 3482 mare
1643 3417 1750 3482 servet
1773 3419 1877 3504 aquia,

938 3540 950 3577 ⁵
1009 3521 1087 3586 Istis
1111 3523 1143 3586 in
1167 3523 1306 3608 geminis
1329 3523 1450 3607 legitur
1472 3528 1529 3585 tua
1551 3521 1639 3585 fama
1660 3522 1808 3586 libellis³

1096 3623 1248 3692 Carmine
1271 3628 1380 3690 velato
1404 3647 1477 3690 eum
1502 3626 1631 3690 seniore
1656 3627 1735 3689 viro.

1009 3728 1136 3814 Nempe
1161 3728 1242 3793 duos
1266 3736 1375 3793 narrat
1398 3735 1547 3815 pastores
1571 3729 1626 3791 ille
1652 3727 1832 3793 secundus:

1095 3831 1275 3917 Egregium
1297 3833 1414 3898 recolit
1436 3853 1554 3896 nomen
1577 3838 1715 3916 uterque
1739 3839 1840 3897 tuum.

1009 3934 1140 4019 Arguat
1163 3936 1314 4000 archanis
1339 3935 1458 4021 aliquis
1482 3957 1556 3999 mea
1579 3936 1726 3999 earmina
1750 3934 1855 4014 dietis,

930 4059 953 4096 10
1099 4037 1225 4101 Forsan
1250 4043 1283 4102 et
1307 4037 1428 4101 obioiet
1453 4037 1588 4102 erimina
1610 4038 1724 4122 lingua
1746 4059 1879 4120 nocens,

1010 4138 1111 4204 Livor
1134 4139 1241 4204 edan⁴
1265 4141 1364 4204 tacito
1388 4140 1435 4202 sie
1459 4161 1571 4204 seeum
1594 4161 1759 4204 murmure
1783 4139 1884 4205 dieat:

1101 4242 1180 4307 ‘Cur
1201 4244 1284 4308 haee
1306 4245 1506 4330 presumpsit
1529 4250 1598 4308 arte
1622 4243 1745 4309 referre
1768 4244 1889 4309 rudis’t

990 4346 1059 4411 Aut
1081 4348 1227 4413 lacerare
1250 4349 1331 4412 velit
1353 4355 1484 4412 nostros
1517 4349 1683 4412 molimine
1707 4369 1822 4412 versus
1832 4350 1853 4429 ⁵,

972 4445 975 4450 ’
1098 4449 1292 4515 Furtivosve
1316 4452 1401 4516 ferat
1424 4473 1476 4516 me
1500 4451 1650 4538 posuisse
1673 4451 1786 4537 pedes,

757 4663 944 4729 m‘oaanaai.
964 4677 989 4742 (a.
1008 4695 1028 4729 a.
1046 4678 1209 4742 rennuunt)
1314 4675 1331 4729 3
1349 4679 1490 4729 uibramina
1501 4678 1525 4727 n
1628 4675 1803 4729 urrunnun

749 4814 776 4880 1)
799 4812 980 4882 theiniselres
999 4811 1127 4866 Murrum
1146 4811 1198 4880 fiir
1216 4812 1327 4876 Plrilol„
1347 4813 1426 4866 Neue
1444 4812 1531 4883 Folpe
1548 4811 1647 4876 XXX,
1657 4811 1802 4866 oar-eas.
1872 4812 1899 4880 2)
1923 4811 1965 4881 Cs.
1986 4813 2032 4867 Oo.
2051 4813 2312 4879 nm.1‚15‚23‚32.

644 4917 673 4984 3)
686 4917 728 4984 Cf.
741 4915 1047 4970 Ermenrieioersusad
1058 4914 1261 4970 Grirnoldumo.
1275 4917 1390 4971 15-19:
1418 4917 1486 4972 Care
1504 4915 1645 4970 Grimolde
1663 4918 1751 4984 pater,
1769 4916 1858 4986 gratis
1876 4915 1945 4970 haee
1963 4917 2076 4971 auribus
2094 4915 2175 4971 hauri

1526 5003 1663 5064 Carmina,
1683 5019 1754 5070 quae
1774 5003 1851 5056 nullo
1870 5005 1936 5056 aunt
1955 5003 2080 5072 peritura
2098 5003 2151 5066 die,

1423 5090 1495 5143 Dum
1513 5088 1618 5158 rapidis
1638 5089 1678 5143 sol
1697 5088 1784 5142 currit
1802 5089 1888 5157 equis,
1907 5089 2061 5144 vibramine
2080 5093 2167 5145 terras

1525 5177 1668 5240 inlustrat,
1686 5175 1788 5245 gelidis
1806 5176 1873 5229 dum
1891 5195 1967 5230 mare
1985 5177 2073 5232 servet
2091 5176 2179 5244 aquis,

1423 5262 1487 5315 Istis
1496 5263 1526 5315 in
1536 5261 1618 5316 dietis
1628 5261 1732 5332 legitur
1741 5265 1791 5316 tua
1798 5263 1874 5316 tama
1882 5261 1979 5330 beata;
1996 5263 2076 5333 Verq.
2086 5263 2145 5316 Eu.
2151 5262 2183 5330 V,
2193 5264 2311 5323 76-78.

645 5363 674 5430 4)
694 5361 737 5429 Cf.
757 5363 804 5416 Ov.
822 5363 882 5415 Am.
905 5363 978 5428 r,15‚
992 5365 1015 5428 1,
1034 5365 1108 5418 Rern.
1126 5365 1186 5418 389.
1268 5365 1294 5432 5)
1315 5363 1471 5418 Erureuriei
1488 5381 1584 5420 verens
1600 5381 1623 5418 o.
1642 5364 1759 5420 23-25:

1060 5450 1143 5504 Livor
1161 5451 1232 5504 edax
1252 5450 1339 5504 tacito
1358 5451 1381 5504 si
1401 5451 1549 5520 quisquam
1568 5468 1708 5506 murmure
1726 5452 1811 5516 dieat,

1163 5537 1218 5591 Cur
1235 5537 1304 5591 haee
1325 5536 1456 5591 auderem
1474 5538 1592 5592 seribere
1610 5538 1707 5608 inepta
1726 5538 1788 5602 tibi,

1060 5624 1095 5676 m
1114 5623 1235 5676 lacerare
1255 5621 1334 5692 eupit
1351 5627 1459 5678 nostros
1478 5625 1623 5678 molimine
1641 5643 1735 5679 versus
1755 5666 1780 5679 ..

647 5704 777 5759 Ermotdi
790 5706 836 5760 El.
847 5710 888 5774 II,
900 5707 951 5760 217
962 5707 1022 5776 (SS.
1035 5709 1148 5778 laam)
1168 5708 1290 5777 Quisque
1309 5710 1388 5780 cupit
1409 5713 1517 5765 nostros
1535 5709 1679 5765 molimine
1697 5711 1792 5766 rotlere
1811 5727 1912 5764 versus.
