<?xml version="1.0" encoding="UTF-8"?>
<!DOCTYPE html PUBLIC "-//W3C//DTD XHTML 1.0 Transitional//EN"
    "http://www.w3.org/TR/xhtml1/DTD/xhtml1-transitional.dtd">
<html xmlns="http://www.w3.org/1999/xhtml" xml:lang="en" lang="en">
 <head>
  <title>
</title>
<meta http-equiv="Content-Type" content="text/html;charset=utf-8" />
  <meta name='ocr-system' content='tesseract 3.04.00' />
  <meta name='ocr-capabilities' content='ocr_page ocr_carea ocr_par ocr_line ocrx_word'/>
</head>
<body>
  <div class='ocr_page' id='page_1' title='image "./monumentagerman01unkngoog/monumentagerman01unkngoog_0126.png"; bbox 0 0 4574 6442; ppageno 0'>
   <div class='ocr_carea' id='block_1_1' title="bbox 609 414 1468 479">
    <p class='ocr_par' dir='ltr' id='par_1_1' title="bbox 609 414 1468 479">
     <span class='ocr_line' id='line_1_1' title="bbox 609 414 1468 479; baseline 0.003 -12"><span class='ocrx_word' id='word_1_1' title='bbox 609 414 806 468; x_wconf 81' lang='lat' dir='ltr'><strong>EPITAPHIA</strong></span> <span class='ocrx_word' id='word_1_2' title='bbox 824 415 1250 479; x_wconf 71' lang='lat' dir='ltr'>AtrltlARD1,G1LLEBERT1,</span> <span class='ocrx_word' id='word_1_3' title='bbox 1269 417 1468 470; x_wconf 77' lang='lat' dir='ltr'><strong>ROMUALDI.</strong></span> 
     </span>
    </p>
   </div>
   <div class='ocr_carea' id='block_1_2' title="bbox 276 707 1802 925">
    <p class='ocr_par' dir='ltr' id='par_1_2' title="bbox 276 707 1802 925">
     <span class='ocr_line' id='line_1_2' title="bbox 1004 707 1082 771; baseline 0.026 -3"><span class='ocrx_word' id='word_1_4' title='bbox 1004 707 1082 771; x_wconf 89' lang='lat' dir='ltr'><strong>VII.</strong></span> 
     </span>
     <span class='ocr_line' id='line_1_3' title="bbox 276 849 1802 925; baseline 0 -4"><span class='ocrx_word' id='word_1_5' title='bbox 276 849 572 922; x_wconf 80' lang='lat' dir='ltr'><strong>EPITAPHIUM</strong></span> <span class='ocrx_word' id='word_1_6' title='bbox 599 849 915 922; x_wconf 83' lang='lat' dir='ltr'><strong>VENERABILIS</strong></span> <span class='ocrx_word' id='word_1_7' title='bbox 945 849 1236 924; x_wconf 68' lang='lat' dir='ltr'><strong>GILLEBERTI</strong></span> <span class='ocrx_word' id='word_1_8' title='bbox 1257 850 1471 924; x_wconf 85' lang='lat' dir='ltr'><strong>EPISCOPI</strong></span> <span class='ocrx_word' id='word_1_9' title='bbox 1497 851 1558 923; x_wconf 86' lang='grc' dir='ltr'>ΕΤ</span> <span class='ocrx_word' id='word_1_10' title='bbox 1584 851 1802 925; x_wconf 79' lang='lat' dir='ltr'><strong>ABBATIS.</strong></span> 
     </span>
    </p>
   </div>
   <div class='ocr_carea' id='block_1_3' title="bbox 513 996 1867 1709">
    <p class='ocr_par' dir='ltr' id='par_1_3' title="bbox 513 996 1867 1709">
     <span class='ocr_line' id='line_1_4' title="bbox 579 996 1867 1084; baseline 0.002 -23"><span class='ocrx_word' id='word_1_11' title='bbox 579 996 642 1070; x_wconf 87' lang='lat' dir='ltr'>Qui</span> <span class='ocrx_word' id='word_1_12' title='bbox 665 998 838 1084; x_wconf 87' lang='lat' dir='ltr'>pastoralis</span> <span class='ocrx_word' id='word_1_13' title='bbox 861 997 964 1061; x_wconf 84' lang='lat' dir='ltr'>fastus</span> <span class='ocrx_word' id='word_1_14' title='bbox 987 996 1118 1062; x_wconf 82' lang='lat' dir='ltr'>ambitis</span> <span class='ocrx_word' id='word_1_15' title='bbox 1141 999 1293 1079; x_wconf 89' lang='lat' dir='ltr'>bonores,</span> <span class='ocrx_word' id='word_1_16' title='bbox 1806 1004 1867 1063; x_wconf 66' lang='lat'>782</span> 
     </span>
     <span class='ocr_line' id='line_1_5' title="bbox 580 1100 1489 1188; baseline 0.004 -24"><span class='ocrx_word' id='word_1_17' title='bbox 580 1100 712 1166; x_wconf 86' lang='lat' dir='ltr'>Cernite</span> <span class='ocrx_word' id='word_1_18' title='bbox 733 1121 829 1185; x_wconf 91' lang='lat' dir='ltr'>quam</span> <span class='ocrx_word' id='word_1_19' title='bbox 853 1101 917 1165; x_wconf 92' lang='lat' dir='ltr'>eito</span> <span class='ocrx_word' id='word_1_20' title='bbox 940 1102 1045 1186; x_wconf 83' lang='lat' dir='ltr'>gloria</span> <span class='ocrx_word' id='word_1_21' title='bbox 1066 1104 1203 1188; x_wconf 90' lang='lat' dir='ltr'>preterit</span> <span class='ocrx_word' id='word_1_22' title='bbox 1227 1103 1322 1168; x_wconf 88' lang='lat' dir='ltr'>huius</span> <span class='ocrx_word' id='word_1_23' title='bbox 1344 1104 1489 1185; x_wconf 86' lang='lat' dir='ltr'>honoria,</span> 
     </span>
     <span class='ocr_line' id='line_1_6' title="bbox 579 1205 1541 1290; baseline 0.004 -22"><span class='ocrx_word' id='word_1_24' title='bbox 579 1206 622 1269; x_wconf 88' lang='lat' dir='ltr'>Ilt</span> <span class='ocrx_word' id='word_1_25' title='bbox 645 1227 741 1290; x_wconf 90' lang='lat' dir='ltr'>quam</span> <span class='ocrx_word' id='word_1_26' title='bbox 764 1205 948 1270; x_wconf 83' lang='lat' dir='ltr'>districtum</span> <span class='ocrx_word' id='word_1_27' title='bbox 970 1214 1081 1270; x_wconf 90' lang='lat' dir='ltr'>manet</span> <span class='ocrx_word' id='word_1_28' title='bbox 1103 1207 1189 1271; x_wconf 89' lang='lat' dir='ltr'>hune</span> <span class='ocrx_word' id='word_1_29' title='bbox 1213 1229 1352 1273; x_wconf 78' lang='lat' dir='ltr'><strong>examen</strong></span> <span class='ocrx_word' id='word_1_30' title='bbox 1376 1209 1541 1288; x_wconf 81' lang='lat' dir='ltr'>honorem,</span> 
     </span>
     <span class='ocr_line' id='line_1_7' title="bbox 580 1307 1457 1386; baseline 0.005 -14"><span class='ocrx_word' id='word_1_31' title='bbox 580 1307 675 1381; x_wconf 85' lang='lat' dir='ltr'>Quod</span> <span class='ocrx_word' id='word_1_32' title='bbox 698 1315 807 1373; x_wconf 89' lang='lat' dir='ltr'>tamen</span> <span class='ocrx_word' id='word_1_33' title='bbox 831 1310 931 1386; x_wconf 87' lang='lat' dir='ltr'>evasi,</span> <span class='ocrx_word' id='word_1_34' title='bbox 955 1309 1086 1374; x_wconf 92' lang='lat' dir='ltr'>domino</span> <span class='ocrx_word' id='word_1_35' title='bbox 1109 1311 1207 1375; x_wconf 89' lang='lat' dir='ltr'>miehi</span> <span class='ocrx_word' id='word_1_36' title='bbox 1232 1313 1457 1377; x_wconf 84' lang='lat' dir='ltr'>subveniente.</span> 
     </span>
     <span class='ocr_line' id='line_1_8' title="bbox 513 1410 1427 1498; baseline 0.008 -26"><span class='ocrx_word' id='word_1_37' title='bbox 513 1436 524 1472; x_wconf 77' lang='lat' dir='ltr'>a</span> <span class='ocrx_word' id='word_1_38' title='bbox 581 1412 635 1476; x_wconf 86' lang='lat' dir='ltr'>ltle</span> <span class='ocrx_word' id='word_1_39' title='bbox 659 1410 888 1492; x_wconf 85' lang='lat' dir='ltr'>Gillebertum,</span> <span class='ocrx_word' id='word_1_40' title='bbox 912 1433 1008 1497; x_wconf 87' lang='lat' dir='ltr'>quem</span> <span class='ocrx_word' id='word_1_41' title='bbox 1031 1415 1168 1498; x_wconf 91' lang='lat' dir='ltr'>pretulit</span> <span class='ocrx_word' id='word_1_42' title='bbox 1190 1414 1427 1480; x_wconf 88' lang='lat' dir='ltr'>Helnoniensis</span> 
     </span>
     <span class='ocr_line' id='line_1_9' title="bbox 580 1514 1448 1602; baseline 0.003 -24"><span class='ocrx_word' id='word_1_43' title='bbox 580 1514 670 1578; x_wconf 82' lang='lat' dir='ltr'>Grex</span> <span class='ocrx_word' id='word_1_44' title='bbox 694 1515 756 1578; x_wconf 87' lang='lat' dir='ltr'>sibi</span> <span class='ocrx_word' id='word_1_45' title='bbox 780 1522 955 1601; x_wconf 82' lang='lat' dir='ltr'>pastorem,</span> <span class='ocrx_word' id='word_1_46' title='bbox 979 1523 1054 1602; x_wconf 86' lang='lat' dir='ltr'>post</span> <span class='ocrx_word' id='word_1_47' title='bbox 1077 1517 1184 1582; x_wconf 89' lang='lat' dir='ltr'>elerus</span> <span class='ocrx_word' id='word_1_48' title='bbox 1207 1518 1448 1599; x_wconf 87' lang='lat' dir='ltr'>Noviomensis,</span> 
     </span>
     <span class='ocr_line' id='line_1_10' title="bbox 579 1618 1522 1709; baseline 0.001 -27"><span class='ocrx_word' id='word_1_49' title='bbox 579 1618 631 1683; x_wconf 80' lang='lat' dir='ltr'>En</span> <span class='ocrx_word' id='word_1_50' title='bbox 654 1640 783 1682; x_wconf 81' lang='lat' dir='ltr'>vermes</span> <span class='ocrx_word' id='word_1_51' title='bbox 807 1619 935 1700; x_wconf 90' lang='lat' dir='ltr'>rodunt,</span> <span class='ocrx_word' id='word_1_52' title='bbox 958 1641 1019 1683; x_wconf 89' lang='lat' dir='ltr'>nee</span> <span class='ocrx_word' id='word_1_53' title='bbox 1043 1620 1145 1705; x_wconf 84' lang='lat' dir='ltr'>virga,</span> <span class='ocrx_word' id='word_1_54' title='bbox 1169 1642 1229 1686; x_wconf 90' lang='lat' dir='ltr'>nee</span> <span class='ocrx_word' id='word_1_55' title='bbox 1254 1622 1356 1687; x_wconf 81' lang='lat' dir='ltr'>infula</span> <span class='ocrx_word' id='word_1_56' title='bbox 1380 1621 1522 1709; x_wconf 87' lang='lat' dir='ltr'>prodest.</span> 
     </span>
    </p>
   </div>
   <div class='ocr_carea' id='block_1_4' title="bbox 994 2068 1090 2132">
    <p class='ocr_par' dir='ltr' id='par_1_4' title="bbox 994 2068 1090 2132">
     <span class='ocr_line' id='line_1_11' title="bbox 994 2068 1090 2132; baseline 0 0"><span class='ocrx_word' id='word_1_57' title='bbox 994 2068 1090 2132; x_wconf 85' lang='lat' dir='ltr'><strong>VIII.</strong></span> 
     </span>
    </p>
   </div>
   <div class='ocr_carea' id='block_1_5' title="bbox 505 2204 1611 3017">
    <p class='ocr_par' dir='ltr' id='par_1_5' title="bbox 505 2204 1611 3017">
     <span class='ocr_line' id='line_1_12' title="bbox 583 2204 1351 2290; baseline 0.003 -22"><span class='ocrx_word' id='word_1_58' title='bbox 583 2204 661 2269; x_wconf 81' lang='lat' dir='ltr'>Alta</span> <span class='ocrx_word' id='word_1_59' title='bbox 684 2204 748 2267; x_wconf 88' lang='lat' dir='ltr'>mit</span> <span class='ocrx_word' id='word_1_60' title='bbox 771 2204 879 2268; x_wconf 89' lang='lat' dir='ltr'>subito</span> <span class='ocrx_word' id='word_1_61' title='bbox 902 2204 1087 2270; x_wconf 81' lang='lat' dir='ltr'>Beneventi</span> <span class='ocrx_word' id='word_1_62' title='bbox 1110 2206 1215 2290; x_wconf 86' lang='lat' dir='ltr'>gloria</span> <span class='ocrx_word' id='word_1_63' title='bbox 1238 2207 1351 2288; x_wconf 85' lang='lat' dir='ltr'>tristis,</span> 
     </span>
     <span class='ocr_line' id='line_1_13' title="bbox 668 2307 1611 2384; baseline 0.002 -14"><span class='ocrx_word' id='word_1_64' title='bbox 668 2307 772 2380; x_wconf 84' lang='lat' dir='ltr'>Quam</span> <span class='ocrx_word' id='word_1_65' title='bbox 797 2314 889 2372; x_wconf 93' lang='lat' dir='ltr'>tenet</span> <span class='ocrx_word' id='word_1_66' title='bbox 912 2308 965 2372; x_wconf 90' lang='lat' dir='ltr'>hie</span> <span class='ocrx_word' id='word_1_67' title='bbox 988 2309 1148 2384; x_wconf 80' lang='lat' dir='ltr'>tumulus:</span> <span class='ocrx_word' id='word_1_68' title='bbox 1179 2329 1239 2373; x_wconf 82' lang='lat' dir='ltr'>rae</span> <span class='ocrx_word' id='word_1_69' title='bbox 1263 2311 1322 2374; x_wconf 91' lang='lat' dir='ltr'>tibi</span> <span class='ocrx_word' id='word_1_70' title='bbox 1346 2309 1455 2374; x_wconf 87' lang='lat' dir='ltr'>Barda</span> <span class='ocrx_word' id='word_1_71' title='bbox 1477 2311 1611 2374; x_wconf 78' lang='lat' dir='ltr'>cohors!</span> 
     </span>
     <span class='ocr_line' id='line_1_14' title="bbox 583 2409 1464 2499; baseline 0.006 -27"><span class='ocrx_word' id='word_1_72' title='bbox 583 2409 647 2472; x_wconf 87' lang='lat' dir='ltr'>llio</span> <span class='ocrx_word' id='word_1_73' title='bbox 670 2410 802 2474; x_wconf 84' lang='lat' dir='ltr'>Arichis</span> <span class='ocrx_word' id='word_1_74' title='bbox 826 2410 945 2476; x_wconf 87' lang='lat' dir='ltr'>dormit</span> <span class='ocrx_word' id='word_1_75' title='bbox 967 2413 1076 2497; x_wconf 83' lang='lat' dir='ltr'>magni</span> <span class='ocrx_word' id='word_1_76' title='bbox 1099 2413 1321 2499; x_wconf 81' lang='lat' dir='ltr'>pulcherrima</span> <span class='ocrx_word' id='word_1_77' title='bbox 1344 2415 1464 2499; x_wconf 81' lang='lat' dir='ltr'>proles,</span> 
     </span>
     <span class='ocr_line' id='line_1_15' title="bbox 666 2513 1437 2600; baseline 0.006 -24"><span class='ocrx_word' id='word_1_78' title='bbox 666 2513 773 2578; x_wconf 88' lang='lat' dir='ltr'>llnira</span> <span class='ocrx_word' id='word_1_79' title='bbox 795 2537 871 2600; x_wconf 88' lang='lat' dir='ltr'>spes</span> <span class='ocrx_word' id='word_1_80' title='bbox 893 2515 1031 2600; x_wconf 86' lang='lat' dir='ltr'>patriae,</span> <span class='ocrx_word' id='word_1_81' title='bbox 1054 2537 1166 2580; x_wconf 89' lang='lat' dir='ltr'>murus</span> <span class='ocrx_word' id='word_1_82' title='bbox 1190 2523 1223 2581; x_wconf 91' lang='lat' dir='ltr'>et</span> <span class='ocrx_word' id='word_1_83' title='bbox 1246 2537 1335 2581; x_wconf 88' lang='lat' dir='ltr'>arma</span> <span class='ocrx_word' id='word_1_84' title='bbox 1359 2519 1437 2598; x_wconf 90' lang='lat' dir='ltr'>suis,</span> 
     </span>
     <span class='ocr_line' id='line_1_16' title="bbox 515 2617 1440 2703; baseline 0.01 -27"><span class='ocrx_word' id='word_1_85' title='bbox 515 2641 541 2688; x_wconf 76' lang='lat' dir='ltr'>a,</span> <span class='ocrx_word' id='word_1_86' title='bbox 587 2618 688 2681; x_wconf 83' lang='lat' dir='ltr'>Cuius</span> <span class='ocrx_word' id='word_1_87' title='bbox 712 2617 802 2681; x_wconf 83' lang='lat' dir='ltr'>fessa</span> <span class='ocrx_word' id='word_1_88' title='bbox 825 2619 927 2703; x_wconf 89' lang='lat' dir='ltr'>patris</span> <span class='ocrx_word' id='word_1_89' title='bbox 950 2618 1034 2684; x_wconf 90' lang='lat' dir='ltr'>bene</span> <span class='ocrx_word' id='word_1_90' title='bbox 1058 2619 1121 2682; x_wconf 90' lang='lat' dir='ltr'>iam</span> <span class='ocrx_word' id='word_1_91' title='bbox 1144 2620 1263 2684; x_wconf 85' lang='lat' dir='ltr'>virtute</span> <span class='ocrx_word' id='word_1_92' title='bbox 1288 2628 1440 2685; x_wconf 81' lang='lat' dir='ltr'>senectus</span> 
     </span>
     <span class='ocr_line' id='line_1_17' title="bbox 668 2722 1313 2806; baseline 0.005 -22"><span class='ocrx_word' id='word_1_93' title='bbox 668 2722 753 2785; x_wconf 85' lang='lat' dir='ltr'>Tuta</span> <span class='ocrx_word' id='word_1_94' title='bbox 776 2722 961 2806; x_wconf 84' lang='lat' dir='ltr'>regebatur,</span> <span class='ocrx_word' id='word_1_95' title='bbox 984 2723 1073 2786; x_wconf 88' lang='lat' dir='ltr'>tucio</span> <span class='ocrx_word' id='word_1_96' title='bbox 1096 2724 1209 2787; x_wconf 86' lang='lat' dir='ltr'>matris</span> <span class='ocrx_word' id='word_1_97' title='bbox 1232 2732 1313 2789; x_wconf 86' lang='lat' dir='ltr'>erat.</span> 
     </span>
     <span class='ocr_line' id='line_1_18' title="bbox 586 2825 1458 2908; baseline 0.003 -21"><span class='ocrx_word' id='word_1_98' title='bbox 586 2825 649 2888; x_wconf 91' lang='lat' dir='ltr'>llie</span> <span class='ocrx_word' id='word_1_99' title='bbox 674 2846 777 2889; x_wconf 79' lang='lat' dir='ltr'>novus</span> <span class='ocrx_word' id='word_1_100' title='bbox 802 2847 821 2888; x_wconf 86' lang='lat' dir='ltr'>a</span> <span class='ocrx_word' id='word_1_101' title='bbox 844 2825 953 2890; x_wconf 89' lang='lat' dir='ltr'>multis</span> <span class='ocrx_word' id='word_1_102' title='bbox 978 2825 1109 2889; x_wconf 84' lang='lat' dir='ltr'>Ariohis</span> <span class='ocrx_word' id='word_1_103' title='bbox 1131 2827 1312 2892; x_wconf 82' lang='lat' dir='ltr'>vocabatur</span> <span class='ocrx_word' id='word_1_104' title='bbox 1334 2828 1458 2908; x_wconf 90' lang='lat' dir='ltr'>herilis,</span> 
     </span>
     <span class='ocr_line' id='line_1_19' title="bbox 505 2911 1378 3017; baseline 0.01 -29"><span class='ocrx_word' id='word_1_105' title='bbox 505 2911 508 2920; x_wconf 65' lang='grc'><strong>’</strong></span> <span class='ocrx_word' id='word_1_106' title='bbox 667 2927 814 2991; x_wconf 84' lang='lat' dir='ltr'>Moribus</span> <span class='ocrx_word' id='word_1_107' title='bbox 839 2935 871 2992; x_wconf 89' lang='lat' dir='ltr'>et</span> <span class='ocrx_word' id='word_1_108' title='bbox 894 2929 999 2993; x_wconf 86' lang='lat' dir='ltr'>lorma</span> <span class='ocrx_word' id='word_1_109' title='bbox 1022 2930 1223 3015; x_wconf 86' lang='lat' dir='ltr'>consilioque</span> <span class='ocrx_word' id='word_1_110' title='bbox 1247 2932 1378 3017; x_wconf 83' lang='lat' dir='ltr'>vigens;</span> 
     </span>
    </p>
   </div>
   <div class='ocr_carea' id='block_1_6' title="bbox 504 3029 1416 3232">
    <p class='ocr_par' dir='ltr' id='par_1_6' title="bbox 504 3029 1416 3232">
     <span class='ocr_line' id='line_1_20' title="bbox 587 3029 1416 3122; baseline 0.011 -30"><span class='ocrx_word' id='word_1_111' title='bbox 587 3029 809 3094; x_wconf 79' lang='lat' dir='ltr'>Grammatico</span> <span class='ocrx_word' id='word_1_112' title='bbox 832 3032 970 3116; x_wconf 88' lang='lat' dir='ltr'>pollens,</span> <span class='ocrx_word' id='word_1_113' title='bbox 993 3033 1158 3098; x_wconf 91' lang='lat' dir='ltr'>mundana</span> <span class='ocrx_word' id='word_1_114' title='bbox 1179 3035 1253 3120; x_wconf 87' lang='lat' dir='ltr'>lege</span> <span class='ocrx_word' id='word_1_115' title='bbox 1275 3044 1416 3122; x_wconf 85' lang='lat' dir='ltr'>togatus,</span> 
     </span>
     <span class='ocr_line' id='line_1_21' title="bbox 504 3132 1382 3232; baseline 0.013 -40"><span class='ocrx_word' id='word_1_116' title='bbox 504 3157 527 3192; x_wconf 81' lang='grc' dir='ltr'>ιυ</span> <span class='ocrx_word' id='word_1_117' title='bbox 672 3132 795 3197; x_wconf 85' lang='lat' dir='ltr'>Divina</span> <span class='ocrx_word' id='word_1_118' title='bbox 818 3135 995 3199; x_wconf 87' lang='lat' dir='ltr'>instructus</span> <span class='ocrx_word' id='word_1_119' title='bbox 1018 3157 1079 3232; x_wconf 81' lang='lat' dir='ltr'>neo</span> <span class='ocrx_word' id='word_1_120' title='bbox 1102 3138 1209 3201; x_wconf 90' lang='lat' dir='ltr'>minus</span> <span class='ocrx_word' id='word_1_121' title='bbox 1231 3139 1287 3204; x_wconf 89' lang='lat' dir='ltr'>ille</span> <span class='ocrx_word' id='word_1_122' title='bbox 1310 3140 1382 3220; x_wconf 85' lang='lat' dir='ltr'>luit,</span> 
     </span>
    </p>
   </div>
   <div class='ocr_carea' id='block_1_7' title="bbox 502 3237 1535 4878">
    <p class='ocr_par' dir='ltr' id='par_1_7' title="bbox 584 3237 1535 3428">
     <span class='ocr_line' id='line_1_22' title="bbox 584 3237 1535 3330; baseline 0.005 -29"><span class='ocrx_word' id='word_1_123' title='bbox 584 3237 758 3323; x_wconf 86' lang='lat' dir='ltr'>Religione</span> <span class='ocrx_word' id='word_1_124' title='bbox 782 3246 908 3325; x_wconf 90' lang='lat' dir='ltr'>patrem</span> <span class='ocrx_word' id='word_1_125' title='bbox 932 3241 1127 3327; x_wconf 89' lang='lat' dir='ltr'>equiperans</span> <span class='ocrx_word' id='word_1_126' title='bbox 1151 3245 1377 3328; x_wconf 86' lang='lat' dir='ltr'>matremque¹</span> <span class='ocrx_word' id='word_1_127' title='bbox 1400 3243 1535 3330; x_wconf 88' lang='lat' dir='ltr'>pudore,</span> 
     </span>
     <span class='ocr_line' id='line_1_23' title="bbox 666 3341 1523 3428; baseline 0.007 -24"><span class='ocrx_word' id='word_1_128' title='bbox 666 3341 771 3420; x_wconf 89' lang='lat' dir='ltr'>Illius,</span> <span class='ocrx_word' id='word_1_129' title='bbox 794 3342 870 3424; x_wconf 90' lang='lat' dir='ltr'>heu,</span> <span class='ocrx_word' id='word_1_130' title='bbox 894 3344 1005 3408; x_wconf 87' lang='lat' dir='ltr'>tristes</span> <span class='ocrx_word' id='word_1_131' title='bbox 1029 3365 1109 3428; x_wconf 92' lang='lat' dir='ltr'>quos</span> <span class='ocrx_word' id='word_1_132' title='bbox 1132 3344 1218 3408; x_wconf 88' lang='lat' dir='ltr'>mala</span> <span class='ocrx_word' id='word_1_133' title='bbox 1239 3346 1368 3410; x_wconf 87' lang='lat' dir='ltr'>flamma</span> <span class='ocrx_word' id='word_1_134' title='bbox 1391 3354 1523 3410; x_wconf 84' lang='lat' dir='ltr'>cremat.</span> 
     </span>
    </p>

    <p class='ocr_par' dir='ltr' id='par_1_8' title="bbox 585 3442 1514 3637">
     <span class='ocr_line' id='line_1_24' title="bbox 585 3442 1514 3533; baseline 0.008 -27"><span class='ocrx_word' id='word_1_135' title='bbox 585 3442 743 3508; x_wconf 85' lang='lat' dir='ltr'>Subditus</span> <span class='ocrx_word' id='word_1_136' title='bbox 766 3444 807 3508; x_wconf 85' lang='lat' dir='ltr'>ud</span> <span class='ocrx_word' id='word_1_137' title='bbox 831 3453 969 3511; x_wconf 92' lang='lat' dir='ltr'>mortem</span> <span class='ocrx_word' id='word_1_138' title='bbox 993 3445 1161 3531; x_wconf 81' lang='lat' dir='ltr'>dulcisque</span> <span class='ocrx_word' id='word_1_139' title='bbox 1185 3447 1376 3533; x_wconf 88' lang='lat' dir='ltr'>parentibus</span> <span class='ocrx_word' id='word_1_140' title='bbox 1401 3469 1514 3533; x_wconf 90' lang='lat' dir='ltr'>usque,</span> 
     </span>
     <span class='ocr_line' id='line_1_25' title="bbox 667 3547 1400 3637; baseline 0.008 -27"><span class='ocrx_word' id='word_1_141' title='bbox 667 3547 785 3612; x_wconf 88' lang='lat' dir='ltr'>Nullus</span> <span class='ocrx_word' id='word_1_142' title='bbox 808 3550 881 3635; x_wconf 92' lang='lat' dir='ltr'>plus</span> <span class='ocrx_word' id='word_1_143' title='bbox 905 3551 1018 3628; x_wconf 85' lang='lat' dir='ltr'>voluit,</span> <span class='ocrx_word' id='word_1_144' title='bbox 1043 3551 1182 3635; x_wconf 86' lang='lat' dir='ltr'>amplius</span> <span class='ocrx_word' id='word_1_145' title='bbox 1205 3558 1261 3614; x_wconf 87' lang='lat' dir='ltr'>aut</span> <span class='ocrx_word' id='word_1_146' title='bbox 1283 3551 1400 3637; x_wconf 89' lang='lat' dir='ltr'>potuit.</span> 
     </span>
    </p>

    <p class='ocr_par' dir='ltr' id='par_1_9' title="bbox 505 3653 1459 3947">
     <span class='ocr_line' id='line_1_26' title="bbox 505 3653 1459 3741; baseline 0 -23"><span class='ocrx_word' id='word_1_147' title='bbox 505 3677 528 3712; x_wconf 77' lang='lat' dir='ltr'>u</span> <span class='ocrx_word' id='word_1_148' title='bbox 586 3655 655 3720; x_wconf 83' lang='lat' dir='ltr'>Ceu</span> <span class='ocrx_word' id='word_1_149' title='bbox 679 3654 846 3719; x_wconf 87' lang='lat' dir='ltr'>Abraham</span> <span class='ocrx_word' id='word_1_150' title='bbox 869 3654 999 3740; x_wconf 86' lang='lat' dir='ltr'>genitor</span> <span class='ocrx_word' id='word_1_151' title='bbox 1022 3653 1140 3734; x_wconf 86' lang='lat' dir='ltr'>Ysaae,</span> <span class='ocrx_word' id='word_1_152' title='bbox 1164 3654 1210 3717; x_wconf 88' lang='lat' dir='ltr'>sie</span> <span class='ocrx_word' id='word_1_153' title='bbox 1234 3655 1295 3718; x_wconf 86' lang='lat' dir='ltr'>iste</span> <span class='ocrx_word' id='word_1_154' title='bbox 1319 3656 1459 3741; x_wconf 80' lang='lat' dir='ltr'>peregit,</span> 
     </span>
     <span class='ocr_line' id='line_1_27' title="bbox 668 3757 1358 3842; baseline -0.004 -20"><span class='ocrx_word' id='word_1_155' title='bbox 668 3758 807 3822; x_wconf 89' lang='lat' dir='ltr'>Oblatus</span> <span class='ocrx_word' id='word_1_156' title='bbox 830 3759 941 3838; x_wconf 90' lang='lat' dir='ltr'>taeuit,</span> <span class='ocrx_word' id='word_1_157' title='bbox 964 3757 1054 3821; x_wconf 84' lang='lat' dir='ltr'>iussa</span> <span class='ocrx_word' id='word_1_158' title='bbox 1075 3757 1222 3842; x_wconf 88' lang='lat' dir='ltr'>parentis</span> <span class='ocrx_word' id='word_1_159' title='bbox 1246 3778 1358 3842; x_wconf 84' lang='lat' dir='ltr'>agens.</span> 
     </span>
     <span class='ocr_line' id='line_1_28' title="bbox 563 3859 1438 3947; baseline -0.001 -22"><span class='ocrx_word' id='word_1_160' title='bbox 563 3861 716 3926; x_wconf 87' lang='lat' dir='ltr'>Traditus</span> <span class='ocrx_word' id='word_1_161' title='bbox 740 3861 781 3924; x_wconf 94' lang='lat' dir='ltr'>ob</span> <span class='ocrx_word' id='word_1_162' title='bbox 804 3862 930 3946; x_wconf 87' lang='lat' dir='ltr'>patriae</span> <span class='ocrx_word' id='word_1_163' title='bbox 955 3861 1067 3947; x_wconf 91' lang='lat' dir='ltr'>populi</span> <span class='ocrx_word' id='word_1_164' title='bbox 1091 3859 1264 3945; x_wconf 82' lang='lat' dir='ltr'>cunctique</span> <span class='ocrx_word' id='word_1_165' title='bbox 1288 3861 1438 3942; x_wconf 90' lang='lat' dir='ltr'>salutem,</span> 
     </span>
    </p>

    <p class='ocr_par' dir='ltr' id='par_1_10' title="bbox 502 3965 1410 4878">
     <span class='ocr_line' id='line_1_29' title="bbox 671 3965 1379 4051; baseline 0.003 -22"><span class='ocrx_word' id='word_1_166' title='bbox 671 3965 714 4030; x_wconf 87' lang='lat' dir='ltr'>Se</span> <span class='ocrx_word' id='word_1_167' title='bbox 739 3986 908 4051; x_wconf 89' lang='lat' dir='ltr'>opponens</span> <span class='ocrx_word' id='word_1_168' title='bbox 931 3965 1036 4029; x_wconf 88' lang='lat' dir='ltr'>voluit</span> <span class='ocrx_word' id='word_1_169' title='bbox 1058 3986 1117 4050; x_wconf 90' lang='lat' dir='ltr'>pro</span> <span class='ocrx_word' id='word_1_170' title='bbox 1140 3965 1263 4050; x_wconf 88' lang='lat' dir='ltr'>pietate</span> <span class='ocrx_word' id='word_1_171' title='bbox 1286 3965 1379 4032; x_wconf 86' lang='lat' dir='ltr'>mori.</span> 
     </span>
     <span class='ocr_line' id='line_1_30' title="bbox 587 4067 1410 4152; baseline 0 -22"><span class='ocrx_word' id='word_1_172' title='bbox 587 4068 712 4132; x_wconf 87' lang='lat' dir='ltr'>Obvius</span> <span class='ocrx_word' id='word_1_173' title='bbox 736 4069 879 4133; x_wconf 84' lang='lat' dir='ltr'>occurrit</span> <span class='ocrx_word' id='word_1_174' title='bbox 901 4068 972 4152; x_wconf 83' lang='lat' dir='ltr'>regi</span> <span class='ocrx_word' id='word_1_175' title='bbox 995 4068 1253 4151; x_wconf 88' lang='lat' dir='ltr'>innumeraeque</span> <span class='ocrx_word' id='word_1_176' title='bbox 1277 4067 1410 4152; x_wconf 76' lang='lat' dir='ltr'>telaugi,</span> 
     </span>
     <span class='ocr_line' id='line_1_31' title="bbox 503 4171 1323 4252; baseline 0.002 -21"><span class='ocrx_word' id='word_1_177' title='bbox 503 4197 528 4232; x_wconf 72' lang='lat' dir='ltr'>ro</span> <span class='ocrx_word' id='word_1_178' title='bbox 667 4172 807 4237; x_wconf 84' lang='lat' dir='ltr'>lliunirit</span> <span class='ocrx_word' id='word_1_179' title='bbox 830 4172 922 4252; x_wconf 87' lang='lat' dir='ltr'>fines,</span> <span class='ocrx_word' id='word_1_180' title='bbox 942 4193 965 4252; x_wconf 73' lang='lat' dir='ltr'>¹o</span> <span class='ocrx_word' id='word_1_181' title='bbox 989 4171 1191 4242; x_wconf 82' lang='lat' dir='ltr'>Benevente,</span> <span class='ocrx_word' id='word_1_182' title='bbox 1214 4171 1323 4234; x_wconf 63' lang='lat' dir='ltr'>tuost</span> 
     </span>
     <span class='ocr_line' id='line_1_32' title="bbox 584 4274 1354 4362; baseline -0.001 -23"><span class='ocrx_word' id='word_1_183' title='bbox 584 4275 634 4339; x_wconf 86' lang='lat' dir='ltr'>Tu</span> <span class='ocrx_word' id='word_1_184' title='bbox 657 4275 786 4362; x_wconf 85' lang='lat' dir='ltr'>placida</span> <span class='ocrx_word' id='word_1_185' title='bbox 809 4276 897 4361; x_wconf 86' lang='lat' dir='ltr'>regis</span> <span class='ocrx_word' id='word_1_186' title='bbox 921 4275 1044 4340; x_wconf 86' lang='lat' dir='ltr'>sedasti</span> <span class='ocrx_word' id='word_1_187' title='bbox 1068 4282 1178 4340; x_wconf 88' lang='lat' dir='ltr'>mente</span> <span class='ocrx_word' id='word_1_188' title='bbox 1202 4274 1354 4354; x_wconf 85' lang='lat' dir='ltr'>furorem,</span> 
     </span>
     <span class='ocr_line' id='line_1_33' title="bbox 669 4378 1386 4464; baseline 0.001 -21"><span class='ocrx_word' id='word_1_189' title='bbox 669 4378 795 4443; x_wconf 90' lang='lat' dir='ltr'>Obruta</span> <span class='ocrx_word' id='word_1_190' title='bbox 818 4378 988 4443; x_wconf 85' lang='lat' dir='ltr'>Gallorum</span> <span class='ocrx_word' id='word_1_191' title='bbox 1011 4387 1043 4444; x_wconf 87' lang='lat' dir='ltr'>te</span> <span class='ocrx_word' id='word_1_192' title='bbox 1067 4381 1115 4444; x_wconf 86' lang='lat' dir='ltr'>ira</span> <span class='ocrx_word' id='word_1_193' title='bbox 1139 4379 1293 4464; x_wconf 88' lang='lat' dir='ltr'>loquente</span> <span class='ocrx_word' id='word_1_194' title='bbox 1316 4379 1386 4444; x_wconf 89' lang='lat' dir='ltr'>fuit.</span> 
     </span>
     <span class='ocr_line' id='line_1_34' title="bbox 585 4481 1409 4564; baseline 0 -18"><span class='ocrx_word' id='word_1_195' title='bbox 585 4481 810 4562; x_wconf 86' lang='lat' dir='ltr'>ORomuald,</span> <span class='ocrx_word' id='word_1_196' title='bbox 833 4483 921 4547; x_wconf 86' lang='lat' dir='ltr'>mitis</span> <span class='ocrx_word' id='word_1_197' title='bbox 945 4481 1068 4564; x_wconf 88' lang='lat' dir='ltr'>ductor,</span> <span class='ocrx_word' id='word_1_198' title='bbox 1093 4483 1163 4547; x_wconf 90' lang='lat' dir='ltr'>sine</span> <span class='ocrx_word' id='word_1_199' title='bbox 1188 4483 1264 4547; x_wconf 82' lang='lat' dir='ltr'>felle</span> <span class='ocrx_word' id='word_1_200' title='bbox 1289 4483 1409 4564; x_wconf 79' lang='lat' dir='ltr'>suavis,</span> 
     </span>
     <span class='ocr_line' id='line_1_35' title="bbox 667 4586 1377 4674; baseline 0 -24"><span class='ocrx_word' id='word_1_201' title='bbox 667 4586 791 4652; x_wconf 86' lang='lat' dir='ltr'>Terrea</span> <span class='ocrx_word' id='word_1_202' title='bbox 813 4588 948 4672; x_wconf 88' lang='lat' dir='ltr'>liquisti,</span> <span class='ocrx_word' id='word_1_203' title='bbox 972 4609 1075 4673; x_wconf 83' lang='lat' dir='ltr'>regna</span> <span class='ocrx_word' id='word_1_204' title='bbox 1098 4609 1243 4674; x_wconf 89' lang='lat' dir='ltr'>superna</span> <span class='ocrx_word' id='word_1_205' title='bbox 1265 4595 1377 4660; x_wconf 87' lang='lat' dir='ltr'>tenes;</span> 
     </span>
     <span class='ocr_line' id='line_1_36' title="bbox 502 4689 1371 4776; baseline 0.007 -28"><span class='ocrx_word' id='word_1_206' title='bbox 502 4713 528 4748; x_wconf 73' lang='lat' dir='ltr'>n.</span> <span class='ocrx_word' id='word_1_207' title='bbox 586 4690 731 4754; x_wconf 87' lang='lat' dir='ltr'>Terreuo</span> <span class='ocrx_word' id='word_1_208' title='bbox 755 4689 864 4756; x_wconf 88' lang='lat' dir='ltr'>verbis</span> <span class='ocrx_word' id='word_1_209' title='bbox 886 4692 1038 4776; x_wconf 83' lang='lat' dir='ltr'>placuisti</span> <span class='ocrx_word' id='word_1_210' title='bbox 1061 4712 1158 4776; x_wconf 91' lang='lat' dir='ltr'>quam</span> <span class='ocrx_word' id='word_1_211' title='bbox 1181 4692 1266 4755; x_wconf 88' lang='lat' dir='ltr'>bene</span> <span class='ocrx_word' id='word_1_212' title='bbox 1290 4691 1371 4775; x_wconf 86' lang='lat' dir='ltr'>regi,</span> 
     </span>
     <span class='ocr_line' id='line_1_37' title="bbox 667 4792 1364 4878; baseline -0.003 -21"><span class='ocrx_word' id='word_1_213' title='bbox 667 4792 793 4857; x_wconf 83' lang='lat' dir='ltr'>Celesti</span> <span class='ocrx_word' id='word_1_214' title='bbox 816 4794 933 4858; x_wconf 91' lang='lat' dir='ltr'>melius</span> <span class='ocrx_word' id='word_1_215' title='bbox 956 4793 1032 4858; x_wconf 91' lang='lat' dir='ltr'>huie</span> <span class='ocrx_word' id='word_1_216' title='bbox 1055 4795 1125 4859; x_wconf 86' lang='lat' dir='ltr'>sine</span> <span class='ocrx_word' id='word_1_217' title='bbox 1147 4794 1212 4857; x_wconf 85' lang='lat' dir='ltr'>tine</span> <span class='ocrx_word' id='word_1_218' title='bbox 1236 4794 1364 4878; x_wconf 85' lang='lat' dir='ltr'>places!</span> 
     </span>
    </p>
   </div>
   <div class='ocr_carea' id='block_1_8' title="bbox 218 5087 1877 5413">
    <p class='ocr_par' dir='ltr' id='par_1_11' title="bbox 218 5087 1877 5413">
     <span class='ocr_line' id='line_1_38' title="bbox 289 5087 1876 5155; baseline -0.001 -16"><span class='ocrx_word' id='word_1_219' title='bbox 289 5087 369 5154; x_wconf 79' lang='lat' dir='ltr'>ll&#39;lll]</span> <span class='ocrx_word' id='word_1_220' title='bbox 403 5090 431 5139; x_wconf 83' lang='lat' dir='ltr'>iu</span> <span class='ocrx_word' id='word_1_221' title='bbox 445 5089 493 5154; x_wconf 82' lang='lat' dir='ltr'>Cf.</span> <span class='ocrx_word' id='word_1_222' title='bbox 506 5087 546 5138; x_wconf 80' lang='lat'>15¹</span> <span class='ocrx_word' id='word_1_223' title='bbox 558 5088 709 5138; x_wconf 75' lang='lat' dir='ltr'>antecedunt</span> <span class='ocrx_word' id='word_1_224' title='bbox 721 5087 796 5138; x_wconf 79' lang='lat' dir='ltr'>lut-ec:</span> <span class='ocrx_word' id='word_1_225' title='bbox 814 5089 876 5138; x_wconf 79' lang='lat' dir='ltr'>Item</span> <span class='ocrx_word' id='word_1_226' title='bbox 893 5088 957 5137; x_wconf 84' lang='lat' dir='ltr'>ulios</span> <span class='ocrx_word' id='word_1_227' title='bbox 969 5104 1059 5138; x_wconf 81' lang='lat' dir='ltr'>versus</span> <span class='ocrx_word' id='word_1_228' title='bbox 1072 5101 1137 5152; x_wconf 86' lang='lat' dir='ltr'>quaa</span> <span class='ocrx_word' id='word_1_229' title='bbox 1155 5104 1232 5153; x_wconf 83' lang='lat' dir='ltr'>super</span> <span class='ocrx_word' id='word_1_230' title='bbox 1244 5087 1373 5138; x_wconf 85' lang='lat' dir='ltr'>tumulum</span> <span class='ocrx_word' id='word_1_231' title='bbox 1385 5088 1508 5138; x_wconf 86' lang='lat' dir='ltr'>Romoald</span> <span class='ocrx_word' id='word_1_232' title='bbox 1519 5089 1565 5138; x_wconf 86' lang='lat' dir='ltr'>lilii</span> <span class='ocrx_word' id='word_1_233' title='bbox 1578 5089 1680 5140; x_wconf 78' lang='lat' dir='ltr'>Arielris</span> <span class='ocrx_word' id='word_1_234' title='bbox 1691 5088 1876 5155; x_wconf 84' lang='lat' dir='ltr'>rapparibimus</span> 
     </span>
     <span class='ocr_line' id='line_1_39' title="bbox 218 5171 1877 5242; baseline 0 -18"><span class='ocrx_word' id='word_1_235' title='bbox 218 5173 331 5242; x_wconf 85' lang='lat' dir='ltr'>3prolia</span> <span class='ocrx_word' id='word_1_236' title='bbox 349 5193 416 5226; x_wconf 81' lang='lat' dir='ltr'>corr.</span> <span class='ocrx_word' id='word_1_237' title='bbox 434 5176 462 5224; x_wconf 83' lang='lat' dir='ltr'>in</span> <span class='ocrx_word' id='word_1_238' title='bbox 479 5175 564 5242; x_wconf 85' lang='lat' dir='ltr'>proles</span> <span class='ocrx_word' id='word_1_239' title='bbox 676 5171 770 5225; x_wconf 73' lang='lat' dir='ltr'>blera</span> <span class='ocrx_word' id='word_1_240' title='bbox 789 5175 811 5222; x_wconf 69' lang='lat' dir='ltr'>(l</span> <span class='ocrx_word' id='word_1_241' title='bbox 920 5171 1095 5224; x_wconf 81' lang='lat' dir='ltr'>9Grnmmati</span> <span class='ocrx_word' id='word_1_242' title='bbox 1114 5174 1412 5236; x_wconf 74' lang='lat' dir='ltr'>c&#39;,au(rra1nnutica?;</span> <span class='ocrx_word' id='word_1_243' title='bbox 1436 5175 1501 5225; x_wconf 86' lang='lat' dir='ltr'>Doto</span> <span class='ocrx_word' id='word_1_244' title='bbox 1521 5175 1599 5226; x_wconf 82' lang='lat' dir='ltr'>armni</span> <span class='ocrx_word' id='word_1_245' title='bbox 1616 5175 1715 5242; x_wconf 81' lang='lat' dir='ltr'>pollens</span> <span class='ocrx_word' id='word_1_246' title='bbox 1738 5173 1877 5240; x_wconf 71' lang='lat' dir='ltr'>Uylrellim,</span> 
     </span>
     <span class='ocr_line' id='line_1_40' title="bbox 218 5257 1877 5328; baseline -0.001 -17"><span class='ocrx_word' id='word_1_247' title='bbox 218 5265 364 5312; x_wconf 74' lang='lat' dir='ltr'>(tramutata</span> <span class='ocrx_word' id='word_1_248' title='bbox 381 5261 540 5328; x_wconf 84' lang='lat' dir='ltr'>praepollens</span> <span class='ocrx_word' id='word_1_249' title='bbox 558 5261 628 5310; x_wconf 80' lang='lat' dir='ltr'>Mur.</span> <span class='ocrx_word' id='word_1_250' title='bbox 750 5257 782 5310; x_wconf 79' lang='lat'>12</span> <span class='ocrx_word' id='word_1_251' title='bbox 799 5278 831 5311; x_wconf 90' lang='lat' dir='ltr'>eu</span> <span class='ocrx_word' id='word_1_252' title='bbox 853 5261 874 5310; x_wconf 81' lang='lat' dir='ltr'><em>C</em></span> <span class='ocrx_word' id='word_1_253' title='bbox 985 5257 1018 5309; x_wconf 84' lang='lat'>15</span> <span class='ocrx_word' id='word_1_254' title='bbox 1035 5261 1086 5310; x_wconf 76' lang='lat' dir='ltr'>Seu</span> <span class='ocrx_word' id='word_1_255' title='bbox 1106 5261 1128 5310; x_wconf 54' lang='lat'>(1¹</span> <span class='ocrx_word' id='word_1_256' title='bbox 1237 5257 1271 5309; x_wconf 82' lang='lat'>18</span> <span class='ocrx_word' id='word_1_257' title='bbox 1288 5259 1440 5325; x_wconf 83' lang='lat' dir='ltr'>proprietate</span> <span class='ocrx_word' id='word_1_258' title='bbox 1461 5259 1483 5310; x_wconf 79' lang='lat' dir='ltr'><em>U</em></span> <span class='ocrx_word' id='word_1_259' title='bbox 1592 5259 1626 5310; x_wconf 86' lang='lat'>19</span> <span class='ocrx_word' id='word_1_260' title='bbox 1643 5261 1784 5313; x_wconf 86' lang='lat' dir='ltr'>ObbiusC</span> <span class='ocrx_word' id='word_1_261' title='bbox 1850 5260 1877 5309; x_wconf 89' lang='lat' dir='ltr'>in</span> 
     </span>
     <span class='ocr_line' id='line_1_41' title="bbox 219 5343 1216 5413; baseline 0.002 -17"><span class='ocrx_word' id='word_1_262' title='bbox 219 5364 375 5412; x_wconf 89' lang='lat' dir='ltr'>munereque</span> <span class='ocrx_word' id='word_1_263' title='bbox 396 5347 418 5396; x_wconf 67' lang='lat' dir='ltr'>(l</span> <span class='ocrx_word' id='word_1_264' title='bbox 517 5343 552 5397; x_wconf 77' lang='lat'>22</span> <span class='ocrx_word' id='word_1_265' title='bbox 569 5347 645 5412; x_wconf 87' lang='lat' dir='ltr'>loque</span> <span class='ocrx_word' id='word_1_266' title='bbox 665 5347 691 5412; x_wconf 63' lang='lat' dir='ltr'>(l,</span> <span class='ocrx_word' id='word_1_267' title='bbox 709 5347 829 5413; x_wconf 87' lang='lat' dir='ltr'>loquente</span> <span class='ocrx_word' id='word_1_268' title='bbox 848 5347 917 5398; x_wconf 78' lang='lat' dir='ltr'>Mur.</span> <span class='ocrx_word' id='word_1_269' title='bbox 1022 5345 1216 5399; x_wconf 68' lang='lat' dir='ltr'>auderesne</span> 
     </span>
    </p>
   </div>
   <div class='ocr_carea' id='block_1_9' title="bbox 219 5514 1877 5778">
    <p class='ocr_par' dir='ltr' id='par_1_12' title="bbox 219 5514 1877 5778">
     <span class='ocr_line' id='line_1_42' title="bbox 289 5514 1876 5586; baseline -0.001 -17"><span class='ocrx_word' id='word_1_270' title='bbox 289 5519 314 5584; x_wconf 92' lang='grc'>1)</span> <span class='ocrx_word' id='word_1_271' title='bbox 333 5516 525 5586; x_wconf 74' lang='lat' dir='ltr'>Adelperyum.</span> <span class='ocrx_word' id='word_1_272' title='bbox 594 5519 621 5584; x_wconf 77' lang='lat'>2)</span> <span class='ocrx_word' id='word_1_273' title='bbox 640 5519 711 5570; x_wconf 80' lang='lat' dir='ltr'>Ano.</span> <span class='ocrx_word' id='word_1_274' title='bbox 730 5517 859 5571; x_wconf 80' lang='lat' dir='ltr'>Lauriaa.</span> <span class='ocrx_word' id='word_1_275' title='bbox 878 5516 951 5580; x_wconf 76' lang='lat' dir='ltr'>min,</span> <span class='ocrx_word' id='word_1_276' title='bbox 969 5517 1065 5570; x_wconf 84' lang='lat' dir='ltr'>maior.</span> <span class='ocrx_word' id='word_1_277' title='bbox 1085 5517 1146 5569; x_wconf 74' lang='lat'><strong>787:</strong></span> <span class='ocrx_word' id='word_1_278' title='bbox 1168 5515 1295 5569; x_wconf 85' lang='lat' dir='ltr'>Hariehis</span> <span class='ocrx_word' id='word_1_279' title='bbox 1314 5515 1369 5569; x_wconf 84' lang='lat' dir='ltr'>dux</span> <span class='ocrx_word' id='word_1_280' title='bbox 1389 5515 1602 5569; x_wconf 81' lang='lat' dir='ltr'>Beneventanus</span> <span class='ocrx_word' id='word_1_281' title='bbox 1621 5515 1697 5569; x_wconf 90' lang='lat' dir='ltr'>misit</span> <span class='ocrx_word' id='word_1_282' title='bbox 1709 5514 1876 5568; x_wconf 89' lang='lat' dir='ltr'>Romaldum</span> 
     </span>
     <span class='ocr_line' id='line_1_43' title="bbox 219 5617 1877 5691; baseline -0.001 -18"><span class='ocrx_word' id='word_1_283' title='bbox 219 5619 306 5674; x_wconf 90' lang='lat' dir='ltr'>filium</span> <span class='ocrx_word' id='word_1_284' title='bbox 324 5637 405 5674; x_wconf 81' lang='lat' dir='ltr'>suum</span> <span class='ocrx_word' id='word_1_285' title='bbox 423 5639 485 5674; x_wconf 88' lang='lat' dir='ltr'>eum</span> <span class='ocrx_word' id='word_1_286' title='bbox 503 5621 613 5690; x_wconf 76' lang='lat' dir='ltr'>magnis</span> <span class='ocrx_word' id='word_1_287' title='bbox 632 5621 791 5675; x_wconf 78' lang='lat' dir='ltr'>muneribus</span> <span class='ocrx_word' id='word_1_288' title='bbox 810 5621 950 5691; x_wconf 81' lang='lat' dir='ltr'>postolare</span> <span class='ocrx_word' id='word_1_289' title='bbox 969 5619 1004 5672; x_wconf 86' lang='lat' dir='ltr'>de</span> <span class='ocrx_word' id='word_1_290' title='bbox 1022 5619 1145 5673; x_wconf 81' lang='lat' dir='ltr'>adventu</span> <span class='ocrx_word' id='word_1_291' title='bbox 1164 5617 1291 5671; x_wconf 85' lang='lat' dir='ltr'>iamdicti</span> <span class='ocrx_word' id='word_1_292' title='bbox 1318 5618 1413 5672; x_wconf 89' lang='lat' dir='ltr'>domni</span> <span class='ocrx_word' id='word_1_293' title='bbox 1431 5619 1517 5688; x_wconf 79' lang='lat' dir='ltr'>regis,</span> <span class='ocrx_word' id='word_1_294' title='bbox 1541 5621 1574 5672; x_wconf 88' lang='lat' dir='ltr'>ut</span> <span class='ocrx_word' id='word_1_295' title='bbox 1595 5617 1625 5672; x_wconf 91' lang='lat' dir='ltr'>in</span> <span class='ocrx_word' id='word_1_296' title='bbox 1644 5617 1803 5672; x_wconf 86' lang='lat' dir='ltr'>Benevento</span> <span class='ocrx_word' id='word_1_297' title='bbox 1821 5636 1877 5672; x_wconf 90' lang='lat' dir='ltr'>non</span> 
     </span>
     <span class='ocr_line' id='line_1_44' title="bbox 219 5723 369 5778; baseline 0 -1"><span class='ocrx_word' id='word_1_298' title='bbox 219 5723 369 5778; x_wconf 80' lang='lat' dir='ltr'>introisset.</span> 
     </span>
    </p>
   </div>
   <div class='ocr_carea' id='block_1_10' title="bbox 0 0 2293 6436">
    <p class='ocr_par' dir='ltr' id='par_1_13' title="bbox 0 0 2293 6436">
     <span class='ocr_line' id='line_1_45' title="bbox 0 0 2293 6436; baseline 0 0"><span class='ocrx_word' id='word_1_299' title='bbox 0 0 2293 6436; x_wconf 95' lang='lat' dir='ltr'> </span> 
     </span>
    </p>
   </div>
  </div>
 </body>
</html>
