4628 6428
613 411 840 466 ammonam.
876 411 1083 468 INSCRIPTIO
1102 411 1207 468 SACRI
1225 411 1372 469 CODIClS.

979 607 999 650 11

528 689 599 762 Ειι,
629 710 691 774 ego
714 690 829 775 pulcra
851 689 938 753 foras
962 711 1049 770 sum,
1084 689 1143 754 sed
1166 689 1270 774 magis
1293 690 1383 753 utilis
1406 689 1505 772 intus,

528 792 588 856 Est
612 793 737 857 calidus
760 799 890 872 venter,
919 793 1035 858 feritur
1057 793 1135 858 dum
1158 794 1279 878 frigore
1303 801 1429 860 vertex.

526 896 653 960 Avidus
676 896 797 982 hospes
820 903 909 960 amat
930 895 1060 981 gelidae
1082 918 1134 960 me
1158 904 1305 983 tempore
1327 897 1474 978 brumae,

616 999 680 1072 Qui
704 998 810 1062 calida
832 1006 958 1063 aestate
984 1000 1109 1085 spernit
1132 999 1249 1064 adesse
1272 1000 1363 1064 mihi.

529 1103 575 1166 Os
598 1103 632 1166 in
654 1109 768 1166 ventre
791 1103 872 1166 mihi
896 1109 962 1184 est,
996 1103 1152 1188 quadrato
1177 1104 1210 1167 in
1232 1111 1368 1188 gutture
1391 1125 1498 1184 nares,

611 1204 673 1278 Qui
698 1206 801 1292 spirat
824 1206 964 1288 fumum,
995 1206 1071 1271 dum
1096 1207 1182 1272 calet
1201 1208 1258 1272 ille
1281 1208 1365 1272 loco.

939 1593 1043 1658 LXV.

985 1719 994 1762 1

529 1800 670 1864 Nomine
693 1799 878 1886 pandecten
901 1801 1033 1887 proprio
1056 1803 1200 1867 vocitare
1224 1810 1388 1868 memento

612 1904 685 1968 Hoc
709 1926 826 1990 corpus
850 1926 995 1986 sacrum,
1023 1907 1143 1986 lector,
1167 1907 1201 1970 in
1224 1929 1280 1972 ore
1303 1914 1371 1972 tuo.

530 2007 625 2080 Quod
648 2030 734 2073 nunc
757 2009 777 2072 a
799 2010 911 2073 multis
936 2017 1064 2074 constat
1085 2010 1287 2075 bibliotheca
1309 2011 1397 2075 diota

610 2111 751 2175 Nomine
774 2133 839 2175 non
861 2113 1011 2197 proprio,
1037 2119 1075 2176 ut
1097 2114 1212 2197 lingua
1234 2113 1377 2198 Pelasga
1399 2113 1504 2178 docet.

530 2215 569 2278 In
592 2215 654 2280 hoa
678 2216 764 2280 dioto
787 2215 839 2280 dei
864 2216 1046 2280 conduntur
1068 2217 1205 2301 mystica
1229 2218 1356 2298 summi,

612 2315 663 2382 Da
688 2318 806 2402 quibus
831 2319 984 2402 egregius
1009 2319 1093 2382 vatis
1117 2319 1151 2382 in
1175 2341 1230 2384 ore
1255 2321 1378 2384 canit¹:

528 2420 600 2486 ‘Est
622 2423 702 2486 mihi
724 2422 780 2487 lex
803 2422 925 2486 domini
948 2421 1053 2486 dulcis
1078 2445 1178 2509 super
1201 2424 1310 2488 omnia
1331 2424 1440 2506 mella,

613 2524 728 2589 Carior
750 2531 848 2610 atque
873 2526 943 2590 auri
967 2527 1058 2590 milia
1080 2528 1185 2592 multa
1208 2529 1327 2612 super'.

531 2629 712 2694 Strennuus
735 2630 818 2693 hano
842 2628 965 2693 domini
987 2630 1127 2695 famulus
1151 2632 1314 2695 custodiet
1336 2638 1422 2712 actu,

620 2733 681 2797 Oui
703 2755 830 2798 merces
854 2735 937 2798 caeli
960 2756 1080 2821 perpes
1103 2736 1137 2798 in
1160 2757 1236 2800 arce
1259 2743 1378 2800 manet.

529 2837 659 2902 Codicis
684 2837 779 2901 istius
803 2844 883 2922 quot
906 2839 1037 2902 suntin
1061 2861 1197 2926 corpore
1220 2847 1334 2906 sancto

610 2941 772 3027 Depictae
796 2941 909 3005 formis
932 2941 1097 3007 litterulae
1120 2945 1235 3009 variis:

530 3044 704 3110 Mercedes
728 3045 849 3110 babeat
873 3044 1004 3110 Christo
1028 3045 1169 3112 donante
1192 3071 1251 3135 per
1273 3070 1391 3113 aevum

612 3151 676 3214 Tot
699 3150 835 3214 Carolus
859 3173 935 3232 rex,
964 3152 1019 3236 qui
1043 3153 1186 3218 scribere
1210 3153 1306 3218 iussit
1330 3152 1435 3219 euml.

979 3349 998 3391 ιι

530 3429 624 3494 Haec
647 3427 759 3492 divina
781 3428 834 3492 dci
857 3430 988 3514 placeat
1011 3430 1187 3516 scriptura,
1224 3452 1425 3516 praecamur,

614 3531 772 3596 Sensibus
797 3539 894 3616 atque
919 3533 1039 3612 oculis,
1068 3534 1173 3597 lector
1194 3533 1350 3614 honeste,
1378 3534 1456 3598 tuis.

531 3635 671 3722 Spiritus
695 3635 778 3698 hanc
802 3635 886 3699 caeli
910 3642 1042 3700 sanatus
1065 3635 1200 3700 dictavit
1223 3637 1264 3700 ab
1288 3658 1374 3718 arce,

615 3738 655 3802 In
678 3760 742 3824 qua
763 3759 841 3802 vera
863 3738 945 3803 fides
964 3738 1074 3826 lnlget
1097 3746 1131 3802 et
1153 3741 1239 3802 alma
1262 3740 1362 3803 salus.

839 3861 1147 3868 —--—-—.-----...

530 3922 685 4002 Prome,
709 3922 848 4007 quisque
871 3923 963 4007 legas
987 3945 1120 4002 versuo,
1153 3945 1246 3988 orare
1270 3931 1452 3990 memento:

611 4026 773 4090 Alohuine
799 4026 890 4090 dicor
913 4049 989 4112 cgo,
1019 4034 1055 4091 tu
1077 4027 1147 4092 sine
1170 4028 1234 4093 fine
1257 4031 1348 4094 vale!

975 4234 1005 4276 ιιι

528 4316 640 4402 Magni
663 4337 782 4400 magna
804 4315 857 4381 dei
881 4325 1050 4403 portantes
1075 4339 1210 4383 munera
1231 4320 1367 4406 templo,
1469 4376 1490 4392 ‚s

614 4418 704 4492 Quos
727 4419 872 4484 laudarit
895 4442 995 4484 ovans
1019 4443 1074 4485 ore
1098 4423 1151 4508 pio
1175 4423 1333 4507 populum

528 4523 669 4587 Parvula
693 4523 751 4588 sed
774 4523 892 4589 viduae
915 4525 1065 4590 dominus
1089 4526 1152 4590 duo
1176 4527 1345 4590 nummula
1366 4525 1512 4612 praefert

610 4627 778 4692 Nobilium
802 4627 898 4693 donis
921 4629 1042 4694 famine
1066 4629 1244 4695 veridico³.

279 4787 503 4796 ——1-0—--m-
520 4789 532 4794 -
558 4789 617 4794 --r--
662 4787 720 4792 —--

279 4893 289 4956 ΙΙ
308 4889 345 4957 [ιι]
365 4892 423 4942 Hoc
441 4907 544 4941 carnaea
562 4891 589 4940 in
611 4891 669 4941 edil.
687 4891 839 4952 (perrectum
856 4891 954 4940 initiam
973 4899 1009 4940 est
1027 4909 1106 4940 curor.
1118 4889 1238 4956 Url'ULl',
1256 4890 1326 4956 quod
1343 4907 1399 4940 cum
1418 4892 1575 4956 sequentibus
1592 4890 1705 4940 vestm
1722 4889 1823 4940 mullum

163 4978 342 5027 commemorem
361 4977 448 5034 laudm,-
465 4984 539 5040 armac
557 4975 616 5026 diue
633 4975 694 5026 inde
712 4977 852 5026 detractum
870 4977 916 5026 aad
935 4976 982 5026 doc
1000 4977 1071 5027 titulo
1087 4977 1228 5041 posuimus.
1253 4975 1361 5026 FROB.
1466 4974 1544 5028 (iilln
1563 4976 1585 5039 Q

232 5061 323 5129 [LXV]
360 5065 413 5114 cirre
431 5063 502 5112 burlo
522 5062 548 5111 im
566 5061 650 5112 codice
669 5062 803 5110 bibliorum
822 5061 984 5112 bibliothecae
1004 5062 1199 5113 Vollicelliorroe
1216 5061 1270 5112 136
1288 5080 1353 5113 saec.
1371 5065 1414 5113 lx.
1434 5079 1486 5126 em,
1512 5063 1540 5112 in
1557 5079 1606 5128 quo
1624 5062 1713 5112 eadem
1735 5077 1824 5124 mortu,

162 5166 228 5213 pirae
249 5159 326 5199 totum
349 5150 460 5200 codicem
481 5149 630 5199 callidissime
652 5149 780 5212 exarat-ir,
803 5148 866 5198 boec
884 5149 1001 5198 carmina
1019 5150 1045 5198 in
1058 5151 1114 5215 sinc
1132 5149 1265 5214 adscripto
1283 5151 1409 5214 lepurrtur.
1527 5144 1582 5213 llll]
1603 5145 1634 5198 ll
1654 5149 1722 5215 quod
1740 5147 1827 5198 sintC'

266 5302 293 5366 1)
313 5301 413 5355 Psalm.
435 5301 491 5363 118,
512 5301 571 5364 103,
590 5299 649 5354 121.
718 5301 746 5367 2)
768 5293 818 5368 0ss
831 5301 1007 5368 Ampelomam
1024 5301 1056 5353 ia
1076 5301 1213 5355 Genesim
1231 5316 1253 5354 c.
1266 5301 1298 5353 ll
1317 5301 1384 5367 (Per
1407 5301 1699 5372 Tbeeaar.unrcd.1,
1718 5303 1823 5370 1‚148):

163 5403 236 5457 unde
259 5404 396 5474 siquidem
420 5404 526 5466 lerunt,
549 5404 624 5473 quod
648 5407 728 5474 pater
746 5404 865 5458 Albinus
889 5404 918 5458 in
943 5404 1128 5488 bibliotheca,
1152 5424 1237 5474 quam
1257 5405 1359 5459 Karolo
1382 5405 1504 5475 principi
1523 5405 1656 5468 correxit,
1681 5407 1755 5474 quod
1774 5425 1824 5462 nos

163 5508 248 5562 etiam
266 5509 354 5563 oculis
377 5509 528 5579 diligenter
551 5509 622 5564 inibi
641 5510 822 5580 inspeximus,
842 5501 988 5564 emendare
1006 5511 1130 5574 curavit,
1154 5510 1287 5565 videlicet
1311 5510 1371 5564 sinc
1396 5527 1451 5564 uno
1470 5511 1494 5563 R
1514 5509 1646 5564 ‘Saraam'
1665 5513 1694 5564 at
1711 5511 1766 5566 duo
1785 5513 1823 5573 m

162 5617 191 5667 et
209 5613 238 5667 in
256 5612 358 5668 nostris
376 5611 542 5680 quibusdam
561 5613 748 5667 voluminibus
767 5614 807 5667 ito
827 5613 938 5683 legitur.
992 5614 1019 5676 3)
1042 5615 1111 5669 Lac.
1129 5615 1262 5679 21‚1-3.
1301 5615 1344 5683 Cf.
1364 5631 1452 5684 supra
1466 5613 1557 5684 paea
1575 5613 1637 5667 Vita
1657 5613 1686 5668 S.
1705 5615 1823 5670 Willibr.

164 5718 264 5786 Proes.
287 5733 312 5771 a.
332 5716 456 5770 13-15.

1559 5811 1615 5866 36*
