4936 6406
1155 418 1344 473 HIBERNICI
1362 415 1492 472 EXULIS
1511 415 1688 472 CARMINA.

963 594 1026 669 Qui
1049 593 1224 676 deciesque
1248 597 1366 677 quater
1387 612 1447 677 per
1470 611 1531 654 sex
1554 589 1696 654 feliciter
1719 609 1821 652 anuos

962 698 1099 785 Sceptra
1121 705 1238 776 tenens
1261 696 1356 780 regni
1379 703 1411 759 et
1434 716 1536 779 ragno
1561 717 1620 759 rex
1643 715 1748 778 regna
1771 694 1949 776 reiungens

961 801 1068 864 Febro
1094 837 1133 845 —
1157 799 1309 884 migravit
1331 799 1443 883 quinto
1467 798 1592 861 —arii
1616 819 1658 862 ex
1681 797 1760 861 orbe
1783 795 1954 874 kalendas,

963 903 1181 988 Septuaginta
1204 924 1309 966 senex
1331 903 1418 965 vitae
1442 901 1496 985 qui
1520 902 1674 965 terminat
1696 921 1810 964 annos.

963 1008 1171 1094 Quapropter
1193 1007 1314 1091 flagito,
1338 1005 1494 1091 precibus
1518 1005 1546 1067 si
1569 1005 1711 1068 flecteris
1734 1004 1822 1084 ullis,

962 1110 1091 1196 Quique
1115 1111 1212 1174 huius
1235 1110 1370 1193 relegis,
1395 1110 1514 1186 lector,
1539 1109 1775 1195 epigrammata
1797 1127 1923 1186 versus,

960 1213 1166 1279 ‘Astriieram
1190 1211 1306 1277 Karoli
1329 1212 1466 1291 teneat',
1490 1210 1552 1292 dic,
1576 1211 1723 1298 ‘spiritus
1747 1211 1880 1278 arcem'!

1385 1591 1461 1658 XX.

1419 1718 1427 1759 ι

961 1782 1132 1866 Quisquc¹
1156 1783 1249 1845 venis
1273 1781 1379 1846 studio
1403 1781 1552 1847 discendi
1576 1781 1695 1861 fretus,
1718 1781 1833 1860 amice,

1045 1884 1286 1949 Grammaticae
1309 1906 1456 1950 normam
1480 1907 1618 1970 querere
1643 1885 1867 1969 rectiloquam,

960 1987 1070 2052 Huius
1093 1987 1182 2052 adito
1206 1988 1321 2052 domus
1345 1990 1534 2077 properanti
1558 1989 1671 2053 limina
1694 2009 1822 2072 gressu,

1045 2091 1152 2166 Quam
1175 2093 1283 2178 signat
1305 2094 1418 2158 titulus
1442 2093 1592 2158 versibus
1616 2093 1679 2157 iste
1704 2093 1784 2155 suis.

962 2194 1016 2258 Ad
1038 2196 1198 2279 liquidum
1221 2203 1312 2260 certo
1336 2218 1434 2281 quam
1456 2197 1580 2283 primus
1602 2195 1757 2280 dogmata
1779 2194 1873 2258 duxit

1047 2296 1216 2380 Donatus,
1240 2299 1326 2364 fama
1348 2309 1445 2364 notus
1468 2302 1502 2365 in
1526 2301 1604 2365 orbe
1627 2301 1691 2386 pia.

961 2400 1130 2466 Nobilium
1153 2409 1348 2488 postquem
1371 2403 1541 2468 doctorum
1564 2404 1662 2467 turba
1684 2408 1798 2466 secuta
1821 2408 1881 2480 est,

1047 2501 1193 2576 Quorum
1217 2508 1353 2591 quisque
1378 2529 1438 2571 sua
1461 2508 1635 2572 nobilitate
1657 2507 1757 2590 viget.

959 2606 1056 2671 Hanc
1080 2609 1276 2694 quicumque
1300 2611 1390 2695 capis
1414 2611 1562 2674 studioso
1584 2617 1733 2697 pectore,
1757 2610 1869 2689 lector,

880 2733 904 2769 ιο
1049 2711 1093 2776 Et
1116 2733 1229 2776 servas
1252 2733 1334 2798 pura
1357 2713 1475 2776 mentis
1499 2714 1533 2777 in
1556 2734 1630 2777 arce
1653 2719 1721 2793 tua,

961 2813 1092 2878 Diceris
1115 2814 1244 2895 doctor,
1268 2817 1350 2879 recti
1375 2818 1535 2881 sermonis
1558 2823 1694 2897 amator,

1050 2918 1247 3004 Eloquiique
1271 2927 1407 3004 potens,
1432 2921 1614 2985 rusticitate
1638 2940 1764 2983 carens.

961 3221 1110 3286 Facundi
1132 3222 1210 3286 dicti
1234 3223 1261 3286 si
1286 3223 1336 3286 cui
1361 3156 1582 3287 estnstudiosa
1604 3223 1767 3301 voluntas,

1048 3324 1119 3398 Quo
1144 3327 1240 3391 civile
1264 3326 1359 3390 datur
1382 3327 1433 3391 ius
1456 3326 1543 3391 bene
1566 3348 1664 3390 nossc
1688 3327 1789 3413 pium,

960 3430 1055 3494 Haec
1079 3430 1206 3508 subeat,
1229 3431 1318 3494 uario
1341 3431 1476 3494 rutilant
1500 3452 1583 3515 quae
1609 3437 1697 3494 tecta
1720 3431 1837 3510 nitore,

1042 3534 1130 3598 Hinc
1155 3536 1309 3618 quoniam
1331 3535 1428 3620 pleno
1452 3534 1607 3619 dogmata
1630 3534 1719 3598 fonte
1744 3536 1859 3608 fluunt,

964 3638 1056 3712 Quae
1080 3637 1179 3702 Greci
1202 3645 1393 3702 asseverant
1418 3636 1543 3722 Gorgia
1565 3646 1698 3703 auctore
1721 3645 1852 3725 reperta

1046 3741 1229 3825 Ermagora
1251 3762 1400 3825 cumque,
1424 3741 1502 3827 quin
1525 3749 1558 3805 et
1580 3741 1762 3807 Aristotele
1774 3742 1796 3806 ².

960 3845 1006 3910 At
1028 3853 1061 3910 te
1087 3845 1318 3910 concelebrant
1341 3853 1508 3909 auctorem
1530 3846 1600 3909 iure
1624 3845 1743 3926 Latini,

1042 3949 1234 4032 Rethorica,
1259 3949 1361 4030 Tulli,
1385 3949 1555 4013 nobilitate
1579 3949 1714 4012 micans.

962 4051 1024 4116 Cui
1045 4053 1150 4117 lector
1171 4053 1334 4139 placidam
1357 4053 1385 4116 si
1407 4053 1479 4136 quis
1502 4053 1727 4116 accommodet
1750 4053 1885 4117 aurem³

1048 4156 1198 4220 Pectoris
1222 4164 1319 4240 atque
1345 4177 1403 4219 suo
1428 4155 1541 4220 ordine
1566 4163 1683 4220 cuncta
1706 4156 1800 4236 ferat,

964 4258 1100 4322 Utilitas
1122 4260 1210 4323 vitae
1234 4281 1317 4345 quac
1342 4260 1394 4341 sit,
1418 4259 1585 4324 discernet
1608 4260 1745 4325 honeste

1046 4361 1194 4426 Moribus
1218 4369 1251 4426 et
1273 4363 1385 4447 lingua
1408 4365 1514 4427 clarus
1537 4371 1570 4428 ct
1593 4371 1663 4429 arte
1686 4365 1775 4449 vigil.

1410 4602 1441 4646 ru

961 4666 1118 4752 Quisquis
1142 4666 1246 4732 habes
1270 4674 1395 4747 votum,
1420 4689 1503 4753 quae
1528 4669 1571 4731 sit
1594 4666 1781 4748 dialectica,
1805 4668 1888 4733 scire

1043 4768 1153 4853 Atque
1177 4769 1350 4854 potestatis
1374 4770 1439 4832 vim
1462 4789 1591 4855 quoque
1616 4790 1714 4832 nosse
1738 4769 1835 4855 petis,

700 4995 717 5046 8
734 5005 759 5048 et
778 4998 888 5064 iungens
897 4997 928 5046 N
1010 4992 1027 5044 9
1045 4996 1130 5045 Febru
1142 4994 1167 5043 A
1242 4993 1276 5044 10
1293 5013 1339 5046 aex
1349 4995 1379 5044 N
1457 4994 1489 5071 ll
1501 4998 1636 5062 praecibus
1649 4995 1674 5045 P
1759 4995 1792 5046 12
1805 5006 1968 5064 epygramma
1979 4999 2009 5047 N
2091 4995 2123 5048 13
2135 5013 2220 5048 arcem
2230 4995 2263 5044 N

664 5080 746 5149 [XXrl
783 5081 800 5133 3
823 5083 982 5150 propseranti
996 5080 1021 5130 P
1106 5079 1140 5131 10
1156 5082 1232 5132 arche
1249 5080 1274 5130 P
1370 5081 1380 5144 ΙΙ
1403 5080 1438 5147 [ιι]
1460 5082 1474 5132 l
1493 5085 1592 5134 sicucui
1608 5083 1633 5132 P
1716 5081 1734 5132 2
1752 5085 1796 5148 qui
1810 5084 1836 5133 P
1920 5083 1937 5136 5
1955 5084 2048 5150 QuaP
2136 5081 2153 5134 8
2170 5083 2219 5135 tuli
2234 5083 2261 5132 P

593 5169 610 5220 9
622 5170 721 5236 placida
730 5168 755 5218 P
844 5168 876 5220 ll
895 5170 1004 5220 Utilitas
1014 5167 1040 5217 P
1094 5169 1226 5220 honestam
1237 5168 1263 5217 P

701 5303 727 5369 1)
748 5303 809 5356 Hoc
829 5318 938 5357 carruca
956 5311 981 5358 et
1000 5321 1071 5372 quac
1090 5310 1244 5372 sequuntur
1262 5308 1363 5373 septem
1381 5305 1417 5358 ud
1432 5305 1570 5375 palatium
1578 5305 1719 5375 pertinere
1736 5305 1872 5372 uideatur,
1890 5307 1964 5376 qaod
1980 5307 2082 5360 artium
2099 5304 2258 5359 liberalium

594 5405 765 5476 iaroyiaihua
792 5413 954 5460 caumatum
972 5413 1041 5474 erat,
1068 5407 1138 5460 illud
1164 5407 1301 5474 sortasse,
1329 5409 1403 5477 qaod
1428 5409 1588 5476 Fardalsus
1611 5409 1697 5462 otios
1722 5409 1822 5463 Coroto
1844 5410 1905 5480 repi
1927 5409 1956 5462 ia
1978 5407 2143 5462 monasterio
2166 5409 2259 5462 sancti

594 5509 729 5578 Dionysii
750 5512 924 5564 conversanti
945 5516 1154 5574 construxerat,
1177 5511 1214 5578 cf.
1233 5527 1323 5579 supra
1338 5528 1367 5580 p.
1386 5512 1444 5565 352.
1524 5513 1552 5578 2)
1572 5511 1674 5566 Isidor.
1695 5511 1814 5580 Etyawt.
1833 5513 1875 5577 II,
1887 5513 1912 5576 2,
1934 5513 1945 5564 l
1966 5510 2042 5563 Haec
2059 5512 2153 5562 autem
2172 5507 2257 5562 disci·

595 5612 674 5680 plina
699 5631 717 5666 a
743 5613 855 5667 Graecis
878 5614 994 5667 inventa
1018 5615 1073 5676 est,
1100 5631 1118 5665 a
1144 5613 1261 5682 Gorgia,
1286 5612 1448 5676 Aristotele,
1477 5614 1661 5683 Hermagora,
1689 5616 1718 5667 ct
1746 5614 1884 5668 translata
1907 5613 1937 5678 in
1962 5612 2093 5666 Latinum
2117 5629 2134 5664 a
2151 5610 2256 5666 Tullio.

594 5716 622 5782 3)
642 5716 726 5770 Riese
744 5717 853 5771 Arctoi.
873 5717 966 5770 71612.
986 5717 999 5768 1
1019 5715 1139 5786 prudens
1159 5717 1351 5772 admmmodet
1367 5735 1470 5772 aurem.
