4612 6420
797 393 978 452 FllltllULFl
997 395 1149 454 ABBATIS
1169 395 1344 452 cramus.

1057 659 1084 722 Ι.

615 777 767 843 Culmina
790 780 936 844 cernenti
959 781 1083 858 lectori,
1107 780 1227 861 littera,
1250 802 1374 867 prome,

697 882 880 948 ‘Fardulfus
903 882 1021 948 Oarolo
1045 883 1190 948 condidit
1212 885 1275 947 ista
1299 885 1379 948 suo'.

615 985 720 1059 Quem
744 987 921 1072 quondam,
952 988 1103 1072 propriae
1127 987 1233 1051 fuerat
1255 986 1330 1051 dum
1355 995 1485 1073 secptra
1507 995 1638 1052 secutus

698 1089 825 1166 Gentis,
849 1091 882 1154 in
905 1091 1061 1154 adversas
1084 1090 1151 1154 lata
1174 1091 1279 1156 tulere
1303 1091 1383 1154 vias.

545 1217 555 1252 s
612 1193 767 1258 Attamen
790 1194 843 1257 hie
866 1193 942 1259 fidei
967 1193 1106 1258 dominis
1131 1195 1274 1258 servavit
1296 1194 1462 1275 honorem,

695 1297 757 1360 His
780 1299 873 1382 regni
897 1299 1043 1383 quamvis
1068 1297 1183 1361 ultima
1206 1305 1293 1360 meta
1315 1297 1410 1361 foret.

612 1399 758 1464 Tandem
782 1402 917 1465 rectoris
942 1400 1050 1464 Caroli
1074 1400 1224 1464 felicibus
1248 1401 1346 1464 armis

695 1503 815 1583 Cessit,
839 1505 927 1568 etin
951 1505 1069 1568 melius
1093 1505 1159 1568 fors
1183 1504 1244 1566 sibi
1268 1503 1368 1567 cessit
1390 1503 1462 1569 iter.

612 1606 700 1670 Huic
724 1628 863 1692 quoquc,
887 1607 964 1671 dum
988 1606 1064 1671 fidei
1088 1609 1229 1678 salvaret
1251 1627 1387 1670 munera
1406 1607 1487 1691 regi,

693 1709 768 1774 Rex
791 1710 854 1774 sibi
878 1713 1067 1795 praecelsus
1093 1710 1232 1795 plurima
1255 1710 1340 1773 dona
1362 1710 1462 1777 dedit.

613 1814 703 1878 Inter
727 1835 810 1898 quae
834 1815 939 1877 saneti
963 1814 1103 1900 Dionysi
1126 1823 1233 1880 rector
1256 1823 1291 1879 ut
1315 1817 1409 1881 aulae

694 1917 815 1996 Floret,
839 1918 974 1982 indulsit
996 1920 1151 2005 pacificus
1176 1920 1312 1984 Carolus
1327 1922 1346 1986 ¹.

611 2019 705 2083 Hane
728 2021 931 2084 benefactori
953 2022 1136 2085 construxit
1158 2021 1312 2107 providus
1336 2021 1461 2102 aedem.

695 2122 733 2186 In
757 2145 820 2208 qua
842 2146 916 2188 cum
938 2124 1069 2188 famulis
1092 2125 1235 2209 gaudeat
1257 2126 1328 2211 ipse
1352 2126 1430 2190 suis.

612 2225 689 2312 Ipse
714 2229 782 2290 suis
806 2229 920 2309 servis,
944 2228 1021 2292 fidei
1043 2250 1124 2313 quos
1148 2229 1277 2292 vincula
1299 2234 1444 2308 nectunt,

694 2333 869 2398 Laetitiam
892 2334 1046 2419 princeps
1068 2333 1227 2418 praebeat
1249 2333 1460 2418 armipotens.

611 2436 703 2501 More
726 2443 835 2502 tamen
858 2445 1004 2502 veterum
1028 2445 1226 2522 consurgere
1248 2437 1346 2501 iussit
1368 2459 1502 2502 avorum

695 2539 855 2620 Culmina,
879 2540 1087 2625 praefulgent
1109 2541 1197 2625 regis
1220 2540 1343 2605 honore
1367 2540 1497 2606 domus:

611 2642 655 2706 Ut
678 2643 805 2726 quoties
828 2643 921 2726 regni
944 2644 1112 2729 praeclara
1135 2644 1258 2728 palatia
1279 2644 1407 2724 lustrat,

693 2745 836 2810 Fardulli
859 2747 973 2811 famuli
997 2747 1038 2810 sit
1061 2768 1185 2812 memor
1207 2747 1261 2813 ille
1286 2747 1345 2810 sui.

863 2939 1274 2946 ———-—---..-.—-..--.—

1048 3122 1091 3186 ΙΙ.

608 3241 704 3305 Hanc
726 3242 795 3320 tibi,
819 3263 1014 3326 praecursor
1037 3241 1169 3318 domini,
1193 3242 1369 3306 Fardulfus
1393 3244 1534 3328 opimam

609 3343 762 3408 Condidit
785 3352 931 3408 ornatam
955 3345 1073 3409 divinis
1097 3345 1240 3409 cultibus
1264 3345 1382 3424 aulam,

610 3446 696 3510 Vota
719 3446 778 3511 tibi
801 3447 953 3526 reddens,
978 3450 1118 3533 supplex
1141 3469 1224 3532 quae
1248 3454 1382 3511 voverat
1405 3447 1493 3522 olim,

609 3549 712 3613 Exilii
734 3550 873 3635 primum
897 3551 1007 3636 coepit
1030 3550 1106 3614 dum
1128 3571 1226 3614 nosse
1249 3551 1406 3615 laborem.

610 3652 737 3717 Annuit
758 3654 810 3717 his
835 3653 972 3718 Carolus
996 3654 1103 3734 dietis,
1125 3654 1361 3740 pulcherrimus
1385 3654 1493 3734 heros,

611 3755 716 3828 Quem
739 3757 903 3843 placidum
926 3759 1030 3822 voluit
1051 3759 1168 3823 vestris
1194 3758 1257 3822 sibi
1280 3757 1418 3824 reddere
1442 3758 1592 3823 Christus

610 3861 674 3924 Pro
698 3862 823 3926 meritis
846 3861 1014 3942 famulum,
1039 3862 1165 3946 magnis
1190 3869 1223 3926 et
1246 3862 1425 3927 honoribus
1449 3863 1551 3926 auxit.

608 3963 704 4029 Nune
728 3965 791 4028 sibi
815 3965 963 4029 solvendi
985 3966 1052 4030 voti
1076 3971 1126 4030 est
1149 3986 1307 4031 concessa
1329 3971 1486 4052 potestas.

1041 4316 1103 4380 ΙΙΙ.

609 4437 706 4503 Nunc
729 4439 829 4523 igitur
850 4438 946 4503 nobis
969 4438 1047 4502 dum
1070 4458 1165 4502 cessa
1187 4445 1237 4502 est
1261 4439 1356 4524 copia
1380 4439 1503 4520 fandi²,

693 4541 822 4605 Nomen
845 4542 1008 4606 amicitiae
1033 4547 1159 4606 crescat
1181 4542 1302 4627 ubique
1327 4564 1416 4624 suae,

611 4645 748 4710 Crescat
771 4651 803 4708 ct
827 4645 943 4710 audaci
965 4645 1135 4710 assiduum
1159 4645 1218 4710 sub
1242 4653 1376 4731 pectore
1400 4653 1522 4726 votum,

694 4748 788 4822 Quod
812 4749 875 4812 sibi
896 4750 1093 4834 longaevum
1115 4749 1215 4814 addet
1237 4750 1270 4812 in
1294 4749 1371 4813 orbe
1395 4748 1491 4814 diem.

542 4875 553 4911 s
610 4851 712 4915 Addit
734 4859 767 4916 et
790 4858 958 4916 aeternam
981 4874 1041 4937 per
1063 4853 1210 4938 praemia
1232 4852 1372 4938 plurima
1393 4852 1545 4937 palmam,

695 4953 798 5026 Quam
822 4954 884 5018 sibi
906 4962 1087 5040 perpetuus
1112 4961 1222 5046 servet
1245 4955 1278 5017 in
1300 4975 1374 5017 arce
1399 4952 1491 5018 deus.

316 5208 423 5277 [l—Ill]
459 5231 489 5264 ea
506 5213 564 5265 eda.
584 5214 684 5265 Cbcrnic'
701 5213 762 5278 (SS.
780 5231 831 5264 rer.
850 5213 1003 5264 diotericum.
1023 5214 1056 5277 11,
1075 5211 1135 5276 645)
1251 5210 1261 5274 ΙΙ
1284 5209 1318 5277 [lt]
1338 5209 1352 5261 1
1371 5212 1509 5265 Frudulfus
1520 5211 1565 5266 Ob.

351 5380 377 5447 1)
398 5380 441 5448 Cf.
454 5381 596 5437 Elabordi
612 5399 675 5436 ona.
692 5382 755 5436 792:
775 5381 852 5447 Quae
870 5385 919 5447 (sc.
932 5381 1087 5436 coniuratio
1100 5380 1227 5448 Pippini)
1246 5398 1308 5434 cum
1327 5399 1376 5451 per
1388 5381 1548 5436 Fanlulfum
1561 5382 1774 5452 [langobardum
1787 5384 1897 5438 detecta

247 5481 351 5544 luisset,
370 5483 429 5552 ipse
448 5484 482 5539 ob
500 5485 630 5538 meritmn
647 5485 710 5538 fidei
724 5487 849 5538 servatam
862 5485 1031 5539 monasterio
1050 5483 1139 5537 sancti
1151 5482 1269 5536 Dionisii
1289 5484 1408 5538 donatus
1421 5487 1475 5547 est;
1493 5486 1565 5538 Ana.
1580 5485 1722 5553 Qucdltab.
1737 5485 1897 5552 (ll'cisscm-

247 5584 333 5654 bary„
351 5587 502 5653 Larrrbertt)
521 5588 571 5640 792
589 5587 750 5641 Coniuratis
769 5586 883 5656 Pippini
902 5628 908 5640 .
930 5628 936 5640 .
955 5605 1004 5656 per
1022 5585 1183 5640 l‘ardulfunr
1205 5586 1349 5666 publicata
1371 5591 1413 5642 est
1432 5629 1438 5641 .
1458 5629 1464 5641 .
1487 5588 1522 5640 Et
1541 5587 1668 5642 Fardolfo
1692 5587 1898 5642 commendavit

247 5694 295 5753 (sc.
316 5687 442 5751 Carolus)
462 5689 659 5742 monasterium
678 5688 767 5743 saneti
785 5689 913 5758 Dionysii
931 5708 980 5762 pro
1000 5690 1229 5746 remuneratione.
1304 5691 1332 5760 ⁶2)
1355 5691 1433 5766 Very.
1457 5693 1524 5744 Aen.
1543 5690 1573 5756 1,
1591 5691 1643 5745 520
1670 5691 1750 5760 eopia
1766 5691 1853 5748 fandi.

316 5782 419 5838 Pomm
432 5799 514 5840 barim
527 5799 587 5838 aevi
599 5783 724 5840 Cruosrru
739 5789 758 5840 I.
1656 5787 1691 5843 45
