4936 6406
972 391 1021 445 AD
1040 391 1218 446 KAROLUM
1235 392 1368 447 REGEM.

705 563 870 628 ‘Carmina
892 563 969 648 quin
993 565 1094 629 etiam
1116 564 1283 630 modolata
1304 586 1384 630 voce
1408 586 1573 646 canamus,

657 668 856 733 Dulcisonas
880 670 950 754 regi
973 691 1160 756 promamus
1184 678 1318 757 pectore
1340 669 1466 752 laudes,

657 771 701 837 Et
724 773 844 838 nostris
869 781 1005 838 cunctus
1029 775 1144 839 reboet
1167 774 1376 858 clangoribus
1400 774 1510 838 orbis?

576 899 600 936 rs
710 875 750 940 ιΟ
774 877 845 941 sola
867 883 942 940 ante
965 877 1046 940 alias
1070 885 1184 942 cantus
1208 876 1381 941 dulcedine
1405 882 1511 963 capta,

656 977 789 1044 Divitiis
814 981 904 1044 orbis
928 1001 1089 1066 conpares
1113 982 1266 1059 carmina,
1290 981 1401 1045 Musa!

658 1081 723 1146 Sed
746 1082 807 1162 dic,
833 1082 911 1167 quid
932 1083 1065 1147 valeant
1087 1083 1190 1147 nostri
1216 1083 1279 1146 iam
1304 1083 1456 1147 carminis
1480 1081 1594 1146 odaet’

705 1185 801 1267 ‘Heu,
824 1185 981 1270 numquid
1004 1187 1106 1251 sotius
1129 1187 1297 1251 Musarum
1321 1187 1454 1250 nomina
1476 1187 1596 1264 nescis,
1707 1177 1711 1182 ¹

656 1289 725 1354 Aut
747 1289 831 1354 forte
855 1290 1006 1355 inludens
1030 1297 1217 1355 nostrorum
1240 1312 1377 1356 munera
1398 1290 1576 1376 tempnisi'

708 1393 870 1458 ‘Dilectus
895 1395 1010 1474 sotius,
1033 1395 1148 1458 Musae
1173 1415 1301 1479 quoque
1325 1394 1429 1458 dulcis
1454 1395 1614 1474 alumnus,

660 1493 759 1558 Haud
783 1494 938 1579 equidem
960 1496 1075 1580 ignoro
1099 1495 1268 1559 Musarum
1290 1494 1399 1559 dulcia
1421 1494 1516 1559 dona.

649 1595 725 1661 -Sed
747 1596 799 1661 dio
823 1618 919 1678 nunc,
943 1603 1091 1662 veterum
1113 1603 1225 1661 vatum
1249 1598 1328 1660 mihi
1350 1598 1494 1662 maxima
1516 1598 1637 1678 nutrix,

656 1698 750 1772 Quae
773 1706 908 1763 nostrae
932 1700 1037 1764 laudis
1062 1700 1257 1765 concludent
1280 1702 1412 1764 saecula
1432 1701 1560 1764 fineml'

706 1801 875 1868 ‘Sidereae
900 1825 1046 1868 summus
1070 1803 1146 1868 dum
1171 1805 1330 1890 sphaerae
1353 1805 1496 1869 volvitur
1518 1804 1600 1885 axis,

658 1906 702 1971 Et
724 1929 791 1972 nox
815 1909 954 1973 obscura
978 1909 1074 1972 claris
1097 1908 1174 1972 dum
1196 1909 1330 1994 pellitur
1352 1909 1460 1988 astris,

657 2010 855 2097 Splendidus
879 2011 1009 2076 eximiis
1034 2011 1138 2096 surgit
1161 2009 1238 2074 dum
1260 2011 1436 2097 phosforus
1459 2010 1594 2092 umbris,

654 2113 698 2177 Et
722 2115 810 2178 celer
832 2135 1013 2198 aequoreas
1035 2120 1153 2179 ventus
1177 2112 1253 2179 dum
1276 2115 1429 2179 verberat
1450 2112 1566 2192 undas,

656 2218 695 2283 In
718 2239 808 2283 mare
834 2218 910 2283 dum
933 2225 1112 2305 properant
1136 2218 1298 2304 spumosis
1323 2217 1473 2282 cursibus
1496 2238 1621 2298 amnes,

655 2321 778 2386 Nubila
800 2322 877 2387 dum
900 2329 1038 2407 tangunt
1060 2322 1182 2386 minaci
1204 2323 1329 2386 vertice
1353 2327 1492 2399 montes,

571 2447 597 2485 ao
653 2425 764 2511 Atque
786 2426 895 2490 iacent
918 2426 1058 2490 humiles
1082 2426 1198 2489 limoso
1221 2425 1325 2490 limite
1348 2425 1464 2506 valles,

654 2526 722 2591 Aut
745 2529 861 2592 summi
887 2529 1050 2593 extollunt
1072 2533 1249 2614 praerupta
1271 2527 1441 2591 cacumina
1463 2527 1578 2608 colles,

654 2631 847 2716 Regumquo
870 2631 981 2696 obrizo
1004 2632 1125 2697 candor
1148 2631 1226 2696 dum
1249 2631 1400 2695 fulminat
1423 2651 1512 2711 auro,

654 2734 792 2800 Munera
814 2735 982 2800 Musarum
1006 2738 1124 2800 saeclis
1148 2742 1283 2800 aeterna
1305 2733 1518 2798 manebunt¹.

650 2839 714 2904 His
738 2861 853 2925 regum
877 2847 1025 2905 veterum
1049 2841 1233 2904 clarescunt
1256 2839 1369 2903 inclita
1391 2846 1496 2924 gesta,

570 2964 596 3003 aa
654 2943 871 3008 Praesentum
896 2951 930 3009 et
952 2944 1070 3008 saeclis
1094 2949 1266 3007 narrantur
1288 2943 1377 3007 lacta
1398 2943 1527 3025 futuris,

656 3049 825 3114 Musarum
850 3057 883 3115 et
905 3050 999 3114 donis
1023 3050 1175 3115 laudatur
1197 3049 1345 3115 conditor
1367 3051 1466 3131 orbis,

654 3151 795 3217 Sedibus
819 3153 984 3217 aethereis
1006 3152 1138 3236 fulgens
1162 3151 1337 3216 virtutibus
1361 3153 1466 3234 almis,

652 3254 781 3318 Nostris
805 3254 946 3318 assiduis
970 3256 1153 3339 gratulatur
1175 3254 1326 3318 cantibus
1349 3255 1475 3337 aequis.

653 3357 716 3420 His
739 3357 840 3441 igitur
860 3358 954 3422 donis
978 3379 1091 3441 regem
1114 3379 1274 3422 venerare
1297 3364 1473 3439 memento,

654 3459 717 3524 Ast
742 3482 803 3544 ego
827 3462 1005 3546 praecipuo
1031 3459 1213 3524 comitabor
1234 3461 1343 3524 fistola
1366 3462 1483 3527 cantu!

700 3563 773 3627 ‘Die
796 3565 895 3648 igitur
917 3562 1097 3646 modolans‚
1120 3565 1231 3628 nutrix
1253 3564 1334 3627 mihi
1356 3565 1500 3628 maxima
1522 3564 1659 3648 vatum²‚

653 3666 735 3740 Quis
758 3688 875 3753 pacem
898 3667 1054 3732 eximiam
1078 3672 1213 3732 conatus
1237 3666 1389 3752 frangere
1412 3673 1563 3753 patrum?

652 3769 733 3843 Quis
755 3769 876 3834 frustra
899 3771 1066 3854 egregiam
1090 3770 1265 3834 commorit
1287 3770 1320 3832 in
1344 3791 1434 3834 arma
1457 3772 1622 3855 quietem?

652 3872 745 3946 Quae
767 3875 872 3959 pestis
895 3873 1004 3958 tetigit
1030 3893 1161 3938 servum
1183 3894 1243 3959 per
1265 3879 1383 3937 cuneta
1405 3872 1547 3954 fidelem,

652 3977 698 4041 Ut
721 3976 843 4040 domini
866 3976 984 4040 faciem
1006 3976 1182 4040 meruisset
1206 3996 1339 4040 cernere
1362 3967 1521 4040 tri'stemt’

699 4080 871 4145 ‘Lubricus
895 4080 958 4144 hoc
982 4101 1117 4167 serpens
1141 4080 1287 4166 profudit
1310 4080 1351 4144 ab
1375 4102 1431 4147 ore
1453 4101 1630 4161 venenum,

651 4183 762 4249 Isdem
786 4185 841 4269 qui
866 4184 1002 4249 condam
1026 4185 1155 4249 miseris
1179 4184 1328 4250 edixerat
1350 4185 1468 4270 anguis

653 4287 856 4373 Coniugibus
879 4289 993 4353 mortis
1016 4289 1172 4353 mortales
1195 4295 1328 4375 pectore
1351 4309 1460 4370 voces,

651 4389 716 4463 Qui
738 4393 887 4478 geminos
912 4414 1011 4458 saevo
1036 4394 1170 4457 laniavit
1193 4393 1328 4458 vulnere
1351 4393 1480 4475 fratres,

653 4493 697 4558 Et
720 4497 775 4581 qui
798 4519 970 4583 germanas
993 4497 1170 4562 maculavit
1193 4498 1351 4582 sanguine
1375 4498 1512 4584 palmas,

652 4602 847 4667 Fraternum
870 4603 987 4669 foedus
1009 4604 1149 4669 loetalcs
1173 4604 1270 4667 vertit
1293 4604 1327 4666 in
1349 4604 1426 4684 iras,

653 4705 782 4792 Quique
805 4707 938 4793 pietatis
961 4708 1090 4772 nescire
1113 4707 1216 4770 suasit
1239 4726 1393 4786 amorem,
1416 4743 1458 4752 -

654 4808 741 4872 Hinc
765 4817 859 4872 natus
883 4809 1035 4874 deierans
1058 4809 1199 4895 patrium
1222 4807 1338 4874 derisit
1359 4808 1516 4874 honorem
1539 4845 1582 4856 -

390 5100 424 5153 13
446 5122 592 5171 promemus
616 5102 653 5168 P,
680 5121 825 5170 promamus
850 5105 931 5155 Mart.
1055 5103 1087 5156 16
1109 5105 1226 5170 conparis
1252 5102 1284 5167 P,
1318 5110 1480 5170 praevertens
1502 5103 1561 5154 Mai·
1680 5101 1715 5156 24
1736 5105 1797 5157 dum
1823 5087 1897 5157 tritum·¹
1908 5104 1940 5169 P,

286 5189 409 5254 sphaeras
426 5190 484 5240 Mai
606 5189 640 5241 26
664 5199 753 5256 surget
775 5192 837 5242 dum
858 5193 993 5258 phosserus
1007 5191 1032 5241 P
1150 5187 1183 5241 27
1202 5189 1284 5241 caeler
1298 5189 1324 5239 P
1440 5188 1475 5241 28
1493 5190 1616 5242 omnssP
1733 5189 1768 5243 29
1785 5199 1906 5259 trangsnt
1917 5190 1943 5241 P

286 5271 322 5323 30
338 5276 430 5341 Adque
443 5275 469 5325 P
587 5275 620 5327 31
644 5278 768 5328 extollent
790 5278 945 5344 preruptaP
1047 5274 1081 5329 32
1098 5279 1268 5343 Regnnmque
1286 5275 1323 5341 P,
1349 5277 1500 5342 Regumque
1513 5277 1572 5327 Mai
1690 5274 1726 5329 33
1742 5279 1852 5330 Nomina
1869 5277 1940 5328 Mor.

284 5357 319 5410 34
338 5377 445 5426 regnum
469 5369 556 5413 uetera
574 5362 605 5424 P,
632 5380 722 5428 regum
741 5363 820 5427 Mar„
847 5373 962 5416 vetorum
979 5365 1036 5416 Mai
1146 5360 1181 5412 &3
1206 5369 1342 5412 narrentur
1359 5361 1385 5412 P
1485 5361 1521 5414 43
1543 5363 1690 5429 aegregiam
1706 5362 1732 5413 P
1798 5371 1902 5430 quatem
1916 5362 1943 5413 P

285 5444 322 5496 45
342 5455 469 5498 mereatur
479 5448 551 5498 Mar.
649 5445 683 5498 47
704 5451 811 5501 Hisdem
825 5450 852 5500 P
944 5449 978 5501 49
1000 5452 1129 5518 germinos
1150 5465 1228 5500 saeuo
1252 5447 1394 5513 lsrrauitP,
1420 5466 1487 5500 corr.
1510 5449 1592 5500 Mart.
1679 5448 1711 5500 51
1736 5451 1855 5501 mortales
1867 5449 1939 5501 Mor.

286 5528 320 5581 52
338 5533 445 5598 pietates
459 5532 486 5583 P
587 5531 622 5584 53
639 5535 756 5585 dirisitP

393 5703 419 5771 ll
441 5702 557 5773 Vergilii
575 5704 663 5757 locam
680 5705 806 5759 imitatur
819 5711 916 5776 pocta:
935 5704 996 5759 Ecl.
1020 5705 1049 5769 V,
1060 5705 1176 5772 76—78;
1194 5705 1231 5774 cf.
1253 5706 1299 5760 Ov.
1319 5709 1411 5760 Amor.
1426 5705 1500 5772 Ι,15.
1570 5704 1597 5774 2)
1617 5701 1659 5773 Os.
1678 5719 1704 5760 e.
1722 5703 1765 5758 22.
