4694 6428
1163 373 1311 428 ALCUINI
1329 374 1506 428 canulas.

875 545 985 631 Atque
1007 547 1099 611 illum
1122 549 1253 633 proprio
1276 548 1477 634 compellans
1500 549 1630 613 nomine
1654 549 1782 614 clamat.

771 668 820 704 rso>
877 647 966 734 Ergo
989 651 1080 734 gravi
1102 651 1204 714 veluti
1227 651 1268 716 de
1291 672 1405 715 somno
1428 657 1577 735 surgeret
1599 652 1666 722 ille,

875 749 1064 816 Recludens
1087 753 1200 817 oculos
1222 754 1307 838 patri
1332 753 1501 838 respondit
1523 760 1642 818 amato.

876 854 1115 940 convaluitque
1138 856 1202 920 cito
1225 857 1381 921 recreatis
1405 856 1538 936 viribus,
1560 865 1658 941 atque

876 956 957 1021 Cras
980 958 1139 1042 equitavit
1161 979 1262 1022 ovans
1284 979 1360 1022 caro
1384 979 1458 1021 cum
1480 959 1632 1043 praesule
1646 980 1797 1044 pergens.

875 1059 981 1124 Multa
1002 1061 1077 1139 alia,
1100 1068 1137 1124 ut
1159 1061 1315 1141 referunt,
1339 1060 1391 1124 hic
1414 1061 1492 1124 fecit
1513 1062 1608 1144 signa
1622 1061 1797 1132 lohannes,

793 1183 818 1219 οῦ
876 1161 969 1235 Quae
992 1161 1089 1227 modo
1112 1185 1177 1227 non
1200 1163 1298 1226 libuit
1321 1163 1491 1226 brevitatis
1514 1163 1585 1227 iure
1608 1163 1732 1227 referri.

874 1265 1027 1331 Diximus
1051 1268 1106 1332 hic
1127 1275 1263 1338 tantum
1287 1268 1397 1352 posuit
1419 1265 1607 1351 quaeBeda
1629 1268 1797 1352 magister.

872 1369 1082 1435 Indubitante
1106 1369 1169 1435 fide
1193 1378 1311 1435 texens
1334 1370 1375 1434 ab
1399 1370 1525 1454 origine
1547 1371 1652 1456 prima

873 1473 1041 1538 Historico
1065 1475 1247 1559 Anglorum
1270 1481 1387 1559 gentes
1410 1481 1444 1538 et
1465 1481 1562 1558 gesta
1583 1475 1699 1540 relatu.

872 1577 1053 1642 Consenuit
1074 1586 1244 1664 postquam
1268 1578 1435 1663 praefatus
1458 1579 1634 1663 episcopus
1656 1579 1723 1646 ille.

779 1701 810 1737 2¹
875 1680 968 1745 Tunc
992 1682 1056 1746 alio
1081 1684 1196 1748 docus
1220 1681 1331 1746 sedem
1355 1682 1519 1746 concessit
1540 1681 1684 1762 honoris.

873 1783 981 1868 Atque
1004 1785 1237 1849 monasterium
1260 1783 1379 1849 devoto
1401 1783 1498 1848 corde
1522 1785 1648 1869 petivit,

873 1886 1142 1973 Condignamque
1165 1887 1227 1952 deo
1250 1889 1351 1952 vitam
1374 1888 1551 1973 complevit
1573 1887 1705 1952 ibidem.

873 1991 1014 2075 luraque
1036 1999 1114 2055 tunc
1137 1990 1269 2055 tandem
1292 1999 1400 2055 terrae
1420 1991 1595 2077 peregrina
1611 1991 1798 2076 relinquens

873 2092 935 2158 Est
956 2094 1081 2181 patriae
1105 2095 1255 2180 proprius
1279 2095 1416 2158 caelesti
1438 2093 1585 2158 redditus
1607 2095 1736 2160 haeres.

777 2218 789 2254 ε
839 2214 841 2218 ’
914 2199 1093 2282 Presbyter
1115 2199 1269 2283 egregius
1292 2199 1453 2263 successit
1476 2199 1546 2262 iure
1570 2197 1730 2263 Iohanni.

872 2301 1080 2382 Wiliridus1,
1103 2302 1220 2367 haeres
1242 2303 1328 2387 patri
1350 2301 1561 2385 dignissimus
1584 2303 1681 2384 almo,

872 2403 937 2476 Qui
959 2407 1049 2491 prius
1066 2405 1252 2470 Euboricae
1276 2405 1383 2469 iuerat
1398 2404 1611 2469 vicedomnus
1628 2413 1661 2469 et
1676 2407 1797 2472 abbas:

871 2508 994 2574 Postea
1016 2509 1076 2574 aed
1098 2531 1217 2594 magno
1240 2509 1430 2574 meritorum
1454 2509 1596 2574 culmine
1619 2509 1733 2590 fretus,

871 2611 1040 2678 Pontificis
1064 2613 1181 2677 summi
1204 2611 1385 2696 condignus
1409 2613 1525 2676 sumsit
1547 2611 1715 2692 honorem,

789 2765 800 2774 -
873 2715 1075 2803 Ornavitque
1098 2716 1236 2802 gradum
1259 2717 1385 2782 meritis
1408 2724 1441 2781 et
1465 2716 1611 2781 moribus
1632 2719 1737 2782 almis.

809 2881 813 2888 .
869 2819 1016 2885 Plurima
1038 2843 1114 2886 nam
1137 2822 1241 2886 titulis
1272 2828 1406 2886 sanctam
1436 2829 1626 2886 ornamenta
1648 2821 1795 2886 venustis

870 2922 1007 2988 Addidit
1030 2924 1203 3004 ecclesiae,
1226 2925 1324 2989 rutilo
1348 2925 1403 3009 qui
1426 2945 1506 2988 vasa
1527 2924 1644 2988 decore

869 3027 960 3113 Apta
981 3029 1173 3092 ministeriis
1195 3035 1355 3112 argentea
1375 3028 1447 3091 iure
1472 3029 1607 3092 sacratis

869 3131 974 3212 Fecit,
997 3139 1031 3197 et
1053 3133 1182 3216 argenti
1202 3131 1333 3195 laminis
1355 3130 1457 3195 altare
1481 3153 1660 3216 crucesque

774 3258 799 3294 22
871 3234 1018 3300 'rexerat
1040 3237 1184 3310 auratis3
1206 3237 1386 3320 nolensque
1409 3234 1611 3299 abscondere
1633 3257 1743 3319 gazas.

870 3337 1019 3404 Prudens
1042 3339 1176 3425 praesul
1199 3361 1257 3403 eas
1280 3338 1392 3402 divino
1414 3337 1574 3423 impendit
1595 3337 1719 3402 honori.

868 3440 962 3505 Haec
984 3443 1058 3528 pius
1081 3441 1246 3506 Euborica
1267 3441 1392 3505 faciens
1414 3442 1553 3505 antistes
1576 3441 1609 3504 in
1630 3441 1723 3520 urbe,

866 3541 1036 3608 Ecclesiae
1058 3544 1141 3607 alias
1164 3542 1258 3607 donis
1284 3543 1412 3606 ornavit
1434 3543 1564 3628 opimis,

868 3645 940 3711 Nec
962 3647 1071 3711 minus
1095 3647 1151 3711 ille
1174 3647 1229 3732 pio
1253 3667 1365 3711 curam
1387 3645 1428 3710 de
1451 3646 1550 3710 corde
1574 3646 1722 3730 gerebat.

870 3749 1090 3836 Multiplicare
1112 3772 1243 3835 greges,
1266 3749 1389 3814 domini
1409 3757 1588 3836 praecepta
1609 3756 1751 3816 secutus.

867 3852 1047 3919 Doctrinae
1069 3854 1203 3918 monitis
1227 3854 1388 3939 exemplis
1411 3861 1509 3937 atque
1533 3854 1688 3917 coruscis.

866 3955 941 4020 Hos
964 3958 1082 4021 mentis
1105 3955 1257 4042 dapibus,
1282 3957 1356 4021 illos
1380 3955 1439 4021 sed
1462 3957 1569 4020 carnis
1591 3956 1718 4020 alebat:

865 4057 939 4122 Hos
961 4059 1050 4124 soret
1071 4059 1247 4139 aethereis,
1270 4060 1345 4124 illos
1367 4059 1554 4123 carnalibus
1576 4064 1685 4143 auget,

869 4159 936 4224 Ore
959 4182 1122 4246 manuque
1146 4164 1255 4242 simul,
1277 4162 1436 4227 donorum
1459 4162 1569 4247 largus
1592 4162 1750 4244 utrisque.

759 4287 808 4323 nes
868 4262 952 4328 Rem
974 4266 1107 4350 pietatis
1130 4287 1232 4350 agens
1256 4265 1378 4352 duplici
1400 4265 1622 4330 moderamine
1645 4271 1768 4328 rector:

865 4366 1027 4431 Omnibus
1044 4375 1209 4453 acceptus,
1224 4367 1441 4448 venerandus,
1457 4369 1628 4434 honestus.
1650 4374 1788 4430 amatus.

867 4469 912 4532 At
934 4489 994 4533 sua
1015 4470 1102 4534 iacta
1123 4471 1229 4535 bonus
1252 4479 1425 4556 postquam
1448 4471 1668 4555 compleverat
1691 4469 1746 4531 ille

861 4573 983 4636 Pastor
1004 4573 1038 4638 in
1062 4575 1222 4653 ecclesiis,
1247 4574 1402 4659 specialia
1426 4580 1521 4658 septa
1543 4572 1669 4657 petivit.

863 4674 936 4749 Quo
960 4679 1084 4741 servire
1107 4678 1170 4743 deo
1194 4684 1264 4741 tota
1284 4678 1350 4741 iam
1371 4683 1482 4740 mente
1504 4681 1653 4748 vacaret;

753 4801 804 4838 no
864 4777 1148 4866 Contemplativae
1169 4801 1309 4865 seseque
1332 4801 1392 4865 per
1414 4779 1523 4842 omnia
1545 4779 1631 4841 vitae

862 4881 967 4962 Dans,
993 4884 1107 4949 mundi
1129 4885 1237 4949 varias
1261 4903 1420 4967 curasque
1443 4882 1575 4967 reliquit
1597 4881 1722 4944 inanes.

1909 5071 2055 5084 ’ἣ-

600 5209 670 5262 1204
700 5228 779 5274 usquc
810 5210 847 5260 acl
877 5212 959 5275 finem
986 5211 1114 5262 MubiIIon
1146 5213 1233 5262 edidit.
1375 5209 1442 5261 1210
1468 5211 1512 5260 alii
1537 5210 1616 5260 frob.
1639 5209 1813 5257 enimrdotiooe
1840 5226 1890 5258 riou
1913 5213 2090 5270 sicerum-in,
2123 5219 2183 5269 alio

498 5299 585 5349 inveni
602 5297 675 5346 nuo.
813 5293 883 5346 1233
900 5297 1020 5346 aetheriis
1039 5299 1105 5348 GoIe

599 5467 626 5532 1)
645 5464 771 5518 Meminit
796 5466 859 5517 eice
881 5469 1012 5528 tanqam
1035 5463 1150 5516 monitis
1168 5483 1194 5518 o.
1214 5465 1263 5517 131
1283 5463 1385 5518 Boedu
1416 5463 1504 5532 1223.
1548 5464 1668 5532 Reliqua
1684 5467 1774 5516 nutem
1792 5463 1884 5515 onmia
1900 5475 1972 5528 qaue
1990 5475 2182 5531 sequntur,

493 5569 612 5635 proprio
625 5568 719 5620 Morte
731 5568 866 5619 Alcuinus
878 5566 1001 5633 scripsit,
1018 5569 1140 5635 emptis
1152 5568 1196 5620 his
1208 5584 1280 5634 qaae
1291 5567 1325 5619 de
1336 5567 1427 5635 ipsias
1439 5566 1555 5618 Boedas
1566 5568 1624 5618 rito
1637 5567 1732 5632 refert.
1770 5567 1813 5634 Cf.
1826 5569 1899 5619 Amr.
1909 5563 2107 5632 Larissam,
2122 5575 2182 5631 ἰ’-,ῃ

497 5670 563 5736 (SS.
582 5670 669 5731 XIX,
687 5671 750 5735 505)
768 5669 905 5722 lohannes
924 5667 1070 5736 episcopus
1089 5671 1119 5722 in
1138 5671 1267 5723 Bererlec
1286 5669 1366 5730 obiit.
1384 5668 1430 5722 cui
1447 5668 1594 5721 ll'ilsn'dus
1612 5670 1779 5734 (suec-essu.)
