4756 6412
1120 385 1327 449 THEODULl’l
1346 385 1522 448 caunum.

838 573 918 639 Sitis
942 573 995 638 avi
1018 579 1051 638 et
1073 570 1197 658 proavi,
1219 574 1312 654 petat
1335 575 1371 631 ut
1392 587 1451 630 vos
1475 563 1570 628 turba
1593 569 1760 648 nepotum,

944 675 1012 740 Det
1034 674 1154 738 donum
1176 673 1238 737 hoc
1261 672 1365 751 vobis,
1390 670 1446 755 qui
1469 667 1560 732 dedit
1582 666 1644 731 hoc
1667 665 1827 752 patribus.

860 778 955 866 Spes,
978 777 1090 856 decus,
1114 774 1204 850 ordo,
1227 773 1320 854 fides,
1344 774 1461 859 pietas,
1485 769 1667 847 concordia,
1692 768 1805 832 virtus.

945 880 1070 958 Gratia,
1094 899 1224 965 paxque
1248 875 1303 941 dei
1328 877 1393 939 sint
1416 873 1477 938 tibi
1502 893 1642 958 semper,
1666 892 1737 934 avc.

1121 1136 1267 1142 -,-..-
1276 1133 1533 1140 .—-——-————-

1217 1389 1261 1468 os
1267 1406 1388 1472 XLIV.

888 1554 987 1629 CUR
1014 1553 1154 1628 MODO'
1177 1549 1396 1625 CARMINA
1422 1547 1520 1654 NON
1548 1547 1765 1621 SCRIBAT.

869 1704 1023 1770 Carmina
1046 1725 1147 1789 saepe
1171 1702 1261 1782 mihi,
1283 1702 1411 1780 fratres,
1435 1703 1587 1785 pergrata
1611 1698 1744 1778 tulistis,

950 1807 995 1872 Et
1017 1828 1104 1871 nunc
1126 1827 1208 1891 quae
1230 1805 1334 1882 fertis,
1359 1802 1494 1880 credite,
1516 1801 1611 1866 valde
1635 1803 1777 1888 placent.

868 1912 932 1978 His
955 1911 1102 1978 delector
1125 1911 1223 1988 enim,
1247 1908 1349 1974 vestri
1373 1906 1582 1990 studiumque
1606 1905 1727 1969 laboris

955 2014 1135 2094 Contende,
1160 2019 1194 2078 et
1216 2034 1334 2078 moneo
1359 2032 1418 2075 vos
1440 2010 1569 2096 potiora
1593 2010 1696 2093 sequi.

801 2144 813 2180 s
873 2118 1030 2186 Crescitis
1053 2119 1087 2182 in
1113 2117 1242 2198 melius,
1265 2116 1360 2180 nobis
1382 2115 1459 2179 hinc
1482 2112 1602 2199 gaudia
1624 2126 1785 2194 crescunt,

953 2221 1000 2286 Ut
1023 2221 1127 2307 magis
1151 2227 1249 2305 atque
1273 2219 1379 2304 magis
1403 2217 1436 2282 id
1458 2217 1599 2298 faciatis,
1622 2237 1707 2283 amo.

873 2327 938 2401 Qui
962 2349 1005 2392 ex
1028 2326 1117 2391 facili
1140 2326 1268 2413 pridem
1290 2331 1437 2412 poteram
1461 2322 1653 2409 depromere
1676 2345 1802 2402 versus,

956 2431 1094 2510 Aestuo,
1117 2451 1179 2495 uec
1201 2428 1317 2503 condo,
1340 2435 1375 2492 ut
1397 2427 1483 2507 volo,
1506 2425 1602 2492 dulce
1626 2427 1739 2492 melos.

872 2533 1038 2607 Quaeritis
1061 2534 1133 2614 hoo,
1157 2532 1286 2619 quando
1309 2553 1413 2597 novus
1437 2531 1490 2595 hic
1513 2531 1673 2595 successit
1695 2530 1866 2596 habendus

792 2661 816 2698 10
963 2637 1062 2718 Usus,
1085 2644 1230 2702 nostram
1253 2635 1356 2700 Erato
1379 2634 1597 2721 quireticere
1620 2634 1708 2698 facit.

875 2742 958 2807 Sunt
980 2741 1060 2806 mihi
1083 2762 1170 2806 nunc
1193 2740 1336 2804 lacrimis
1362 2739 1472 2824 potius
1496 2736 1647 2803 deflenda
1668 2739 1784 2824 piacla,

962 2844 1116 2910 Carmina
1139 2865 1236 2931 quam
1259 2843 1362 2928 lyrico
1384 2863 1502 2928 nempe
1526 2840 1656 2906 boanda
1677 2841 1772 2928 pede.

874 2948 950 3013 Non
972 2970 1063 3014 amor
1084 2949 1157 3035 ipse
1182 2969 1274 3012 meus
1298 2945 1448 3010 Christus
1472 2966 1546 3010 mea
1568 2946 1712 3010 carmina
1736 2954 1880 3031 quaeret,

960 3051 1027 3117 Sed
1049 3073 1145 3136 mage
1169 3050 1335 3117 commissi
1358 3049 1495 3135 grandia
1515 3049 1607 3113 lucra
1627 3051 1751 3135 gregis.
1769 3035 1776 3046 ’

795 3180 818 3216 ιι
877 3155 941 3220 Pro
966 3177 1029 3241 quo
1050 3177 1174 3242 proque
1197 3156 1281 3220 meis
1304 3174 1399 3218 orare
1423 3153 1583 3217 erratibus
1606 3160 1696 3240 opto,

961 3261 1115 3326 Carmina
1137 3261 1171 3325 ni
1193 3280 1345 3346 pangam,
1369 3258 1505 3322 crimina
1527 3257 1617 3321 nulla
1638 3275 1728 3343 gero.

874 3365 993 3431 Ludite
1017 3387 1075 3430 vos
1098 3366 1202 3451 pueri,
1225 3363 1362 3430 metrica
1385 3369 1437 3427 sat
1459 3363 1596 3427 lusimus
1619 3370 1700 3443 arte,

959 3469 1121 3548 Praemia,
1144 3490 1227 3554 quae
1251 3467 1380 3553 cupitis,
1404 3467 1469 3531 iam
1491 3467 1570 3530 mihi
1594 3473 1688 3553 parta
1710 3475 1853 3532 manent.

876 3571 1004 3637 Discite
1027 3572 1075 3636 sic
1097 3570 1225 3650 fratres,
1250 3570 1338 3635 docti
1362 3577 1397 3634 ut
1420 3569 1554 3656 possitis
1577 3568 1701 3643 haberi,

793 3699 822 3737 ιο
966 3675 1011 3740 Et
1033 3675 1104 3740 fieri
1128 3676 1209 3739 socii
1232 3675 1359 3739 civibus
1382 3674 1558 3739 aethereis.

878 3779 931 3843 En
954 3778 1142 3844 veneranda
1164 3779 1227 3864 piis
1250 3778 1333 3842 tanti
1356 3777 1529 3842 sollemnia
1551 3777 1638 3857 festi,

961 3881 1031 3946 Nos
1054 3880 1149 3946 modo
1173 3902 1239 3945 uon
1261 3881 1399 3945 multum
1422 3880 1609 3945 versificare
1633 3881 1755 3948 sinunt.

876 3984 940 4049 His
963 3985 1009 4048 ita
1030 3985 1233 4071 praemissis,
1256 3984 1375 4049 festum
1397 3984 1460 4049 hcc
1484 3985 1688 4049 celebremus
1712 3993 1858 4064 ovantes,

964 4088 1084 4174 Aptius
1108 4088 1227 4154 edendi
1251 4088 1396 4153 carmina
1419 4094 1548 4174 tempus
1573 4089 1645 4152 erit.

797 4215 822 4250 a
880 4191 1001 4256 Annua
1024 4193 1071 4257 sic
1094 4193 1194 4258 ctiam
1218 4200 1416 4258 veneranter
1438 4192 1523 4256 festa
1546 4194 1701 4273 colamus,

961 4294 1181 4360 Continuant
1203 4296 1298 4360 uobis
1320 4294 1377 4361 det
1400 4295 1470 4360 sine
1493 4295 1558 4360 fine
1582 4295 1675 4361 deus.

881 4398 976 4479 Nam,
1000 4397 1160 4479 Vulliue¹,
1183 4399 1244 4463 tibi
1265 4398 1429 4464 debentur
1449 4399 1596 4486 praemia
1617 4399 1760 4481 landum,

966 4502 1069 4567 Cuius
1092 4503 1133 4568 ab
1157 4523 1252 4567 amne
1276 4504 1380 4567 fluunt
1402 4503 1538 4568 metrica
1561 4503 1658 4567 docta
1679 4503 1774 4572 bene.

880 4605 968 4671 Hinc
991 4605 1052 4670 tibi
1076 4606 1274 4692 multiplices
1297 4607 1435 4692 agimus,
1459 4607 1637 4686 carissime,
1660 4614 1782 4691 grates,

803 4731 829 4768 aa
974 4709 1126 4774 Praemia
1147 4731 1206 4795 pro
1229 4711 1356 4775 meritis
1380 4732 1439 4775 rex
1462 4709 1544 4774 deus
1568 4710 1640 4796 ipse
1664 4709 1766 4777 dabit.

671 4907 674 4910 ,
721 4903 750 4910 ..-
768 4905 909 4910 .-.-..-.-..-.
924 4906 946 4909 .-
965 4905 984 4910 .-
1004 4904 1145 4911 ..-,..---
1229 4905 1234 4910 .
1293 4906 1313 4910 v.
1348 4905 1546 4911 -—.—-—.
1559 4905 1898 4914 ........,..--...-———.-..——.
1930 4909 2069 4916 -...-.—.-...-

585 5035 691 5105 [XLIV]
713 5057 744 5091 ex
767 5040 825 5092 edit.
844 5039 979 5092 Sirrnondr'
995 5058 1025 5106 p.
1051 5036 1100 5090 179
1125 5041 1141 5090 l.
1160 5043 1185 5091 ll
1207 5060 1227 5092 c.
1247 5044 1309 5093 xm
1416 5041 1449 5093 12
1466 5043 1632 5106 CarmiucS‚
1656 5043 1776 5096 Carmina
1793 5062 1852 5111 opp.
1869 5064 1926 5098 nar.

620 5225 647 5292 1)
675 5223 800 5278 Dubium
821 5241 877 5279 non
897 5231 949 5290 est,
972 5225 1040 5294 quia
1061 5225 1189 5290 l'aiiinus
1210 5227 1255 5280 liic
1275 5231 1472 5298 praiamaiicns
1489 5231 1534 5284 iile
1551 5230 1587 5286 sil
1606 5231 1817 5286 Aurelianensis
1830 5234 1958 5301 poeticae
1975 5233 2058 5287 laude
2076 5235 2183 5302 clame,

517 5325 554 5378 ad
572 5343 649 5395 quem
667 5327 773 5382 Florus
792 5328 990 5398 Luqdaaensia
1008 5329 1151 5398 epistolam
1169 5331 1297 5387 verubus
1315 5334 1452 5388 conditum
1464 5335 1547 5403 dedit,
1565 5336 1709 5404 quirillum
1720 5336 1858 5400 hortatur,
1875 5343 1907 5390 ni
1918 5337 2067 5392 rescribat:
2096 5339 2181 5404 Quid,

517 5446 593 5498 rogo,
611 5429 704 5494 irater,
722 5430 783 5500 agis
796 5435 854 5485 tam
867 5432 952 5502 longa
969 5433 1082 5486 silentia
1099 5437 1231 5489 servans?
1262 5437 1425 5506 (Fabricius
1442 5440 1552 5495 Paetus.
1571 5440 1742 5495 ecclesiastic.
1757 5457 1820 5510 opp.
1835 5458 1866 5510 p.
1879 5441 1947 5508 733).
1968 5442 1998 5494 S.
2042 5443 2183 5497 insonum

518 5534 600 5598 (alcia
623 5535 677 5587 SS.
698 5535 948 5603 saec.1V,1‚430)
967 5537 1039 5590 dunc
1060 5535 1198 5605 Vulfiaum
1225 5540 1337 5594 eundem
1360 5558 1418 5595 esse
1436 5544 1563 5608 coniecit,
1590 5545 1639 5612 qui
1655 5545 1767 5598 aratione
1786 5545 1901 5608 Gothus,
1915 5551 2012 5614 posteo
2032 5550 2183 5618 episcopus

517 5635 613 5702 lacius
631 5637 716 5688 vitam
735 5639 826 5692 suncti
846 5641 961 5695 lirnium·
977 5640 1071 5692 edidit.
1542 5629 1544 5634 Ι
