4694 6428
450 380 593 434 FABULA
613 380 660 433 DE
677 379 805 434 GALLO.
842 380 891 433 AD
909 379 1212 434 AETHELHARDUM
1231 378 1555 435 ARCHIEPISCOPUM.

541 553 593 618 Sis
623 553 723 618 decus
751 552 950 630 aecclesiae,
982 551 1105 616 Christi
1133 559 1310 640 praecepte
1340 557 1487 626 secutus,

627 656 741 721 Clarus
769 656 803 720 in
833 655 956 734 officio,
987 663 1102 720 cautus
1125 657 1159 720 iu
1187 658 1329 742 eloquio.

472 780 483 814 s
543 759 592 822 Sit
615 759 675 823 tibi
697 759 788 842 larga
811 779 942 838 manus,
971 759 1072 822 letum
1097 761 1185 840 cor¹,
1209 759 1359 824 Christus
1382 760 1416 824 in
1439 782 1506 838 ore,

623 861 758 946 Egregii
787 882 895 925 mores
925 867 959 924 et
986 861 1119 947 pictatis
1148 883 1248 927 amor.

539 965 594 1029 Ad
626 973 659 1031 te
690 965 746 1050 qui
776 965 901 1042 veniat,
931 965 1034 1028 tristis
1063 986 1128 1029 non
1157 971 1256 1030 exeat
1286 987 1460 1051 umquam;

626 1069 678 1132 Sis
709 1090 785 1155 spes
813 1069 1012 1155 pauperibus
1041 1074 1140 1154 atquc
1170 1071 1258 1134 salus
1285 1069 1425 1135 miseris.

539 1173 678 1236 Previus
708 1178 779 1236 esto
813 1171 867 1236 dei
894 1172 1013 1257 populo
1046 1171 1087 1234 ad
1118 1173 1276 1242 caelestia
1302 1194 1414 1257 regna,

460 1297 483 1334 ιο
626 1277 668 1338 Ut
694 1281 726 1338 te
754 1295 894 1359 namque
923 1295 1064 1359 sequens
1093 1281 1210 1360 pergat
1240 1275 1281 1339 ad
1309 1283 1398 1340 astra
1426 1275 1503 1362 poli.

539 1377 655 1442 Insere
687 1376 838 1441 veridicis
865 1377 979 1440 vitalia
1008 1377 1134 1441 semina
1165 1378 1291 1458 verbis,

624 1479 785 1544 Cordibus
815 1479 966 1544 humanis
995 1486 1121 1544 crescat
1152 1486 1188 1544 ut
1215 1481 1291 1546 inde
1320 1480 1413 1546 fides.

539 1585 666 1649 Luceat
695 1584 730 1647 in
761 1581 907 1646 tenebris
938 1582 1047 1646 orions
1079 1604 1140 1646 ceu
1167 1584 1285 1649 lucifer
1313 1585 1392 1649 atris

624 1686 810 1771 Exemplis,
842 1685 951 1749 verbis
982 1687 1093 1750 lumen
1119 1687 1241 1771 ubique
1271 1693 1373 1754 tuum.

460 1815 485 1851 rs
543 1791 617 1855 Non
647 1797 680 1854 te
711 1789 844 1853 divitiae
873 1789 972 1868 secli,
1004 1811 1070 1853 non
1098 1810 1217 1875 magna
1244 1798 1391 1876 potestas

622 1891 797 1956 Blanditiis
826 1891 925 1954 faeiat
955 1912 1033 1955 vera
1062 1898 1172 1956 tacere
1201 1893 1342 1977 quidem.

538 1995 608 2060 Nec
635 2017 712 2076 rex,
741 2015 803 2057 nec
831 1993 946 2072 iudex,
979 1995 1078 2058 etiam
1108 2017 1169 2060 nec
1201 2018 1295 2060 carus
1324 1998 1448 2063 amicus
1510 2017 1511 2020 ’

624 2097 670 2162 Os
699 2116 827 2160 sacrum
856 2096 986 2160 claudat
1016 2118 1035 2160 a
1062 2099 1187 2184 pictate
1215 2103 1318 2166 tuum.
1485 2097 1490 2104 ’

539 2200 601 2264 Est
628 2201 727 2265 breve
755 2220 829 2263 nam
858 2205 988 2285 tempus
1020 2200 1105 2265 vitae
1138 2207 1171 2264 et
1202 2202 1365 2288 presentis
1395 2203 1428 2266 in
1455 2204 1567 2282 annis,

458 2324 483 2361 co
626 2302 735 2387 Atque
765 2301 849 2388 pede
879 2303 1005 2366 taeito²
1027 2326 1113 2368 mors
1139 2306 1235 2370 citius
1264 2313 1419 2392 properat

538 2405 724 2490 Exosisque
752 2412 829 2470 tuac
856 2406 968 2491 digitis
997 2407 1060 2472 fert
1089 2409 1172 2472 ostia
1201 2409 1305 2484 vitae:

621 2509 816 2595 Ingrediens
845 2532 967 2591 secum,
998 2512 1151 2597 quicquid
1177 2513 1292 2594 habes,
1320 2515 1435 2600 rapiet.

538 2613 635 2678 Hunc
664 2614 787 2677 idcirco
816 2612 902 2676 diem
931 2622 1029 2699 atque
1059 2615 1120 2680 hoc
1150 2617 1327 2682 inamabile
1358 2619 1508 2705 tempus³

621 2716 800 2781 Prevideas
832 2738 963 2803 semper
989 2727 1084 2784 nocte
1116 2719 1234 2805 dieque
1263 2721 1338 2794 tibi;

456 2843 481 2880 rs
539 2820 649 2905 thue
681 2819 798 2884 domus
827 2827 955 2906 patrem
984 2821 1175 2906 vigilantem
1205 2821 1356 2888 Christus
1384 2823 1426 2888 ab
1455 2845 1530 2891 arce

618 2922 770 2988 inveniat
797 2923 952 3004 veniens,
979 2930 1112 3010 tumque
1138 2926 1256 2992 beatus
1285 2928 1359 2994 eris.

535 3026 631 3091 Felix
658 3028 716 3091 illa
742 3026 829 3100 dics,
861 3048 974 3092 vocem
1002 3048 1066 3112 qua
1096 3029 1213 3094 iudicis
1241 3031 1319 3094 almi

618 3130 799 3194 Auditurus
829 3131 910 3204 eris,
939 3152 1064 3216 proque
1095 3134 1207 3198 labore
1237 3141 1293 3199 tuo

535 3233 628 3299 Tunc
651 3232 813 3319 gaudens:
843 3231 956 3312 ‘Intra,
986 3235 1122 3298 nimium
1145 3237 1189 3298 mi
1213 3257 1307 3300 serve
1330 3235 1437 3302 fidelis
1447 3237 1471 3316 ⁴,

453 3360 479 3398 co
625 3335 762 3400 Aeterni
791 3341 946 3398 aeternus
977 3357 1080 3420 regna
1106 3337 1205 3402 beata
1231 3340 1357 3425 patris'.

539 3441 631 3505 Tunc
661 3460 787 3503 memor
813 3443 884 3502 esto
914 3438 978 3501 mci
1008 3446 1041 3503 et
1069 3438 1139 3503 dic:
1170 3440 1355 3506 ‘Mitissime
1387 3442 1530 3522 Christe,

619 3541 779 3626 Pauperis
805 3539 920 3603 Albini
949 3560 1034 3605 nunc
1063 3543 1237 3622 miserere,
1266 3545 1403 3630 precor'.

425 3687 429 3694 -
535 3645 605 3710 Nos
633 3666 718 3709 nunc
746 3643 879 3708 velivoli
910 3644 1044 3729 pelagi⁵
1067 3652 1253 3732 spectamus
1281 3647 1314 3710 in
1344 3647 1432 3712 horis
1442 3651 1464 3728 ⁰,

621 3747 758 3823 Quando
788 3747 840 3811 dei
868 3747 1041 3829 adveniat,
1071 3749 1199 3835 quando
1229 3771 1346 3816 serena
1374 3751 1455 3816 dies.

451 3875 477 3914 as
535 3852 650 3938 Tuque
680 3853 744 3916 iter
771 3851 832 3914 hoc
862 3857 1024 3932 nostrum,
1053 3851 1171 3918 devoto
1198 3860 1332 3940 pectore
1359 3876 1470 3941 posco,

602 3956 656 4021 Ad
686 3955 852 4020 Christum
878 3953 1033 4039 precibus
1062 3958 1221 4022 auxiliare
1251 3958 1324 4044 piis.

964 4385 1022 4451 LI.

991 4527 1000 4570 r

534 4613 598 4686 Qui
626 4613 731 4697 legat,
762 4609 997 4690 ‘Alchuinum',
1027 4608 1115 4674 dicat
1143 4630 1241 4694 rogo,
1272 4609 1413 4675 ‘Christe
1436 4611 1550 4678 tucre'.

533 4718 622 4799 Vos,
651 4717 772 4781 dilecta
800 4717 932 4796 cohors,
961 4715 1064 4801 patris
1092 4736 1253 4799 generosa
1278 4737 1435 4802 propago,
1529 4707 1537 4724 ⁸

536 4821 689 4907 Accipite
716 4820 804 4884 hunc
831 4819 980 4896 fratrem,
1008 4818 1083 4882 misi
1112 4839 1208 4902 quern
1239 4826 1350 4883 mente
1378 4818 1532 4904 benigna.

274 5093 448 5162 uaequtusv
512 5094 634 5162 BSispeo
653 5096 674 5144 l'
741 5095 774 5146 13
785 5099 846 5148 atris
858 5115 924 5146 corr.
937 5098 1047 5148 lavastris
1064 5097 1087 5146 l'
1155 5095 1187 5146 16
1205 5103 1289 5157 tacere
1304 5093 1329 5142 V
1384 5091 1417 5145 21
1428 5111 1460 5145 ex
1469 5095 1585 5160 oramque
1602 5095 1626 5144 V
1689 5094 1720 5148 31
1742 5096 1821 5147 nutis·

169 5179 233 5242 sime
249 5179 273 5227 V
371 5178 506 5231 34da21'
603 5179 755 5232 35iten1l‘y

239 5263 295 5333 [LI]
331 5267 411 5318 edidit
430 5267 493 5331 Op.
511 5264 578 5318 1709
595 5285 621 5318 a.
639 5269 885 5320 cnxvr-Cnxxl

275 5435 300 5502 1)
322 5435 365 5502 Cf.
385 5435 499 5488 Alcur'm'
517 5451 579 5504 opp.
598 5436 641 5500 II,
654 5437 705 5490 226
723 5452 747 5489 o.
760 5437 777 5487 2
789 5437 833 5490 Sit
851 5437 897 5491 cui
913 5437 993 5507 larga
1009 5453 1115 5498 manns,
1135 5434 1275 5504 placidum
1289 5451 1335 5488 cor
1345 5475 1368 5490 ..
1419 5439 1446 5504 2)
1467 5435 1544 5490 Ocid.
1557 5439 1591 5490 A.
1604 5437 1694 5491 Aarat.
1707 5437 1750 5498 ΙΙ,
1769 5437 1821 5490 670

169 5537 256 5592 tacito
280 5555 364 5592 curvu
391 5541 502 5592 senecta
524 5539 603 5608 pede.
656 5539 698 5607 Cf.
726 5556 787 5608 epp.
811 5539 874 5604 166,
900 5540 952 5594 263
978 5541 1017 5609 (p.
1039 5539 1099 5602 608,
1121 5540 1183 5607 827)
1211 5539 1298 5620 dicito
1326 5541 1396 5609 pede
1419 5543 1490 5594 fessa
1514 5545 1641 5596 senectus
1664 5541 1822 5611 ingreditur

170 5640 262 5695 cubile
286 5643 419 5694 nostrum.
531 5642 559 5708 3)
588 5642 635 5696 Ου.
653 5642 719 5695 Ma.
737 5643 758 5696 Ι
763 5643 790 5708 V,
808 5644 860 5696 477
877 5642 1029 5696 inamabile
1045 5658 1170 5712 regnum.
1273 5642 1301 5710 4)
1329 5641 1428 5698 Marta.
1446 5644 1488 5708 26,
1505 5645 1549 5708 21,
1566 5645 1613 5708 23;
1631 5645 1702 5700 Luc.
1720 5643 1761 5708 19,
1780 5644 1821 5698 17.

169 5745 195 5810 5)
220 5743 298 5816 Verp.
317 5747 386 5798 Aen.
404 5742 430 5808 Ι,
448 5745 500 5798 224
517 5761 592 5800 mara
610 5744 769 5802 velivolum.
839 5748 867 5816 6)
891 5747 958 5804 oris.
