4628 6428
651 406 930 468 INSCRIPTIONES
950 407 1125 469 Locosml
1143 405 1351 470 SACRORUM.

542 582 651 650 'lbrrbs
673 586 905 651 monachorum
928 586 1075 651 celebrat
1098 595 1131 651 te
1155 592 1268 652 sancta
1289 607 1351 672 per
1372 586 1495 668 orbem,

626 685 772 758 Quorum
795 689 863 752 vita
884 688 946 753 fuit
968 689 1089 753 famine
1113 691 1234 775 scripta
1256 696 1323 755 tuo.

473 812 484 848 s
542 787 590 854 Te
614 810 743 874 quoque
766 797 880 854 sancta
903 791 1020 856 cohors
1044 790 1181 856 fratrum
1204 792 1393 878 specialiter
1415 791 1489 856 istic

626 893 780 957 Assiduis
803 894 955 979 precibus
979 893 1100 973 laudat,
1123 895 1273 976 honorat,
1297 901 1395 961 amat.

541 996 636 1061 Haec
659 997 778 1082 quibus
800 998 876 1062 auls
898 1003 990 1083 patet
1011 1004 1172 1062 nocturno
1195 1005 1343 1084 tempore
1368 1018 1507 1083 semper,

623 1099 689 1164 Hic
712 1122 805 1165 orare
828 1100 935 1178 docet,
959 1100 1096 1166 fundere
1120 1108 1153 1167 et
1175 1102 1228 1166 hic
1250 1102 1413 1166 lacrimas.

542 1201 680 1284 Horum,
704 1211 815 1268 sancte
839 1211 942 1291 pater,
966 1206 1119 1291 precibus
1142 1205 1196 1270 hic
1221 1226 1351 1291 semper
1374 1204 1489 1269 adesto

544 1623 660 1689 Totius
681 1624 905 1710 Hieronymus
929 1624 1043 1691 doctor
1062 1625 1222 1691 mirabilis
1245 1626 1344 1708 orbis,

627 1727 710 1792 Cum
733 1729 894 1814 sociisque
918 1730 986 1794 suis
1007 1730 1090 1795 haec
1113 1732 1187 1795 loca
1210 1737 1325 1796 sancta
1346 1735 1446 1795 tenet.

544 1831 685 1898 Nomina
707 1834 845 1919 quisque
868 1835 961 1920 legas
984 1836 1087 1899 titulis
1109 1836 1293 1922 perscripta
1314 1835 1452 1921 piorum,

625 1937 708 2018 Hos,
731 1939 847 2023 rogita,
869 1940 1023 2025 precibus
1046 1961 1167 2025 pronus
1191 1939 1307 2005 adesse
1330 1939 1405 2003 tuis.

974 2173 1037 2216 xxv

546 2255 726 2340 Gregorius
750 2255 872 2336 doctor,
895 2262 1017 2342 pastor,
1040 2257 1235 2342 patriarcha,
1260 2255 1422 2338 sacerdos,

627 2359 776 2424 Romana
798 2359 961 2445 quondum
983 2361 1116 2446 praesul
1138 2361 1172 2424 in
1193 2360 1276 2425 urbe
1298 2361 1388 2446 pius:

545 2462 620 2544 Hic,
643 2485 771 2549 precor,
796 2484 852 2528 cre
875 2463 961 2528 ferat
983 2463 1120 2527 fratrum
1142 2465 1197 2551 pia
1219 2470 1295 2528 vcta
1318 2465 1444 2528 tonanti

632 2567 714 2633 Cum
743 2568 906 2654 patribus,
936 2588 1072 2653 quorum
1095 2567 1149 2632 hic
1173 2568 1305 2632 nomina
1328 2568 1451 2655 scripta
1471 2565 1575 2632 rides.

968 2801 1042 2846 xxvi

544 2886 608 2961 Qui
632 2887 715 2952 caeli
739 2885 849 2972 cupiet
871 2890 983 2971 portas
1006 2885 1128 2950 intrare
1151 2891 1313 2972 patentes,

627 2989 766 3076 Saepius
790 2989 873 3053 hanc
896 2986 1037 3074 pedibus
1061 2988 1163 3053 intret
1185 2995 1218 3053 et
1240 2988 1311 3076 ipse
1335 2990 1414 3055 suis.

545 3094 639 3160 Haec
662 3101 714 3159 est
735 3099 914 3180 perpetuae
937 3092 1081 3156 venienti
1103 3098 1198 3177 porta
1221 3093 1347 3174 salutis,

629 3196 704 3260 Hoc
728 3203 779 3260 est
801 3195 884 3260 lucis
905 3195 970 3259 iter
992 3201 1026 3259 et
1047 3195 1101 3258 vis
1123 3195 1188 3259 ism
1209 3196 1337 3261 reniae.

546 3299 641 3365 Haec
663 3299 779 3363 domus
802 3299 888 3362 alma
910 3297 974 3378 dei,
997 3296 1051 3362 hic
1075 3304 1151 3361 sunt
1172 3298 1328 3363 thesaura
1350 3299 1505 3379 tonantis,

630 3401 823 3466 Sanctorum
846 3401 969 3464 multae
991 3399 1215 3484 reliquiaeque
1238 3406 1379 3486 patrum.

546 3506 674 3570 Idcirco
696 3502 885 3588 ingrediens
908 3499 1027 3566 devota
1049 3508 1170 3583 mente,
1194 3503 1309 3578 viator,

631 3607 747 3673 Sterne
771 3607 841 3671 sclo
864 3606 1020 3684 membra,
1044 3611 1177 3692 pectore
1201 3627 1299 3692 carpe
1323 3607 1445 3693 polum.

547 3713 613 3777 Hic
636 3709 728 3790 deus,
750 3709 804 3774 hic
828 3709 943 3790 sancti,
966 3709 1027 3774 tibi
1050 3729 1138 3795 spes,
1161 3709 1215 3774 hic
1237 3716 1325 3774 terra
1348 3711 1474 3792 salutis,

634 3813 686 3879 Sit
708 3814 883 3879 coniuncta
904 3819 960 3876 tuo
983 3819 1117 3899 pectore
1141 3814 1235 3878 firma
1256 3813 1348 3881 fides.

961 4280 1053 4346 XCI.

1003 4422 1013 4466 1

547 4508 612 4583 Qui
635 4509 720 4593 regit
742 4507 881 4594 imperio
903 4508 1058 4594 pelagum
1081 4512 1266 4590 terramque
1289 4508 1475 4594 polumque,

546 4612 643 4678 Hanc
664 4619 759 4697 regat
781 4613 851 4697 ipse
875 4611 942 4676 suis
965 4609 1059 4675 donis
1082 4609 1280 4674 caelestibus
1303 4610 1421 4690 sulam,

545 4714 585 4778 In
609 4735 673 4801 qua
696 4715 812 4794 cultus,
834 4713 947 4796 honor,
970 4711 1084 4778 laudes
1107 4717 1143 4777 et
1164 4711 1269 4796 gloria
1291 4711 1415 4777 Christi

548 4817 687 4904 Semper
708 4818 742 4881 in
765 4823 935 4882 aeternum
957 4822 1088 4882 maneat
1110 4811 1244 4902 pietatis
1267 4837 1389 4882 amore.

856 4955 932 4962 -—-—-

997 5052 1017 5097 11

550 5139 681 5225 Surgite
704 5160 773 5220 vos,
797 5138 925 5220 fratres,
948 5136 1063 5203 laudes
1087 5143 1120 5202 et
1142 5135 1242 5202 dicite
1266 5135 1408 5220 Christo,

549 5242 643 5308 Haec
666 5249 718 5307 est
739 5249 817 5328 apta
839 5240 954 5306 domus
977 5247 1136 5306 noctumo
1159 5247 1306 5326 tempore
1328 5241 1433 5308 robis.

549 5345 732 5430 Pervigiles
755 5346 908 5434 precibus
932 5345 997 5410 iam
1018 5366 1077 5408 vos
1100 5342 1243 5408 insistite
1267 5344 1381 5425 sacris,

290 5635 307 5687 9
325 5639 426 5690 mester
447 5639 469 5702 Q
572 5637 606 5692 10
619 5648 778 5706 pmtumcter
795 5641 863 5692 deest
966 5637 975 5706 ll
994 5635 1074 5705 [xxiv]
1092 5634 1110 5688 4
1128 5637 1211 5703 rogito
1226 5636 1248 5699 Q
1363 5635 1375 5700 ll
1399 5633 1479 5702 [xxm]
1499 5635 1513 5688 l
1532 5639 1604 5705 cupit
1618 5639 1648 5702 Q,
1664 5641 1751 5708 cupiet
1762 5639 1791 5691 F

254 5719 335 5792 [xer]
370 5725 450 5776 meua
470 5725 534 5791 op.
554 5723 691 5777 1cos-ae
708 5745 733 5779 η.
753 5727 981 5778 cxvm-cxxr
1143 5712 1154 5722 ’
