4598 6414
823 411 869 464 DE
887 407 1143 466 CONVERSIONE
1161 407 1338 465 SAXONUM
1358 407 1517 464 CARMEN.

1126 703 1203 770 VII.

709 824 851 898 Quintus
875 832 945 891 erat
968 824 1078 889 mundi
1102 825 1205 888 tristis
1229 825 1270 888 ab
1294 825 1419 908 origine
1443 824 1537 887 limes

706 929 880 1015 Expletus,
903 929 1017 994 morbo
1040 929 1176 993 nimium
1199 928 1382 993 tabefactus
1406 926 1524 992 acerbo

712 1032 860 1106 Quatuor
881 1033 1048 1096 horribilis
1072 1037 1177 1095 metas
1201 1030 1277 1098 dum
1301 1037 1442 1095 torserat
1464 1029 1562 1107 orbis,

708 1134 861 1221 Dumque
885 1136 1001 1202 diurna
1023 1143 1133 1200 rotans
1157 1134 1329 1200 redeuntia
1352 1135 1460 1216 saecla
1482 1131 1637 1212 redirent,
1707 1215 1714 1218 -

709 1238 801 1312 Quae
823 1241 970 1327 patribus
993 1239 1153 1325 promissa
1176 1237 1292 1302 darent
1313 1238 1472 1322 fulgentia
1495 1259 1605 1322 regna.

708 1342 788 1408 Post
811 1343 921 1429 eoepit
943 1351 1056 1407 sextus
1080 1341 1162 1406 felix
1183 1363 1218 1405 se
1242 1343 1374 1406 volvere
1398 1339 1505 1423 cardo,

709 1444 772 1518 Qui
795 1447 914 1511 meruit
937 1446 1068 1510 tandem
1091 1444 1293 1532 praedictum
1317 1445 1471 1529 germinis
1495 1443 1553 1508 alti

707 1547 913 1628 Adventum,
938 1549 1078 1634 antiquis
1102 1549 1277 1633 multisque
1301 1570 1475 1634 capessere
1500 1548 1627 1612 saeclis.

709 1650 773 1724 Qui
796 1653 925 1737 genitor
948 1653 1029 1716 solio
1055 1653 1199 1716 clemens
1222 1652 1393 1738 prospexit
1415 1652 1456 1716 ab
1479 1651 1545 1716 alto

708 1755 931 1846 Pompiferum
955 1754 1120 1836 mundum,
1145 1755 1226 1820 dura
1249 1756 1309 1820 sub
1331 1761 1435 1821 morte
1458 1756 1630 1833 iacentem,

708 1859 752 1923 Et
775 1881 879 1945 genus
903 1860 1094 1932 humanum,
1119 1881 1161 1923 ex
1183 1859 1261 1923 limo
1285 1858 1371 1945 quod
1394 1859 1517 1924 fecerat
1540 1860 1627 1939 olim,

708 1962 749 2026 In
770 1962 894 2026 baratri
918 1983 1055 2026 cernens
1078 1961 1208 2026 foveam
1231 1963 1387 2026 mersisse
1411 1961 1615 2048 profundam.

708 2066 799 2131 Tunc
822 2072 916 2152 pater
939 2066 1157 2152 omnipotens,
1181 2087 1290 2130 rerum
1313 2066 1517 2150 gratissimus
1541 2072 1663 2148 auctor,

708 2168 770 2233 1119
794 2168 867 2254 pius
891 2173 987 2244 sator,
1013 2189 1163 2254 superam
1187 2168 1242 2252 qui
1265 2174 1427 2254 temperat
1449 2190 1555 2249 axem,

708 2270 907 2355 Progeniem
931 2275 1077 2334 sanctam
1100 2272 1271 2360 praecelsa
1293 2272 1381 2336 mitis
1405 2272 1446 2336 ab
1470 2293 1544 2336 arce

707 2375 810 2456 Misit,
834 2381 867 2438 91
889 2375 1055 2460 extemplo
1079 2375 1181 2438 cinxit
1203 2375 1261 2439 lux
1283 2397 1383 2440 aurea
1405 2375 1571 2456 mundum,

708 2476 853 2542 Horrida
875 2477 1053 2563 probrosae
1077 2475 1219 2564 dempsit
1242 2479 1297 2564 qui
1320 2479 1455 2542 erimina
1477 2478 1601 2559 mortis,

711 2580 755 2645 Et
777 2580 903 2644 facinus
928 2579 1040 2643 mundi
1062 2579 1211 2643 Iordanis
1234 2580 1314 2645 lavit
1337 2581 1370 2643 in
1391 2579 1499 2660 undis,

710 2684 924 2769 signavitque
949 2685 1020 2769 pios
1044 2683 1179 2769 pretiosi
1203 2683 1371 2767 sanguinis
1395 2690 1494 2750 ostro.

713 2787 768 2852 Sic
791 2808 918 2873 quoque
943 2786 1101 2850 fellivomi
1123 2786 1278 2872 praedam
1302 2786 1342 2851 de
1365 2787 1459 2852 fauce
1485 2788 1609 2874 eelydri

713 2890 863 2954 Abstulit
887 2896 920 2955 91
943 2889 1059 2974 Cocyti
1082 2888 1204 2953 calidas
1229 2890 1382 2975 spoliavit
1404 2911 1531 2972 arenas,

709 2994 827 3058 Victor
850 3014 949 3058 ovans
974 2992 1080 3072 rediit,
1104 2993 1242 3078 patriam
1266 2994 1425 3058 remeavit
1447 2992 1488 3057 ad
1511 3015 1630 3061 arcem.

710 3097 780 3162 Iam
804 3097 1031 3183 septingentos
1055 3096 1165 3160 finitos
1189 3097 1320 3162 91191191
1342 3119 1445 3162 annos

709 3201 753 3265 Et
776 3207 905 3287 septem
928 3199 1054 3280 decies,
1077 3200 1110 3262 ni
1134 3200 1239 3282 fallor,
1263 3223 1362 3287 supra
1383 3201 1498 3280 relicti,

712 3303 758 3369 Ut
781 3303 895 3382 tradit,
919 3308 1062 3389 septem,
1086 3303 1268 3388 priscorum
1292 3305 1435 3369 calculus
1458 3304 1567 3386 index,

712 3406 842 3472 Adsunt
865 3407 1049 3494 praesentis
1072 3405 1206 3470 defluxu
1228 3407 1384 3492 temporis
1408 3408 1494 3490 anni,

711 3510 784 3584 Quo
809 3510 945 3575 Carolus
969 3531 1054 3574 nono
1079 3516 1195 3595 regnat
1217 3510 1358 3575 feliciter
1381 3512 1499 3593 anno,1

709 3616 748 3679 In
772 3635 835 3700 quo
859 3613 1027 3679 Saxonum
1049 3635 1150 3700 pravo
1175 3612 1214 3677 de
1238 3615 1398 3698 sanguine
1421 3613 1534 3678 919192

710 3717 801 3783 Gens
825 3717 945 3783 meruit
967 3738 1079 3802 regem
1104 3738 1265 3780 summum
1289 3738 1488 3802 cognoscere
1513 3718 1607 3798 caeli,

713 3820 850 3886 Sordida
871 3821 1005 3908 pollutis
1029 3842 1111 3906 quaa
1135 3819 1262 3906 pridem
1286 3819 1371 3884 dona
1394 3821 1523 3886 sacellis

708 3924 859 3990 Ponabat
882 3923 1004 4011 rapidis
1027 3924 1148 3988 bustim
1172 3923 1311 4009 depasta
1334 3924 1481 4004 caminis,

708 4029 785 4094 Rite
809 4034 996 4093 cruentatas
1020 4033 1130 4116 tauros
1153 4026 1317 4090 mactabat
1340 4025 1381 4090 ad
1404 4047 1488 4090 aras.

709 4130 753 4195 Et
777 4130 951 4196 demonum
974 4113 1079 4194 aulius
1104 4129 1188 4193 colla
1211 4128 1406 4193 inflectendo
1429 4128 1596 4208 nefandos,

710 4234 912 4321 Suppliciter
933 4255 1092 4298 venerans
1116 4253 1346 4320 proceresque,
1370 4232 1524 4317 deosque,
1548 4239 1696 4318 penates,

709 4338 886 4403 Barbarioa
908 4338 998 4402 rabie
1021 4338 1127 4402 fluxas
1151 4344 1321 4422 grassante
1345 4336 1516 4417 medullas,

706 4442 771 4507 Pro
795 4459 903 4507 rerum
926 4441 1056 4505 fortuna
1078 4442 1173 4527 plebs
1197 4439 1382 4505 miseranda
1404 4441 1551 4525 rogabat.

705 4545 780 4611 Hoc
808 4566 912 4630 genus
936 4543 1102 4609 indocile³
1126 4543 1256 4608 Ohristo
1277 4543 1467 4608 famularier
1489 4545 1554 4608 alte
1621 4567 1623 4576 ’

706 4651 881 4734 Ignorans,
906 4647 1071 4712 dominum
1094 4669 1170 4711 nam
1193 4646 1292 4711 eorde
1316 4645 1449 4712 credere
1472 4649 1587 4712 nolens

708 4752 759 4817 Ob
783 4773 914 4816 eausam
938 4758 1068 4816 nostrae
1092 4752 1125 4816 in
1148 4751 1302 4816 mundum
1325 4752 1457 4816 venisse
1482 4752 1607 4832 salatia,

626 4877 652 4916 ro
711 4855 807 4919 Hanc
832 4853 966 4919 Carolus
990 4856 1141 4942 prinecps
1165 4861 1297 4940 gentem
1321 4855 1520 4941 fulgentibus
1543 4857 1664 4920 armis⁴

412 5115 484 5186 [VII]
506 5118 586 5170 edidit
603 5117 746 5169 Frobeaiua
759 5134 788 5183 p.
802 5113 853 5166 615
871 5133 901 5166 99
919 5115 973 5166 cod.
993 5115 1126 5181 Ratispon.
1254 5114 1415 5167 2999111911
1525 5115 1541 5167 3
1560 5117 1683 5183 torquerit
1700 5117 1733 5179 B,
1751 5125 1857 5168 torserat
1874 5117 1994 5169 il'ctteab.

343 5204 359 5257 6
378 5207 445 5273 capit
457 5205 490 5270 B,
507 5205 590 5273 caepit
606 5204 717 5256 Froben.
823 5199 854 5252 21
874 5210 900 5253 et
917 5202 1041 5268 quoquidi
1051 5201 1083 5264 ff,
1100 5203 1189 5268 Cocyti
1208 5203 1309 5252 9919911
1412 5200 1447 5252 30
1464 5203 1527 5252 dura
1538 5202 1570 5265 If,
1588 5205 1654 5260 (lona
1671 5205 1771 5254 9911991

448 5390 475 5456 1)
498 5389 584 5443 Porta
607 5389 675 5442 dicit
697 5403 799 5440 onnam
817 5387 867 5439 777
886 5403 916 5455 p.
938 5385 1001 5438 Otr.
1019 5401 1059 5450 1,,
1086 5386 1135 5454 qui
1156 5402 1249 5440 199919
1273 5401 1363 5440 corrue
1385 5386 1442 5453 ficit
1465 5387 1542 5455 rapat
1571 5387 1734 5454 09191111,
1762 5387 1798 5454 rs.
1821 5388 1911 5440 99991.
1934 5387 1994 5440 Mo-

345 5493 439 5546 991199.
463 5492 512 5545 777
543 5491 604 5560 (SS.
632 5493 710 5556 XVI,
723 5491 785 5555 496)
807 5489 906 5542 habuit
925 5490 1041 5542 Karolus
1154 5489 1374 5558 Magiseampum
1399 5489 1427 5541 in
1451 5488 1572 5542 Saronia
1599 5490 1634 5542 ad
1660 5489 1876 5542 l'aderbrunnon
1903 5493 1932 5543 91
1956 5490 1994 5543 ibi

344 5610 517 5664 paganorum
536 5593 676 5649 Saxonum
694 5592 846 5646 multitudo
864 5592 986 5646 maxima
1004 5591 1147 5661 baptirata
1166 5596 1214 5646 est.
1290 5593 1318 5658 2)
1344 5593 1419 5660 Varp.
1438 5594 1504 5646 Aea.
1524 5595 1582 5656 III,
1595 5593 1646 5647 608
1664 5603 1719 5663 quo
1739 5594 1874 5664 sanguina
1895 5597 1995 5649 cretus.

343 5696 370 5767 3)
388 5695 425 5750 ib.
451 5699 530 5764 VIII,
539 5696 589 5750 321
608 5713 697 5767 genus
715 5695 846 5750 indocile.
916 5694 944 5762 4)
964 5697 999 5750 ib.
1020 5698 1061 5763 II,
1080 5697 1130 5750 749
1150 5696 1248 5766 cingor
1266 5695 1439 5766 fulgentibus
1458 5695 1550 5750 anuis.
