4628 6428
1023 393 1173 450 ALCUINI
1192 394 1368 450 CARMINA.

744 566 977 633 Hildibaldus¹
1001 590 1101 633 ovans
1124 570 1309 656 Agrippina
1331 568 1464 655 praesul
1487 567 1519 632 in
1542 567 1633 631 urbe.

745 671 809 736 Hic
832 694 891 759 pro
915 695 1005 757 rege,
1029 680 1151 759 patres,
1177 672 1309 737 Christo
1333 673 1387 758 pia
1409 692 1545 735 munera
1567 671 1662 751 ferte,

665 797 689 833 ιο
747 775 793 839 Ut
815 784 986 841 conservet
1010 797 1085 840 eum
1109 776 1261 840 caelestis
1284 776 1391 860 gratia
1415 797 1554 861 semper.

744 876 837 941 Haec
861 884 911 942 est
933 880 1019 942 alma
1041 878 1157 943 demus
1181 879 1274 942 donis
1299 878 1438 942 solidata
1461 877 1642 963 supernis2,

745 979 841 1044 Hanc
862 987 956 1066 regat
979 983 1186 1067 omnipotens
1208 1003 1327 1066 magno
1351 1003 1423 1046 cum
1447 981 1593 1067 principe
1616 980 1730 1042 Petro.

747 1081 797 1146 Sit
819 1082 877 1147 tibi
901 1091 991 1148 certa
1013 1086 1112 1164 salus,
1136 1085 1252 1149 veniae
1276 1106 1363 1170 spes,
1387 1085 1485 1149 ianua
1506 1083 1603 1156 ritae,

745 1188 901 1275 Quisquis
925 1191 1022 1256 corde
1045 1193 1099 1277 pie
1123 1193 1273 1256 lacrimas
1296 1193 1356 1257 hac
1379 1191 1487 1255 fundis
1511 1191 1545 1253 in
1567 1189 1649 1252 aula.

1190 1368 1221 1410 ιιι

744 1443 871 1509 Ductus
894 1467 1005 1512 amore
1028 1455 1084 1514 tuo
1107 1472 1236 1534 magno,
1260 1450 1431 1514 mitissime
1456 1447 1597 1520 Christe,

744 1548 855 1634 Atque
877 1557 933 1615 tuo
957 1551 1090 1638 pariter,
1115 1553 1321 1617 sanctissima
1343 1553 1436 1637 virgo
1458 1551 1573 1622 Maria,

745 1652 854 1737 Atque
878 1659 945 1735 tue,
968 1657 1093 1720 meritis
1116 1658 1264 1742 preclare
1288 1656 1444 1721 Medarde
1468 1653 1630 1730 sacerdos,

745 1756 895 1821 Iusserat
917 1758 1001 1823 hanc
1023 1781 1113 1824 aram
1135 1743 1280 1845 pulchris
1304 1780 1420 1823 ornare
1442 1758 1584 1822 metallis

747 1859 968 1925 Hildebaldus
992 1883 1103 1942 orans,
1125 1862 1258 1926 humilis
1280 1869 1375 1948 pater
1396 1869 1494 1946 atque
1518 1858 1679 1930 sacerdos,

746 1961 809 2028 Pro
834 1985 907 2047 quo,
931 1965 1073 2030 lectores
1097 1967 1193 2044 tituli,
1218 1986 1354 2030 exorare
1378 1985 1541 2049 regamus.

1152 2291 1273 2359 CVIII.

1206 2416 1214 2458 ι

743 2494 848 2573 Haec,
872 2502 908 2560 tu
931 2517 1027 2582 quam
1051 2499 1168 2576 cernis,
1192 2519 1372 2585 praeparva
1395 2498 1602 2570 domuncula„
1624 2498 1735 2566 lector,

745 2598 915 2684 Reliquias
938 2608 1072 2686 propter
1094 2624 1204 2666 sacras
1228 2604 1292 2666 iam
1316 2601 1446 2666 condita
1469 2608 1605 2678 constat,

746 2701 793 2765 Ut
815 2703 907 2766 locus
930 2703 984 2767 hic
1007 2704 1146 2768 mundus
1171 2705 1325 2789 suffragia
1348 2713 1462 2769 sancta
1483 2711 1628 2768 teneret:

747 2803 904 2869 Servulus
927 2813 965 2869 ut
988 2805 1110 2871 Christi
1133 2809 1270 2873 veniens
1294 2816 1401 2873 oraret
1424 2810 1458 2872 in
1481 2810 1556 2871 istc.

679 2927 690 2963 a
747 2906 897 2972 Iusserat
917 2908 1059 2973 Albinus
1081 2917 1173 2975 vates
1196 2911 1278 2976 haec
1301 2919 1390 2976 tecta
1411 2932 1537 2998 parare,

746 3008 811 3073 Pro
835 3030 909 3095 qu0,
933 3012 989 3096 qui
1012 3012 1141 3076 titulum
1164 3012 1288 3092 videas,
1313 3034 1405 3078 crare
1427 3018 1603 3078 memento.

1197 3195 1217 3238 ιι

747 3257 895 3341 Venerat
917 3277 1033 3341 infelix
1056 3278 1202 3344 rurensis
1226 3279 1322 3344 turba
1345 3280 1462 3344 timere

748 3377 853 3451 Quam
876 3381 998 3466 premit
1020 3382 1154 3467 opifices
1178 3383 1243 3446 illis
1265 3384 1426 3447 inamatus
1449 3380 1630 3445 Amandus.

746 3479 832 3553 Quid
854 3481 980 3545 faciunt
1002 3483 1134 3546 miseri?
1158 3490 1348 3569 rumpantur
1370 3483 1467 3547 dorsa
1490 3481 1640 3565 flagellis,

748 3583 798 3648 Sit
820 3606 877 3649 rea
899 3586 1048 3649 ruricolis
1071 3592 1196 3649 tantum
1220 3586 1405 3651 substantia
1428 3587 1527 3650 salva.

1193 3767 1223 3810 ιιι

746 3851 888 3917 Albinus
910 3850 1046 3914 veniens
1070 3849 1243 3934 peregrine
1267 3851 1350 3914 vatis
1373 3850 1414 3914 ab
1438 3849 1528 3930 erbe,

750 3955 814 4019 His
838 3976 934 4040 quem
957 3953 1079 4018 direxit
1101 3954 1270 4039 praeclara
1292 3952 1462 4017 Britannia
1484 3953 1592 4018 terris.

748 4058 895 4144 Suscipit
916 4059 1003 4123 hunc
1025 4057 1168 4122 Karolus
1192 4057 1289 4121 huius
1313 4079 1372 4122 rex
1395 4057 1528 4120 inclitus
1552 4056 1652 4134 orbis,

748 4162 831 4227 Ourn
853 4164 977 4249 pietate
1002 4183 1114 4225 sacrae
1139 4160 1273 4245 sophiae
1297 4167 1365 4223 tum
1388 4166 1522 4245 propter
1545 4180 1689 4223 amorem
1699 4158 1722 4221 ³.

678 4288 689 4323 s
749 4265 815 4330 Hic
837 4265 946 4332 diruta
967 4264 1026 4328 diu
1049 4283 1249 4327 camerarum
1274 4263 1416 4325 culmina
1438 4262 1542 4340 iussit,

749 4369 796 4432 Ut
819 4368 926 4433 cernis
949 4369 1061 4445 lector,
1086 4372 1187 4429 totam
1209 4386 1368 4430 renovare
1391 4386 1452 4450 per
1474 4364 1615 4430 aulam‘.

746 4472 813 4536 Hic
835 4472 908 4535 loca
931 4469 1078 4553 reliquiis
1102 4475 1251 4532 statuens
1274 4468 1444 4554 aptissima
1467 4468 1579 4540 sacris,

748 4576 942 4640 Sanctorum
966 4571 1095 4656 requies
1119 4577 1225 4635 certos
1248 4577 1284 4633 ut
1306 4570 1444 4636 haberet
1466 4570 1618 4640 honores,

748 4679 794 4743 Ut
816 4678 911 4743 decet
934 4679 967 4740 in
990 4677 1085 4739 terris
1108 4676 1259 4740 venerari
1283 4683 1396 4738 sancta
1417 4676 1555 4761 piorum,

669 4805 692 4842 ιο
749 4780 838 4854 Quos
862 4779 944 4844 deus
968 4779 1001 4842 in
1025 4777 1125 4841 caelis
1148 4777 1251 4841 voluit
1273 4797 1411 4861 regnare
1434 4797 1494 4862 per
1516 4797 1643 4842 aevum.

484 5008 763 5069 anirrusnsusaq
862 5003 894 5055 13
912 5002 1037 5054 uenere
1131 4998 1768 5067 q[nnat.qp.1741n.cenxvr,ns.ca
1888 5009 2087 5081 apurersc

453 5094 560 5162 [curn]
595 5095 662 5146 ensa.
679 5086 884 5158 apruna-au
897 5107 922 5138 u.
935 5089 1129 5138 (ιιι-(ιιι
1214 5086 1224 5148 l
1245 5085 1270 5150 [ι]
1291 5085 1469 5152 lerenius
1482 5087 1512 5149 Q,
1530 5087 1717 5153 nserustaF
1799 5090 1811 5154 ll
1826 5090 1867 5157 lul
1890 5093 2088 5168 aopmeesc

385 5198 475 5231 scisma
492 5183 616 5232 obscurus

483 5299 509 5364 1)
527 5295 631 5363 Riculfi
648 5308 801 5357 successor,
815 5295 925 5362 primus
944 5291 1170 5360 archiepiscopus
1185 5289 1356 5344 coloniensis
1373 5293 1405 5354 (c.
1419 5291 1566 5359 tae-als)
1585 5298 1610 5346 et
1627 5293 1881 5362 archicapellanus
1900 5309 1991 5374 repis
2010 5311 2086 5367 inde

379 5389 415 5442 ab
439 5405 512 5442 anna
531 5389 590 5441 794.
678 5387 704 5453 2)
725 5386 894 5441 Coloniensis
917 5386 1030 5440 ccclesia
1053 5384 1231 5444 cathedralis.
1260 5383 1312 5448 cfr.
1339 5382 1495 5435 Clrrnrrilcec
1518 5384 1568 5437 der
1591 5385 1775 5440 rricdcrrlseia.
1804 5391 1917 5450 Stridtc
1945 5401 1971 5452 I
1984 5420 2019 5472 p.
2042 5406 2084 5460 Χ,

379 5483 407 5548 3)
437 5483 480 5550 Os.
499 5481 612 5535 Alesiai
639 5482 718 5548 epist.
741 5497 767 5532 a.
786 5479 836 5532 801
862 5481 961 5533 Curato
984 5479 1144 5546 irapcrctcri
1163 5477 1292 5543 scriptam
1312 5476 1349 5540 (a.
1369 5477 1420 5528 170
1433 5494 1463 5544 p.
1481 5477 1557 5544 slat:
1580 5495 1623 5532 me
1642 5479 1742 5542 etism,
1768 5481 1910 5543 infimum
1939 5495 2084 5553 eiusdem

383 5577 498 5627 sanctae
531 5574 688 5642 sapientiae
718 5573 911 5636 vernaculum,
939 5573 973 5624 de
1000 5570 1107 5624 ultimis
1136 5569 1291 5622 Brittaniae
1318 5567 1419 5620 linibus
1447 5570 1599 5625 adsciscere
1626 5573 1751 5627 curastis.
1857 5581 1890 5648 4)
1924 5588 2019 5645 Haec
2048 5595 2086 5650 de

381 5668 528 5720 cameratis
547 5666 679 5720 basilicae
702 5665 869 5720 Turonensis
888 5668 1021 5721 oratoriis
1038 5665 1168 5730 intelquit
1187 5662 1322 5716 Mabillon
1341 5662 1450 5722 (Anasi.
1470 5663 1514 5726 ΙΙ,
1532 5665 1603 5732 361).
