4574 6442
986 437 1136 492 ALCUINI
1156 438 1331 494 CARMINA.

656 633 694 670 aa
752 614 901 678 Luminis
924 614 1071 678 aetherei
1094 619 1165 678 tota
1187 613 1371 697 fulgescere
1394 621 1505 688 noete;

750 717 857 781 Maior
878 718 1045 803 relliquias
1070 738 1151 802 quas
1174 724 1251 782 tune
1274 718 1371 782 aulea
1393 719 1535 804 tegebat.

750 820 834 885 Nam
856 821 972 906 priscis
996 821 1080 885 odiis
1103 841 1272 885 assumere
1293 821 1444 907 primitus
1469 845 1544 886 ossa

749 924 851 1009 Inque
875 925 1109 989 monasterium
1134 925 1223 990 sueri
1245 925 1373 990 deferre
1396 934 1566 1010 negantes

750 1027 856 1093 Nocte
869 1049 1012 1119 xmanere
1035 1028 1123 1092 foras
1145 1028 1203 1092 illa
1226 1028 1334 1093 fecere
1359 1029 1488 1104 coloni;

670 1152 680 1189 r
752 1130 819 1196 Sed
842 1131 918 1195 dum
941 1131 1042 1195 divini
1065 1131 1217 1196 viderunt
1239 1132 1370 1196 luminis
1394 1133 1513 1216 ignem,

751 1232 844 1307 Quae
867 1236 958 1320 prius
981 1236 1175 1312 abnuerant,
1200 1256 1311 1300 secum
1334 1236 1476 1301 retinere
1500 1231 1675 1321 rogabant;

751 1337 915 1424 Maneque
939 1339 1106 1423 sarcofago
1131 1338 1308 1403 condentes
1331 1338 1400 1403 lota
1422 1346 1546 1425 parato,

752 1442 924 1508 Ecclesiae
949 1444 1092 1507 tulerant
1114 1463 1231 1526 magno
1256 1442 1316 1506 sub
1340 1443 1470 1507 culmen
1492 1443 1625 1525 honore,

751 1545 893 1610 Divitias
917 1547 1012 1610 terris
1035 1552 1187 1610 curantes
1211 1545 1351 1610 condere
1375 1546 1478 1610 vivas.

754 1650 793 1713 In
816 1670 879 1734 quo
902 1651 1004 1714 multa
1027 1650 1098 1715 loeo
1122 1650 1205 1714 liunt
1226 1671 1311 1715 nunc
1334 1671 1438 1735 usque
1460 1651 1590 1736 patroni

754 1752 805 1817 Oh
829 1754 980 1818 meritum
1002 1755 1086 1818 tanti
1109 1755 1142 1818 in
1164 1755 1360 1838 languentes
1383 1753 1471 1817 dona
1493 1755 1622 1834 salutis,

754 1856 895 1921 Sanctae
920 1857 948 1920 si
970 1857 1047 1922 fidei
1070 1858 1173 1922 virtus
1197 1858 1370 1922 comitatur
1392 1856 1535 1923 eosdem.

754 1957 782 2022 E
807 1958 926 2043 quibus
949 1959 1011 2024 hoc
1033 1981 1134 2024 unum
1156 1961 1346 2046 properanti
1369 1967 1503 2044 tangere
1527 1960 1651 2046 plectro

754 2062 890 2142 Sufficit,
912 2069 950 2126 ut
973 2064 1088 2128 eredas
1112 2064 1249 2128 devotus
1273 2072 1392 2144 cetera,
1415 2065 1528 2129 lector.

801 2167 909 2232 Fehre
933 2188 1015 2252 puer
1040 2167 1171 2252 quidam
1193 2167 1294 2232 iacuit
1315 2188 1375 2252 per
1397 2173 1546 2252 tempora
1569 2167 1676 2251 longa,
1780 2164 1811 2214 B.
1824 2163 1880 2226 111,
1893 2171 1926 2208 ¹²·

755 2270 923 2337 Coenobio
946 2271 1107 2355 languens
1131 2271 1226 2335 citius
1249 2272 1425 2335 moriturus
1447 2271 1480 2334 in
1503 2271 1575 2342 illo;

753 2373 841 2439 Ecce
864 2374 917 2438 die
940 2374 1080 2458 quadam
1103 2376 1203 2439 miser
1226 2374 1267 2438 ad
1289 2375 1363 2438 loca
1385 2381 1499 2438 sancta
1521 2376 1662 2460 sepulcri

754 2477 903 2553 Ducitur,
927 2477 1073 2542 Oswaldi
1095 2478 1222 2541 meritis
1245 2499 1286 2542 ne
1310 2483 1460 2561 tangeret
1483 2477 1575 2541 illurn

755 2579 871 2645 Febris
887 2581 1016 2661 acerba,
1040 2579 1123 2645 fides
1138 2601 1213 2644 nam
1230 2581 1370 2666 percipit
1386 2601 1480 2645 omne
1496 2579 1581 2665 quod
1597 2588 1678 2645 orat.

658 2731 664 2746 r
756 2683 904 2749 Credidit
926 2689 962 2748 ut
984 2685 1156 2768 languens,
1180 2685 1262 2748 citus
1286 2685 1326 2748 ad
1351 2705 1409 2748 sua
1425 2691 1513 2748 tecta
1527 2685 1679 2758 cucurrit,

756 2788 901 2874 Corpore
925 2793 1038 2851 sanato
1062 2809 1242 2872 properans
1267 2795 1300 2852 et
1322 2793 1456 2873 pectore
1479 2788 1576 2866 laeto,

755 2891 905 2956 Morhida
928 2911 989 2955 nec
1012 2890 1111 2956 audet
1134 2893 1207 2978 plus
1231 2892 1322 2956 illurn
1346 2899 1481 2976 tangere
1503 2891 1615 2956 febris.

753 2994 877 3058 Postea
899 3016 959 3058 rex
982 2994 1062 3058 felix
1086 3002 1260 3058 ornaverat
1284 2995 1361 3058 Offa'
1382 2995 1589 3080 sepulcrum¹

755 3096 914 3180 Argento,
937 3097 1086 3181 gemmis,
1110 3119 1200 3178 auro,
1223 3099 1392 3183 multoque
1417 3097 1544 3177 decore,

661 3223 692 3246 ·‹·
755 3199 803 3263 Ut
824 3198 924 3264 decus
943 3206 978 3263 ot
991 3200 1158 3286 specimen
1174 3203 1308 3266 tumbae
1324 3223 1384 3288 per
1399 3202 1510 3265 saecla
1523 3207 1680 3280 maneret,

754 3302 907 3368 Praemia
929 3325 987 3388 pro
1012 3303 1139 3368 modico
1163 3311 1351 3390 sumpturus
1375 3323 1493 3386 magna
1514 3302 1637 3366 labore.

755 3404 914 3470 Necnon
937 3413 1025 3470 terra
1047 3409 1145 3471 micat
1168 3407 1367 3471 caelestibus
1390 3407 1512 3490 inclyta
1535 3406 1648 3490 signis,

760 3508 927 3594 Corporis,
950 3517 986 3574 ut
1009 3509 1089 3582 dixi,
1113 3531 1196 3595 quae
1220 3511 1324 3574 sancti
1347 3510 1414 3574 lota
1435 3508 1565 3572 lavacro
1590 3516 1650 3588 est,

756 3611 904 3697 Sumpsit
926 3619 959 3677 et
982 3614 1136 3678 affectum
1164 3613 1315 3679 vincendi
1338 3615 1405 3678 tela
1428 3613 1562 3696 maligni

754 3716 935 3780 Daemonis
959 3723 992 3780 et
1015 3738 1111 3780 sanos
1135 3717 1263 3781 vexatis
1286 3715 1425 3781 reddere
1449 3737 1574 3781 sensus.

799 3819 977 3883 Abbatissa
1000 3820 1132 3904 quidem
1148 3819 1330 3904 quaedam²
1351 3820 1424 3883 loca
1441 3825 1553 3883 sancta
1569 3817 1679 3883 videre

756 3923 909 4007 Advenit,
934 3945 1009 3989 sese
1033 3931 1066 3989 et
1090 3926 1217 3989 meritis
1240 3923 1442 3988 committere
1467 3923 1581 4003 saneti,

756 4027 891 4112 Iamque
915 4027 1047 4092 domum
1070 4027 1202 4092 rediens
1219 4027 1341 4092 tulerat
1356 4025 1396 4091 de
1411 4027 1547 4112 pulvere
1562 4033 1680 4105 terrae

758 4129 891 4194 Ablutis
914 4151 1040 4194 sacram
1065 4151 1147 4215 quae
1172 4152 1214 4194 ex
1235 4129 1364 4194 ossibus
1379 4129 1536 4193 hauserat
1550 4127 1681 4192 undam.

756 4233 920 4318 Tempore
944 4240 1109 4298 transacto
1132 4233 1287 4298 veniebat
1310 4232 1432 4318 hospes
1455 4231 1497 4295 ad
1520 4231 1619 4311 illam,

755 4336 925 4402 Daemone
948 4339 1004 4422 qui
1025 4339 1133 4404 luerat
1154 4337 1321 4402 nocturnis
1346 4336 1477 4422 saepius
1498 4335 1589 4400 horis

755 4440 878 4504 Vexari
902 4442 1034 4506 solitus:
1059 4442 1255 4506 elamoribus
1279 4460 1357 4504 ecee
1381 4445 1518 4525 repente

757 4543 921 4629 Coeperat
943 4544 1115 4609 horrendis
1138 4543 1294 4610 frendens
1316 4545 1390 4606 loca
1411 4543 1479 4606 lata
1501 4540 1641 4626 replere,

755 4647 921 4712 Mercibus
945 4655 978 4712 et
1001 4647 1112 4712 furens
1137 4655 1242 4713 semet
1264 4648 1410 4710 lacerare
1434 4642 1594 4709 nefandis.

756 4750 896 4814 Etcum
917 4750 1028 4815 nullus
1052 4773 1126 4816 eum
1149 4753 1256 4837 potuit
1278 4748 1503 4832 constringere
1526 4747 1652 4825 vinclis,

755 4853 820 4918 Vel
846 4855 958 4918 miseri
982 4876 1098 4919 saevos
1120 4855 1231 4939 flagris
1254 4873 1465 4938 compescere
1488 4857 1605 4931 motus

756 4957 850 5026 Haec
874 4957 1061 5022 abbatissae
1085 4957 1218 5044 quidam
1239 4977 1373 5021 narrare
1398 4953 1550 5020 cucurrit.

756 5059 819 5123 llla
840 5059 956 5124 videns
980 5061 1118 5125 miseros
1140 5068 1249 5125 motus
1272 5079 1436 5143 vocesque
1460 5056 1610 5136 furentis,
1715 5138 1719 5144 .

737 5161 903 5225 iusserat
925 5161 1047 5228 adferri
1070 5185 1163 5229 sacro
1188 5185 1261 5228 eum
1284 5163 1419 5248 pulvere
1443 5181 1592 5245 capsam3

441 5447 492 5501 384
510 5453 619 5519 percipit
636 5453 779 5504 ostendunit
804 5453 966 5505 Walteuboch
979 5473 1032 5521 pro
1049 5456 1178 5523 praecipit.

444 5619 470 5684 1)
499 5619 577 5674 Haec
603 5619 636 5673 dc
664 5619 730 5687 Offa
755 5635 817 5688 repe
836 5623 845 5689 (
852 5621 1025 5690 157-196),
1054 5623 1104 5694 qui
1128 5623 1250 5678 Alcaico
1279 5624 1404 5693 aequalis
1432 5625 1504 5694 fait,
1534 5641 1553 5678 a
1579 5618 1677 5678 Bardo
1704 5619 1795 5677 alicua
1822 5631 1880 5672 aare
1901 5621 1997 5684 patet.

339 5719 366 5786 2)
384 5719 552 5775 aeremitae.
