4574 6442
770 411 966 466 ΕΡΙΤΑΡΗΙΑ
985 413 1142 467 ΟΠΜΙΑΝΙ
1162 413 1207 467 ΕΤ
1227 413 1393 467 NATALIS.

619 583 670 647 'Iu
693 583 802 648 Caroli
825 585 970 650 clemens
994 586 1104 650 devoti
1128 607 1264 651 munera
1285 587 1373 671 regis

704 687 853 775 Suscipe‚
877 711 961 774 quae
986 690 1122 775 cupiens
1146 691 1264 756 obtulit
1287 691 1359 777 ipse
1382 691 1453 755 tibi.

551 815 562 847 ἡ
620 791 845 878 Hildegarda¹
870 794 1020 878 piceum
1045 815 1107 879 quo
1131 794 1373 882 regina-'fidelis

703 897 841 960 Actibus
864 897 1002 982 insignis
1026 899 1145 963 mentis
1169 920 1279 963 amore
1302 897 1402 962 dedit.

1064 1344 1108 1408 ΙΙ.

597 1483 687 1558 iHic
711 1504 804 1548 sacra
826 1483 915 1546 beati
941 1483 1089 1547 membra
1112 1483 1262 1546 Cumiani
1285 1484 1462 1547 solvuntur.

622 1587 724 1651 Cuius
747 1588 873 1650 eaelum
897 1593 1072 1672 penetrans
1095 1587 1204 1649 anima
1227 1607 1301 1649 eum
1323 1586 1448 1670 angelis
1472 1587 1604 1671 gaudet.

619 1691 687 1755 Iste
710 1691 771 1755 fuit
794 1712 931 1775 magnus
954 1689 1123 1774 dignitate,
1146 1711 1279 1774 genere,
1303 1690 1418 1754 forma.

622 1794 719 1858 Hunc
742 1793 831 1856 misit
855 1792 989 1857 Scothia
1011 1794 1092 1856 lines
1117 1793 1157 1856 ad
1181 1793 1312 1857 Italicos
1337 1815 1459 1858 senem.

552 1921 563 1956 s
622 1897 765 1961 Locatur
788 1895 939 1960 Ebovio²
961 1895 1083 1960 domini
1107 1897 1302 1960 constrictus
1325 1918 1446 1977 amore,

620 2000 685 2064 Ubi
708 1999 887 2064 venerandi
910 2001 1028 2085 dogma
1051 1999 1245 2064 Columbani
1270 2000 1429 2064 servando

620 2103 783 2188 vigilans,
806 2103 965 2182 ieiunans,
988 2102 1173 2168 indefessus
1197 2102 1302 2167 sidule
1326 2125 1432 2182 orans,

621 2205 815 2292 Olimpiadis
839 2213 992 2290 quattuor
1014 2207 1175 2291 uniusque
1199 2206 1321 2269 circulo
1344 2207 1421 2270 anni

623 2311 677 2374 Sic
700 2310 782 2373 vixit
804 2310 955 2389 feliciter,
979 2317 1014 2373 ut
1037 2310 1117 2373 felix
1139 2308 1236 2373 modo
1260 2308 1421 2373 credatur.

620 2413 720 2492 Mitis,
744 2413 897 2498 prudens,
921 2415 1005 2499 pius,
1028 2414 1182 2477 fratribus
1205 2414 1360 2498 pacificus
1384 2415 1519 2479 eunctis.

619 2517 706 2582 Huic
730 2518 849 2581 aetatis
872 2519 949 2582 anni
972 2518 1105 2583 suerunt
1127 2519 1241 2582 novies
1264 2517 1366 2596 deni·

618 2621 835 2707 Lustrumque
860 2643 987 2706 quoque
1010 2642 1110 2685 unum
1135 2643 1331 2706 mensesque
1355 2629 1508 2707 quattuor
1531 2621 1637 2686 simul.

618 2725 673 2805 At,
697 2732 791 2811 pater
814 2725 957 2809 egregie,
981 2732 1098 2810 potens
1121 2725 1321 2789 intercessor
1343 2725 1451 2790 existe

620 2827 682 2891 Pro
705 2827 943 2912 gloriosissimo
966 2828 1168 2913 Liutprando
1192 2829 1305 2913 rege³,
1330 2830 1385 2914 qui
1408 2836 1498 2892 tuum

621 2930 791 2994 Praetioso
815 2930 924 3017 lapide
948 2931 1094 2994 tumbam
1117 2931 1284 2997 decoravit
1305 2932 1455 3011 devotus,

620 3033 670 3098 Sit
693 3041 729 3098 ut
753 3035 959 3098 manifestum
984 3037 1105 3099 almum
1128 3035 1185 3099 ubi
1208 3037 1331 3121 tegitur
1353 3057 1482 3122 corpus.

721 3173 901 3259 Depositus
925 3181 976 3238 est
996 3173 1050 3237 hie
1074 3173 1224 3238 dominus
1249 3172 1426 3238 Cumianus

728 3277 902 3363 episcopus
924 3276 1030 3340 XIIII
1052 3275 1126 3340 Kal.
1151 3276 1335 3363 Septembs.
1358 3276 1437 3340 feeit

905 3379 1070 3444 Iohannes
1094 3381 1262 3466 magister.

1050 3827 1115 3892 ΙΙΙ.

622 3969 784 4033 Marmore
807 3966 958 4031 Natalis⁴
981 3965 1104 4050 tegitur
1126 3964 1315 4029 venerabile
1339 3986 1468 4051 corpus,

705 4071 862 4136 Praesule
885 4090 948 4155 quo
973 4069 1073 4133 saeris
1097 4077 1149 4132 est
1171 4090 1250 4133 suus
1273 4075 1389 4132 auctus
1412 4068 1527 4140 honos,

622 4174 752 4240 Grande
776 4174 885 4253 decus,
909 4181 1020 4238 vatum
1044 4195 1120 4260 spes
1143 4179 1177 4238 et
1199 4174 1345 4238 solamen
1369 4173 1493 4257 egenis,

702 4278 869 4343 Nobilium
893 4298 1020 4363 quoque
1045 4277 1111 4342 dux
1135 4284 1169 4343 et
1192 4285 1288 4363 pater
1309 4277 1399 4342 urbis
1424 4284 1503 4342 erat.

553 4407 564 4442 s
622 4382 778 4447 Condidit
799 4383 883 4446 hanc
906 4380 1035 4468 superis
1057 4382 1252 4467 populisque
1276 4381 1462 4445 laventibus
1486 4382 1593 4446 aulam

704 4484 865 4570 Aedeque
889 4491 1075 4548 constructa
1095 4485 1237 4570 plurima
1259 4482 1345 4548 dona
1367 4483 1467 4560 dedit,

324 4781 367 4847 llll
402 4785 480 4834 edidit
497 4784 659 4834 armatoriis
678 4783 827 4849 Antiquitas.
847 4783 907 4833 Ital.
927 4781 985 4842 III,
1003 4779 1055 4832 680

324 4867 379 4934 [ΙΙΙ]
416 4871 532 4921 Αἰεὶαιιιε
559 4873 586 4921 ia
610 4871 665 4920 cod.
689 4870 829 4921 Dresdeaai
846 4871 871 4935 s.
893 4867 954 4919 156:
989 4868 1086 4918 Natalis
1112 4868 1223 4933 episcopi
1244 4867 1361 4916 tumulus
1385 4867 1432 4916 hoc
1456 4867 1577 4934 inscripto
1601 4867 1781 4933 epigrammate
1806 4867 1831 4917 in
1857 4869 1910 4918 divi

254 4957 358 5021 Georgii
383 4957 445 5007 aede
469 4958 608 5008 etiamnum
630 4966 707 5008 exest.
761 4957 801 5006 Ad
826 4956 895 5021 quod
919 4957 955 5004 lll
983 4955 1055 5006 eidus
1077 4956 1159 5004 Maias
1180 4953 1322 5004 sacerdotes
1344 4969 1431 5003 omnes
1454 4954 1584 5020 religionis
1606 4971 1684 5004 causa
1706 4955 1863 5005 conveniunt
1886 4963 1911 5006 et

253 5043 356 5092 inferias
374 5043 510 5092 celebrant
552 5045 616 5094 llum
640 5045 708 5094 euirn
731 5059 858 5094 summum
877 5042 944 5092 diem
961 5041 1064 5103 hebuit,
1086 5057 1145 5090 cum
1164 5041 1189 5090 iu
1208 5041 1326 5090 divorum
1343 5055 1478 5089 numerum
1500 5051 1540 5091 est
1562 5041 1663 5091 relatus.
1705 5041 1804 5090 Colitur
1825 5050 1910 5091 autern

254 5128 442 5193 religiosissime
454 5130 487 5179 ab
497 5131 558 5196 ipsis
572 5130 723 5196 Georginnis
737 5128 874 5192 canonicis,
887 5127 956 5192 quod
966 5128 1088 5192 templum
1103 5127 1166 5176 illud
1182 5127 1236 5192 ipse
1251 5125 1398 5176 aedificasse
1412 5126 1561 5194 sodalesque
1577 5145 1620 5178 sos
1634 5127 1774 5178 instituisse
1786 5127 1910 5178 credatur.

358 5299 383 5360 1)
408 5313 479 5366 quoe
502 5298 570 5352 obiit
590 5315 616 5351 α.
635 5298 694 5351 783.
814 5295 841 5354 2)
866 5295 959 5358 Rodii,
978 5296 1009 5347 in
1025 5297 1192 5350 morrasterio
1210 5294 1248 5348 ad
1269 5295 1395 5350 Trebiam
1413 5296 1475 5360 sito,
1494 5294 1568 5366 quod
1586 5293 1744 5349 Ebobieaee
1761 5293 1798 5349 ἐπ’
1809 5295 1912 5352 cleeriis

253 5401 367 5468 saepius
380 5406 501 5454 vocatur.
576 5397 1035 5469 SILoapobordorum‚712-744.
1113 5397 1142 5464 4)
1162 5397 1205 5466 Cf.
1219 5398 1340 5452 Nomine
1358 5398 1498 5468 episcopp.
1514 5396 1664 5451 Mediolon.
1683 5399 1745 5452 eccl.
1759 5399 1912 5467 (Maronia

254 5505 342 5557 Grato
361 5505 527 5572 Bercnparii
546 5521 574 5572 p.
601 5504 675 5566 ld'dl:
710 5502 821 5557 Natalis
845 5501 991 5571 episcopus
1018 5499 1091 5553 sedit
1117 5499 1258 5554 mensibus
1277 5500 1370 5562 XIIII,
1398 5500 1470 5554 obiit
1497 5500 1587 5571 pridie
1611 5500 1650 5554 ld.
1670 5501 1757 5572 Mag,
1785 5502 1912 5572 sepultus

255 5611 298 5659 rat
319 5606 355 5660 ud
379 5609 506 5660 sarnetum
526 5606 677 5675 Georgium
696 5607 726 5672 (i.
744 5624 766 5660 c.
785 5606 815 5659 ia
829 5605 947 5675 palatio,
966 5620 1047 5673 quarn
1066 5602 1210 5658 basilicam
1227 5603 1289 5672 ipae
1307 5602 1485 5673 formaverat,
1503 5621 1528 5659 v.
1549 5604 1633 5659 ausit
1651 5604 1755 5659 Seriem
1772 5607 1912 5678 orchiepp.

255 5709 330 5768 Med.
346 5727 376 5779 p.
394 5711 465 5774 ⁶251).
502 5709 583 5768 Mors
595 5710 655 5764 eius
672 5726 745 5764 oneo
764 5711 811 5764 741
834 5709 1004 5780 acciperetur.

1657 5801 1710 5858 14*
