4756 6412
870 421 1176 486 tumescentes
1195 423 1343 488 merens.

643 599 789 670 Perculit
811 610 849 669 ut
871 586 1029 691 gemines
1043 605 1152 672 infans
1174 605 1332 672 Tirintius
1359 609 1518 694 angrrcs¹,

732 705 855 774 Ordine
879 714 955 772 sunt
978 709 1078 773 etiam
1100 715 1196 794 gesta
1217 717 1331 776 notate
1352 710 1479 778 decem.

551 832 587 871 res
644 809 690 875 At
710 832 788 898 pars
811 812 957 877 exterior
979 811 1094 877 erebro
1117 833 1181 878 usu
1202 834 1278 879 rasa
1299 815 1430 901 politur,

728 913 934 1001 Effigiesque
956 915 1044 1003 perit
1066 915 1244 984 adtenuata
1264 925 1372 1000 retus,

643 1016 716 1092 Quo
739 1020 887 1103 Alcides,
910 1020 1115 1107 Calidonque
1138 1023 1254 1104 amnis,
1276 1022 1471 1108 Nessusque
1493 1022 1642 1088 biformis
1660 1021 1674 1061 ²

730 1123 866 1191 Certant
888 1145 948 1210 pre
972 1124 1094 1211 specie,
1117 1123 1285 1206 Deianira,
1307 1132 1375 1192 tua.

642 1225 742 1294 Iulitu
762 1227 891 1294 Nesaee
914 1228 1026 1294 feralis
1051 1230 1209 1315 sanguine
1232 1229 1360 1295 restis⁸

546 1355 586 1396 ree
723 1331 877 1398 Cernitur
900 1340 934 1398 et
956 1334 1069 1400 miseri
1092 1335 1161 1401 fate
1182 1333 1331 1421 pavenda
1356 1333 1491 1399 Lichae.

641 1435 757 1503 Perdit
779 1444 813 1502 et
834 1436 963 1503 Antcus
987 1436 1068 1503 dura
1090 1439 1177 1504 inter
1199 1438 1335 1504 brechia
1356 1438 1467 1519 vitam,

728 1539 793 1614 Qui
816 1541 913 1606 solito
936 1543 1039 1607 sterni
1061 1562 1153 1608 mere
1176 1548 1308 1608 vetatur
1329 1541 1440 1606 hume.

640 1644 715 1711 Hoc
737 1665 800 1731 ego
821 1666 894 1710 sum
912 1643 1044 1710 domino
1061 1683 1104 1694 -
1118 1645 1287 1710 dominum
1309 1665 1362 1710 me
1377 1644 1463 1710 forte
1480 1642 1620 1710 secabat
1632 1677 1673 1690 -

724 1749 880 1829 Laturus,
903 1750 989 1814 rotis
1013 1749 1041 1814 si
1064 1749 1154 1815 fauet
1176 1750 1233 1815 ille
1256 1749 1349 1814 meis.

545 1876 585 1916 ree
642 1853 725 1918 Pars
745 1874 922 1918 numerosa
950 1853 1065 1919 subest
1087 1853 1211 1941 pepuli,
1233 1859 1374 1918 matrum
1397 1857 1496 1938 atque
1518 1852 1674 1936 virerum,

720 1955 896 2038 Inlantum,
919 1956 1084 2036 iuvenum,
1109 1977 1193 2022 sexu
1215 1956 1256 2021 ab
1278 1963 1416 2042 utreque
1439 1955 1553 2022 simul:

641 2059 731 2135 Quos
753 2067 850 2148 pater
872 2067 906 2125 et
928 2060 1080 2145 genetrix
1103 2061 1164 2126 sub
1188 2060 1351 2126 libertatis
1372 2059 1497 2126 honore

722 2164 879 2250 Liquere,
902 2185 945 2229 ex
968 2164 1025 2229 ille
1047 2164 1153 2230 libera
1174 2163 1271 2230 turba
1292 2170 1434 2230 manent

640 2267 787 2344 Quorum
810 2267 839 2332 si
862 2273 969 2332 cartas
992 2267 1116 2349 vitiem,
1138 2289 1217 2334 uase
1240 2267 1297 2333 ille
1318 2273 1459 2348 vetusto,

544 2393 583 2433 rre
728 2371 791 2437 His
814 2392 887 2457 ege,
910 2378 946 2435 tn
968 2369 1064 2436 donia
1086 2392 1164 2436 mex
1186 2372 1313 2457 potiere
1336 2371 1440 2438 meis.'

637 2477 735 2542 Alter
755 2476 816 2541 ait:
840 2474 932 2540 ‘Mihi
955 2481 1032 2540 sunt
1053 2475 1143 2541 varie
1165 2475 1275 2540 fucata
1297 2475 1432 2541 eolore‘

721 2580 836 2662 Pallia,
859 2601 943 2666 quae
967 2579 1066 2660 misit,
1089 2585 1126 2644 ut
1148 2586 1239 2666 puto,
1263 2586 1376 2644 torvus
1398 2577 1517 2644 Arabs.

639 2685 712 2762 Quo
734 2685 857 2749 vitulus
879 2689 1017 2749 matrem
1040 2684 1198 2770 sequitur,
1223 2705 1286 2771 quo
1310 2683 1431 2749 bucula
1453 2689 1593 2764 taurum,
1683 2673 1684 2676 ¹

721 2791 883 2859 Concolor
905 2799 956 2858 est
978 2793 1081 2858 vitulo
1106 2792 1235 2874 bucula,
1260 2790 1386 2877 bosque
1409 2790 1496 2856 bovi.

542 2917 580 2957 uu
642 2895 860 2984 Splenderem
882 2903 1024 2984 spectes,
1050 2896 1259 2982 iunctumque
1284 2894 1447 2961 coloribus
1470 2899 1586 2976 artem,

686 3033 694 3052 ι
720 3001 831 3087 thue
853 3001 934 3067 rotis
957 3001 1084 3087 magnis
1108 3001 1219 3066 iuncta
1242 3001 1285 3065 sit
1308 3007 1378 3066 arte
1400 3000 1516 3066 minor.

621 3099 700 3170 ‘Est
726 3105 807 3169 mihi
834 3126 908 3169 cum
932 3103 1071 3191 quodam
1100 3102 1141 3168 dc
1164 3104 1320 3168 armentis
1343 3104 1493 3189 quaestio
1516 3101 1673 3192 pulchris,

718 3210 783 3274 Pro
807 3209 924 3294 quibus
950 3209 1015 3273 ista
1037 3229 1117 3294 paro
1141 3227 1286 3293 congrua
1308 3206 1395 3272 dona
1417 3205 1506 3273 dere.

635 3311 701 3376 Pro
723 3312 835 3376 vitulis
857 3312 1004 3392 vitulum,
1027 3333 1086 3398 pro
1108 3312 1210 3376 tauris
1233 3311 1335 3376 effero
1359 3317 1499 3393 taurum,
1523 3299 1532 3346 ⁸

541 3435 581 3476 rao
722 3415 787 3480 Pro
809 3437 910 3480 vacca
931 3437 1074 3494 vaccam,
1096 3431 1157 3503 pre
1180 3415 1265 3480 bove
1288 3414 1374 3480 dene
1396 3415 1535 3480 bovem*

636 3517 762 3583 Pocula
783 3519 949 3605 promittit
972 3517 1104 3604 quidam
1131 3541 1167 3583 se
1189 3519 1326 3604 pulchra
1348 3517 1508 3598 daturum,

718 3622 754 3687 Si
776 3621 873 3688 mede
896 3643 979 3708 quae
1002 3623 1118 3708 poscit,
1141 3643 1207 3688 non
1230 3622 1293 3687 sibi
1315 3620 1433 3704 danda,
1456 3622 1583 3688 darem:

636 3726 844 3812 Interiusque
868 3747 993 3806 aurum,
1015 3726 1162 3791 exterius
1186 3725 1323 3812 nigredo
1347 3724 1495 3808 decorat,

720 3829 803 3896 Cum
826 3832 916 3896 color
937 3831 1066 3916 argenti
1091 3830 1247 3916 sulphure
1269 3836 1377 3895 tectus
1400 3830 1480 3896 abit.

538 3956 577 3997 ru
636 3934 728 4009 ‘Quis
752 3935 838 4000 bene
851 3934 956 4000 fulcra
971 3935 1077 3999 nitent
1092 3943 1127 4000 et
1147 3934 1284 4021 pulchra
1304 3940 1499 4017 toreumata,
1516 3936 1665 4022 pauuos’,

717 4037 814 4103 Alter
835 4038 882 4103 ait
903 4037 1074 4118 ‘dabimus,
1100 4057 1184 4123 ques
1208 4056 1287 4122 roge
1311 4037 1339 4100 si
1362 4035 1504 4102 dederis.

635 4141 768 4207 Vilibus
791 4148 889 4227 atque
912 4141 1005 4222 oleis,
1028 4140 1140 4206 herbis
1164 4148 1299 4205 ornatus
1323 4146 1359 4206 et
1380 4140 1493 4221 hortis,

718 4245 874 4330 inriguus
897 4245 1000 4330 patris
1024 4251 1076 4309 est
1098 4249 1203 4309 morte
1225 4243 1361 4309 relictus
1384 4263 1473 4328 ager.

634 4349 715 4414 Inde
738 4348 819 4413 mihi
841 4354 952 4434 partes
975 4347 1159 4433 fratresque
1183 4367 1339 4432 sororque
1362 4345 1541 4432 requirunt,

538 4475 578 4516 ere
721 4451 881 4517 Consorte
904 4451 991 4516 hunc
1014 4452 1104 4516 nullo
1129 4452 1218 4516 solus
1242 4450 1365 4516 hebere
1387 4450 1498 4516 velim.

632 4555 712 4621 Voti
735 4575 869 4641 compos
892 4575 949 4620 ero
958 4557 980 4636 ⁵,
1004 4554 1066 4619 tibi
1088 4555 1116 4618 si
1138 4575 1213 4620 mea
1234 4561 1311 4648 vota
1331 4554 1519 4643 placebunt,

716 4657 808 4734 Quae
831 4657 873 4724 do
896 4659 924 4722 si
948 4659 1069 4744 capias,
1093 4679 1178 4744 quae
1201 4680 1292 4745 roge,
1314 4659 1377 4725 rite
1400 4656 1517 4724 dabis)

717 4801 806 4808 .-.....-
829 4798 1627 4808 --——-——--—-—--—-—-———-.--.-...-...
1643 4801 1824 4808 ...n—...ua-

372 4887 423 4943 199
450 4891 554 4958 gemino
575 4889 609 4940 Μ
675 4888 806 4940 thirinn'us
827 4885 854 4936 P
928 4887 1017 4955 angios
1038 4886 1073 4937 Μ
1172 4883 1223 4937 195
1248 4886 1351 4938 crebros
1370 4885 1405 4936 Μ
1478 4885 1577 4954 politur
1588 4884 1622 4950 L,
1648 4885 1685 4937 cd
1700 4902 1783 4952 mere.
1794 4885 1895 4938 deletur
1906 4883 1933 4937 P

268 4972 319 5027 191
337 4977 395 5040 Quo
411 4977 485 5029 altiss
497 4975 523 5026 P
572 4991 702 5042 nasusque
714 4973 771 5025 PL
877 4970 928 5024 199
946 4974 1053 5024 lutitant-
1065 4971 1104 5037 Μ,
1122 4971 1214 5024 Inclita
1225 4970 1252 5021 P
1351 4967 1405 5022 900
1421 4971 1487 5022 hera
1499 4969 1525 5020 P
1573 4972 1622 5023 lice
1636 4970 1663 5022 P
1728 4967 1781 5024 909
1792 4979 1895 5024 notatus
1906 4969 1933 5023 P

267 5057 320 5113 204
341 5063 444 5114 Laturis
457 5061 492 5112 Μ
590 5057 643 5113 905
659 5062 744 5128 adque
756 5059 787 5124 P,
805 5075 855 5126 que
865 5058 899 5109 Μ
1008 5057 1059 5110 901
1076 5059 1190 5126 genitrix
1204 5057 1231 5109 P
1342 5053 1396 5108 909
1418 5065 1500 5110 cartes
1515 5058 1550 5109 Μ
1615 5059 1660 5110 illo
1672 5057 1705 5124 P,
1721 5059 1766 5111 ille
1783 5075 1849 5111 cerr.
1868 5058 1893 5110 lo
1905 5055 1931 5109 Ia
2024 5061 2027 5066 “

265 5144 319 5198 910
335 5165 384 5215 ego
401 5156 428 5200 tc
440 5148 475 5198 Μ
525 5148 596 5216 pecie
614 5149 677 5200 meis
690 5145 716 5196 P
809 5143 860 5197 911
880 5146 934 5212 ugit
946 5144 973 5195 P
1023 5148 1108 5196 fucata
1126 5145 1163 5196 ed
1179 5163 1261 5210 marg.
1281 5145 1361 5196 tincta
1372 5142 1398 5193 P
1484 5141 1536 5196 214
1553 5145 1680 5197 Conlecer
1691 5145 1723 5196 Μ
1781 5153 1820 5198 est
1837 5163 1885 5198 era.
1902 5144 1930 5208 P,

267 5241 293 5285 et
305 5233 339 5284 Μ
404 5234 498 5286 becula
512 5234 546 5284 Μ
646 5230 698 5285 915
721 5234 819 5300 speeies
831 5230 858 5281 P
959 5228 1011 5282 911
1034 5233 1131 5298 pulcris
1147 5231 1172 5281 L
1273 5228 1325 5282 991
1347 5230 1437 5298 pulcra
1454 5229 1511 5282 PL
1613 5227 1667 5284 993
1684 5232 1930 5300 lntariusqnqLdI,

268 5319 380 5371 Interius
390 5317 416 5368 P
516 5317 568 5372 994
584 5319 709 5372 Concolor
721 5318 747 5368 P
808 5317 880 5370 habit
892 5316 918 5368 P
1020 5315 1073 5369 995
1090 5317 1226 5370 fulchraL
1296 5318 1385 5385 pulcra
1398 5317 1424 5368 P
1488 5317 1725 5385 toreugmatsLdI
1790 5317 1934 5386 paunuthi

265 5402 316 5456 991
334 5405 403 5458 erbis
420 5407 517 5459 ornatis
534 5415 560 5459 et
572 5407 635 5458 ortis
647 5405 674 5456 P
774 5402 827 5456 999
838 5405 917 5457 michi
930 5402 956 5453 P
1056 5402 1108 5456 931
1120 5421 1282 5472 composcere
1295 5403 1321 5454 P

369 5541 397 5610 1)
422 5540 471 5597 Oa.
489 5541 552 5597 An.
579 5540 639 5593 Am.
659 5539 745 5603 Ι,181
768 5539 953 5609 manibusque
975 5538 1044 5594 duos
1063 5538 1228 5608 Tirynthius
1252 5553 1358 5608 angues
1376 5541 1382 5608 Ι
1402 5537 1514 5593 Pressit.
1600 5537 1628 5606 9)
1653 5537 1703 5592 Oc.
1727 5537 1795 5593 Mer.
1813 5537 1870 5606 IX,
1879 5539 1929 5594 191

268 5643 353 5698 Nesse
382 5643 517 5699 biformis.
607 5642 636 5710 3)
663 5641 701 5697 io.
732 5643 782 5698 15³
812 5644 949 5698 imbutam
972 5643 1076 5698 Nesaee
1104 5645 1241 5715 sangiune
1269 5645 1387 5706 vestem
1414 5642 1467 5698 913
1495 5639 1594 5696 feralis
1619 5639 1701 5696 dona.
1798 5641 1826 5710 4)
1848 5641 1929 5714 Vere.

268 5749 369 5818 Geory.
390 5749 441 5812 11⁷,
451 5747 503 5802 331)
521 5749 616 5801 saturo
635 5749 730 5800 iurata
749 5747 847 5802 colere.
909 5751 936 5817 5)
957 5749 1006 5804 Oe.
1025 5751 1085 5803 Art.
1104 5751 1163 5805 Aru.
1182 5749 1268 5814 1480
1287 5746 1345 5800 voti
1365 5745 1512 5816 postmodo
1530 5761 1642 5816 compos
1661 5746 1723 5800 eris.

1666 5833 1723 5886 630
