4694 6428
722 389 771 441 AD
790 389 922 444 AMICOS
942 390 1092 446 POETAE.
1129 391 1178 444 AD
1196 392 1410 448 DAMOETAM.

600 558 790 624 Detencant
813 560 976 646 stupidam
999 562 1106 647 spatio
1128 584 1189 628 nce
1211 564 1307 629 unius
1330 565 1441 642 horae,

519 682 544 720 ro
602 663 668 728 Sed
691 664 784 748 fuge,
816 687 929 751 rumpe
952 687 1060 730 moras
1072 669 1093 747 ¹,
1122 688 1278 753 propera,
1301 689 1456 754 percurre
1476 671 1629 735 volando:

599 766 785 832 Incolumes
810 789 907 832 sanos
930 769 1113 854 gaudentes
1137 777 1235 855 atque
1258 772 1409 856 rigentes

598 868 752 935 Invenies
775 872 901 935 utinam
923 881 1055 937 nostros
1078 880 1247 956 gratanter
1269 875 1402 940 amicos.

600 971 667 1036 Det
689 973 771 1038 dens
796 975 1002 1059 omnipotens
1026 976 1092 1039 illis
1115 997 1176 1062 per
1198 979 1286 1042 secla
1310 978 1459 1058 salutem,

597 1075 721 1140 Postea
743 1078 920 1141 caelestem
942 1079 1047 1142 laetos
1071 1078 1211 1144 deducat
1232 1081 1266 1144 in
1288 1081 1406 1146 aulam.
1479 1087 1482 1104 '

517 1199 528 1236 τ
598 1179 758 1245 Omnibus
780 1181 831 1245 hie
854 1182 937 1246 sctis
959 1183 1098 1267 patriam
1121 1190 1157 1248 tu
1180 1191 1270 1249 certa
1290 1193 1432 1266 reverte,

598 1281 642 1347 Et
664 1283 751 1367 qnod
773 1285 910 1370 quisquc
932 1284 993 1348 tibi
1016 1285 1103 1350 dicat
1124 1306 1256 1352 narrare
1276 1295 1452 1368 memento,

598 1385 644 1450 Ut
667 1408 739 1450 cum
762 1409 840 1452 vere
863 1409 948 1452 novo
971 1388 1089 1454 rubrae
1112 1389 1153 1454 de
1176 1391 1297 1455 cortice
1318 1412 1468 1475 gemmae

598 1488 788 1576 Erumpant‚
812 1491 932 1556 nostris
955 1491 1085 1556 videam
1107 1499 1141 1556 te
1164 1492 1279 1559 ludere
1303 1494 1410 1566 tectis,

597 1593 706 1678 Atque
729 1615 832 1658 novas
855 1595 973 1659 iterum
996 1595 1090 1660 nobis
1114 1595 1243 1661 adferre
1268 1617 1431 1661 camenas.

598 1696 683 1761 Tum
706 1697 766 1761 tibi
790 1704 879 1762 serta
900 1698 995 1762 novis
1018 1697 1059 1762 de
1082 1699 1216 1763 floribus
1239 1720 1340 1765 aurea
1361 1701 1483 1786 fingam

598 1800 641 1864 Et
665 1801 788 1865 sociata
810 1801 890 1866 mihi
912 1802 1016 1887 pratis
1040 1802 1194 1888 pensabis
1218 1804 1375 1869 amoenis.

1037 2283 1077 2348 V.

597 2437 713 2502 Bestia
736 2457 811 2501 nam
835 2436 944 2501 subito
967 2441 1095 2500 nostras
1120 2436 1332 2522 subrepserat
1353 2436 1464 2516 aedes,

597 2540 635 2604 In
659 2561 723 2626 qua
744 2541 854 2625 imago
877 2539 939 2603 fnit
962 2539 1107 2625 capitum
1129 2539 1278 2602 miranda
1300 2539 1454 2616 duorum3

598 2643 691 2716 Quae
715 2643 852 2707 maxilla
875 2650 986 2706 tamen
1009 2642 1133 2728 pariter
1155 2642 1371 2706 coniunxerat
1393 2663 1469 2706 una.

596 2745 655 2810 Bis
678 2747 781 2810 ternis
805 2745 916 2810 decies
940 2744 999 2810 sed
1022 2743 1176 2809 dentibus
1199 2745 1326 2809 horruit
1347 2745 1414 2808 illa.

529 2870 540 2908 s
599 2849 686 2914 Esca
708 2850 771 2913 luit
793 2870 945 2914 crescens
968 2849 1033 2912 illis
1057 2848 1098 2912 de
1122 2869 1258 2934 corpore
1281 2848 1366 2928 vivo,

596 2953 666 3018 Nec
682 2974 768 3032 caro,
791 2974 852 3017 nec
866 2952 987 3038 fruges.
1028 2952 1169 3016 Fructus
1183 2973 1244 3016 nec
1260 2953 1336 3016 vina
1349 2951 1522 3017 bibentum

596 3055 762 3121 Dentibus
786 3055 926 3128 cdebat;
950 3057 1062 3142 patulo
1084 3077 1150 3120 non
1172 3056 1278 3121 tabuit
1300 3077 1366 3120 ore.

598 3159 680 3239 Scis,
704 3159 868 3225 Damoeta
890 3180 983 3224 meus
994 3160 1017 3240 ²,
1040 3181 1123 3244 qnae
1147 3160 1190 3224 sit
1204 3160 1286 3225 baec
1301 3160 1409 3224 bestia
1423 3161 1521 3224 talis?

339 3355 657 3361 ..Ἥ-μμ.-
670 3353 919 3360 ---.-.-.....-.,-.
927 3353 959 3358 -..
969 3353 1504 3360 -—.-—.—.--——-——
1514 3351 1701 3359 .—.-.-..-—
1708 3349 1776 3356 --—,

335 3487 369 3539 ll)
386 3505 532 3556 percurrere
552 3487 578 3537 P
679 3484 712 3537 75
730 3486 839 3552 ecrtaP,
858 3504 894 3536 aa
912 3494 1011 3538 canu?

337 3572 378 3641 [V]
413 3575 493 3626 edidit
513 3573 686 3636 waracco
699 3592 729 3640 p.
748 3571 815 3624 1799
833 3591 859 3624 a.
877 3575 983 3624 cem
1087 3571 1207 3640 2imsgo
1225 3590 1272 3624 ons.
1294 3575 1324 3639 Q,
1342 3576 1404 3626 add
1423 3573 1492 3639 Iuffd
1508 3572 1580 3624 Mon.
1598 3571 1655 3622 Alc.
1675 3569 1725 3622 153
1741 3589 1767 3622 n.
1785 3568 1803 3621 3

334 3760 361 3827 1)
390 3759 468 3831 Verp.
486 3763 554 3814 Aea.
573 3760 626 3822 IV,
643 3761 703 3814 569.
790 3760 818 3826 2)
842 3758 963 3814 Fluctus
981 3759 1134 3813 Damoetas
1153 3760 1210 3814 sinc
1228 3757 1374 3825 Riculfscs,
1398 3759 1533 3814 diacones
1551 3776 1577 3813 u.
1596 3759 1644 3813 781
1664 3775 1682 3812 o
1701 3758 1802 3814 Coreto
1819 3773 1883 3828 repe

232 3861 270 3914 od
291 3863 456 3918 Taenloncm
478 3863 573 3917 ducem
593 3864 694 3918 missus
722 3865 806 3931 (Ana.
824 3862 955 3916 Ιιαυήεε.
978 3863 1044 3918 moi.
1064 3862 1139 3929 787),
1158 3868 1258 3932 posteo
1279 3863 1505 3931 archiepiscopus
1523 3863 1709 3935 Moqmttiaas
1726 3860 1882 3916 net-813.

233 3968 295 4022 Hos
320 3983 417 4022 cereos
439 3983 499 4021 cum
521 3968 641 4037 epistola
663 3967 748 4020 eidem
771 3967 844 4020 inter
865 3980 953 4020 uanos
976 3966 1122 4020 783-786
1150 3967 1256 4036 scripta
1278 3968 1437 4022 coniunctos
1454 3967 1549 4035 fuisse
1570 3968 1643 4020 recte
1665 3967 1722 4018 inm
1739 3964 1884 4019 adnotavit

232 4070 396 4125 It'robem'as.
431 4071 468 4124 In
485 4088 541 4140 qno
559 4073 675 4141 epistola
693 4070 781 4139 (Mon.
800 4070 908 4124 Alesia.
927 4085 956 4138 p.
975 4069 1036 4138 153)
1055 4071 1096 4124 ito
1113 4069 1256 4124 decadem
1274 4069 1378 4139 Riculfi
1395 4086 1504 4124 munuc
1520 4069 1645 4124 iocatur:
1663 4070 1699 4123 Et
1716 4069 1751 4123 de
1769 4085 1883 4122 munere

231 4175 357 4229 caritatis
369 4178 478 4229 vestrae
489 4175 609 4228 multum
627 4176 740 4245 gavisus
758 4192 831 4238 sum;
850 4177 894 4230 tot
911 4191 997 4244 agens
1015 4173 1121 4242 gratias
1140 4179 1210 4242 quot
1228 4175 1325 4228 dentes
1343 4175 1373 4228 in
1391 4175 1464 4229 dono
1476 4173 1629 4228 numeravi.
1660 4173 1763 4227 Mirum
1775 4171 1880 4226 animal

231 4279 285 4332 duo
313 4279 418 4333 habens
447 4280 542 4348 capita
570 4282 599 4332 et
621 4278 719 4332 dentes
743 4279 790 4331 Lx
814 4295 869 4333 non
892 4277 1061 4331 elefantinae
1087 4277 1291 4348 magnitudinis
1314 4277 1362 4332 sed
1388 4277 1526 4332 eburneae
1552 4275 1777 4346 pulchritudinis.
1825 4275 1883 4330 Nec

231 4400 282 4452 ego
302 4383 384 4436 huius
401 4382 510 4437 bestiae
527 4383 641 4438 territus
659 4383 783 4450 horrore,
805 4382 853 4435 sed
871 4381 1026 4435 delectatus
1044 4387 1174 4452 aspectu,
1196 4401 1231 4437 ne
1248 4400 1293 4437 me
1310 4382 1503 4437 frendentibus
1520 4380 1571 4434 ills
1588 4379 1727 4434 morderet
1744 4379 1883 4438 dentibus.

231 4485 321 4548 timui,
339 4487 387 4540 sed
405 4486 510 4540 blanda
527 4486 690 4540 adulatione
708 4485 809 4555 capitis
826 4485 882 4539 mei
900 4484 1011 4554 placare
1030 4485 1146 4555 capillos
1164 4487 1258 4541 adrisi.
1294 4487 1353 4542 Nec
1371 4484 1545 4540 ferocitatem
1563 4485 1592 4556 in
1607 4481 1738 4536 dentibus
1755 4480 1883 4536 intellexi

117 4608 142 4622 ··
231 4589 278 4645 sed
296 4589 442 4644 caritatem
459 4589 490 4642 in
507 4589 638 4644 mittente
656 4588 750 4644 dilexi.
