4612 6414
1044 405 1258 466 innonatur·
1270 405 1448 464 oramus.

721 635 725 646 ·
792 587 854 653 Vir
875 583 1087 654 tumulandus
1111 593 1183 652 erat
1204 585 1296 672 ripae
1320 583 1489 650 ulterioris
1512 582 1546 647 in
1568 601 1658 669 agro,

874 691 1047 758 Flentibus
1071 689 1223 757 evehitur
1244 709 1305 774 per
1327 689 1402 752 loca
1425 688 1512 752 sicca
1535 686 1613 751 suis.

790 794 853 860 Illa
876 802 927 860 sat
946 795 1025 860 urbs
1049 793 1166 872 timuit,
1189 796 1386 877 peteretne
1411 811 1446 854 se
1469 787 1557 854 unda
1579 795 1776 868 tumescens,

874 897 1103 983 Obrueretque
1127 896 1224 960 simul
1248 893 1402 981 compita,
1426 914 1511 973 rura,
1535 891 1659 957 domos.

795 1001 884 1066 Saxa
907 1007 1021 1088 patent
1043 1001 1156 1084 ignota
1178 998 1271 1084 polo,
1291 997 1387 1085 polus
1411 996 1482 1083 ipse
1504 996 1646 1082 patescit

882 1102 990 1182 Saxis,
1015 1124 1088 1168 cum
1111 1101 1279 1189 proprium
1302 1100 1466 1185 linqueret
1488 1099 1606 1164 humor
1627 1099 1772 1163 humum.

793 1206 866 1280 Quo
889 1205 974 1271 vada
996 1207 1087 1271 nulla
1109 1204 1211 1269 dabas
1235 1202 1350 1290 pediti,
1374 1203 1452 1284 illic,
1476 1201 1590 1282 Serta,
1605 1201 1725 1266 dedisti

875 1309 1008 1375 Grande
1032 1307 1163 1388 vadum,
1187 1307 1311 1392 caligas
1334 1327 1409 1370 cum
1431 1311 1489 1370 tua
1512 1326 1592 1370 saxa
1615 1310 1757 1392 stupent.

793 1413 888 1478 Sarte
910 1413 983 1478 aliis
1006 1412 1133 1477 vicibus
1157 1411 1219 1476 hoc
1241 1410 1314 1497 ipsa
1336 1416 1388 1474 est
1409 1431 1508 1496 passa
1528 1408 1667 1490 duabus,

876 1516 947 1582 Nec
970 1517 1042 1596 hoc,
1066 1537 1128 1580 neo
1150 1514 1265 1601 procul
1289 1513 1351 1578 hoc
1374 1520 1521 1600 tempore
1546 1513 1615 1578 sive
1639 1513 1720 1578 loco.

725 1643 736 1680 a
796 1620 877 1694 Quis
900 1626 1002 1704 neget
1024 1618 1148 1704 antiqui
1172 1617 1339 1682 dominum
1363 1616 1552 1682 meminisse
1575 1615 1713 1702 tropaei,

875 1721 948 1796 Quo
971 1723 1106 1787 fluvium
1130 1720 1248 1786 scindit
1270 1728 1304 1786 et
1327 1720 1521 1785 Hiericunte
1543 1721 1686 1806 quatit¹l

794 1827 824 1891 A
846 1827 951 1914 prima
973 1827 1006 1890 in
1026 1832 1173 1912 quartam
1186 1814 1312 1890 'modus
1335 1824 1389 1888 hia
1413 1823 1596 1890 defluxerat
1618 1824 1742 1905 horam,

878 1931 959 1996 lnde
983 1951 1059 1994 suas
1083 1930 1203 2015 repetit
1225 1935 1300 2015 post
1323 1929 1412 1992 celer
1433 1927 1521 1992 unda
1543 1929 1625 1992 vias.

795 2035 936 2100 Nomina
958 2055 1023 2098 non
1046 2033 1119 2097 ideo
1144 2037 1331 2096 narrantum
1349 2031 1538 2118 scripsimus
1562 2031 1646 2104 istic,

883 2138 966 2202 Sunt
988 2137 1140 2222 quoniam
1164 2136 1285 2220 plures,
1309 2133 1364 2218 qui
1388 2134 1537 2199 cecinere
1562 2133 1652 2199 mihi.

795 2239 841 2304 At
864 2240 892 2304 si
915 2261 1013 2305 nosse
1038 2238 1085 2303 rei
1109 2238 1168 2316 vis,
1191 2238 1305 2316 lector,
1329 2242 1476 2322 tempora
1497 2237 1645 2321 gemuel:

877 2342 1013 2430 Accipe,
1037 2362 1224 2428 promemus
1249 2339 1309 2404 sub
1331 2340 1494 2405 brevitate
1516 2340 1588 2406 tibi.

798 2447 964 2533 Septimus
988 2446 1041 2509 hic
1064 2445 1173 2530 agitur
1195 2442 1371 2508 decurrens
1394 2442 1539 2506 lubricus
1562 2443 1693 2525 annus³,

775 2549 779 2552 ’
881 2548 987 2628 Quod,
1009 2547 1205 2618 Hludovicc,
1228 2545 1288 2609 tibi
1311 2567 1414 2630 regna
1434 2552 1572 2631 paterna
1594 2552 1743 2620 manent;

729 2676 739 2712 ε.
798 2653 901 2717 Exilii
924 2659 1068 2738 quartus,
1092 2651 1218 2715 meritis
1241 2670 1307 2713 non
1330 2647 1472 2735 denique
1495 2649 1626 2728 nostris,

881 2755 1033 2820 Volvitur
1055 2755 1216 2819 infaustus
1239 2761 1396 2838 aegerat
1419 2774 1496 2818 ecce
1520 2754 1596 2818 mci.

799 2859 925 2924 Forsan
947 2880 1044 2923 nosse
1067 2858 1155 2922 diem
1178 2859 1238 2938 vis,
1262 2857 1347 2921 hunc
1371 2878 1509 2942 quoque,
1532 2857 1634 2938 disce,
1658 2879 1824 2932 canemus,

882 2963 1003 3027 Utres
1026 2963 1171 3046 ambigui
1194 2962 1300 3048 possit
1322 2962 1444 3026 habore
1468 2961 1559 3025 nihil.

798 3069 857 3134 Bis
880 3075 1007 3155 partem
1030 3068 1193 3134 undenam
1217 3068 1313 3134 solidi
1337 3074 1409 3132 rota
1432 3069 1511 3133 solis
1535 3070 1660 3155 Aquari

888 3171 1079 3252 Scanderat,
1103 3173 1135 3236 in
1159 3180 1255 3236 sexta
1277 3174 1419 3257 lunaque
1444 3172 1544 3258 piscis
1569 3178 1650 3237 erat.

799 3276 879 3341 Tale
904 3274 981 3361 quid
1004 3282 1196 3340 asseverant
1219 3283 1262 3354 te,
1285 3275 1408 3340 flumen
1431 3273 1581 3354 Idonea⁴,
1604 3297 1749 3362 passum,

881 3378 925 3444 Et
947 3378 1034 3464 quod
1056 3379 1097 3443 ab
1119 3378 1200 3444 urbe
1224 3381 1329 3444 iluons
1353 3387 1404 3443 sat
1426 3401 1528 3466 prope
1553 3379 1650 3445 Serta
1671 3380 1764 3446 bibit.

798 3484 928 3559 Quaere
952 3485 1060 3548 locum
1083 3505 1125 3547 ex
1148 3484 1231 3564 aliis,
1256 3483 1321 3548 dici
1346 3483 1407 3547 tibi
1430 3490 1579 3570 tempora
1602 3482 1718 3558 dicam,

883 3587 1036 3651 Crastina
1058 3587 1227 3674 praelatae
1250 3609 1303 3651 res
1327 3586 1388 3650 fuit
1411 3587 1475 3650 ista
1498 3587 1556 3652 rei.

731 3717 742 3750 o
800 3693 899 3758 Hunc
921 3714 1050 3778 quoque
1073 3692 1237 3757 deiectum
1262 3690 1349 3776 quod
1371 3712 1470 3776 passa
1493 3691 1536 3755 sit
1551 3692 1686 3776 Angera
1700 3689 1825 3755 dicunt:

882 3795 950 3860 Sed
972 3796 1065 3859 locus
1088 3802 1186 3880 atque
1210 3794 1282 3858 dies
1306 3801 1382 3857 sunt
1404 3794 1483 3857 mihi
1507 3801 1585 3858 nota
1607 3779 1731 3858 minus,

798 3898 872 3964 Non
894 3898 1011 3984 grandi
1035 3897 1142 3962 studio
1166 3897 1385 3984 perquirimus
1408 3897 1486 3976 ista,
1509 3896 1595 3982 quod
1617 3896 1666 3961 illi

884 4002 948 4077 Qui
971 4010 1106 4067 narrant
1130 4023 1191 4088 per
1213 4023 1265 4066 me
1290 4022 1388 4066 nossa
1411 4001 1519 4066 futura
1542 4001 1664 4066 volunt.

799 4109 872 4172 Non
896 4108 928 4171 id
951 4115 1064 4194 aperta
1087 4108 1185 4187 canit,
1208 4128 1269 4172 nec
1292 4107 1354 4171 erit
1377 4128 1440 4171 vox
1464 4128 1593 4194 semper
1616 4114 1740 4193 operta,

705 4235 742 4272 aa
886 4212 1048 4297 Tempore
1072 4233 1211 4296 namque
1235 4218 1370 4276 manent
1393 4211 1457 4275 ista
1479 4210 1627 4275 canenda
1650 4232 1719 4276 suo.

541 4407 799 4416 ...m-...Um
818 4407 821 4410 .
842 4406 925 4412 -.-..-.
940 4407 968 4410 .,-
997 4406 1040 4411 .,-..
1064 4406 1094 4410 ,--
1110 4397 1714 4412 ........-......,.-.....-.......’-.-.4..-,,.-.-..
1735 4405 1798 4410 ...-
1820 4405 1981 4411 .......-

537 4542 570 4595 96
588 4543 741 4595 Fluentibus
755 4540 783 4590 F
894 4538 928 4591 98
946 4541 1070 4592 Obsueret
1088 4542 1177 4607 quadr'
1257 4549 1373 4608 competa
1390 4541 1414 4590 T
1520 4538 1571 4590 100
1588 4541 1753 4608 propriomG
1869 4540 1917 4593 101
1937 4542 2011 4605 Quod
2028 4541 2053 4590 Τ
2063 4541 2086 4592 G

433 4628 484 4682 105
501 4639 556 4682 tum
572 4631 603 4693 G,
621 4630 681 4680 darn
700 4628 761 4692 ΤΡ,
779 4627 910 4682 dominum
930 4626 1008 4680 Siras.
1072 4628 1169 4694 trophei
1188 4627 1212 4676 Τ
1307 4625 1358 4677 100
1375 4627 1506 4694 gericonta
1523 4626 1578 4676 To
1678 4623 1727 4676 101
1739 4627 1801 4678 hora
1814 4627 1842 4677 F
1938 4625 1988 4678 109
2000 4628 2048 4678 ista
2060 4627 2090 4677 F

434 4713 482 4765 111
502 4715 612 4781 gesta&
718 4710 854 4764 113-110
873 4732 920 4764 om.
943 4714 1040 4764 GTF
1132 4712 1182 4764 119
1200 4716 1253 4780 llys
1268 4714 1322 4764 ΘΤ
1412 4711 1464 4764 120
1482 4714 1569 4779 quali
1637 4721 1691 4764 erat
1709 4729 1757 4762 om.
1770 4713 1799 4764 F
1881 4712 1930 4765 121
1949 4716 2017 4780 quod
2032 4715 2086 4766 ΤΟ

433 4809 597 4852 asseuerante
617 4801 649 4862 G,
674 4807 841 4851 asseueranta
858 4799 882 4848 Τ
907 4799 965 4863 (ons.
989 4800 1032 4866 te),
1056 4809 1185 4852 assederat
1200 4800 1224 4849 Τ
1348 4797 1398 4850 122
1416 4800 1488 4851 nto
1504 4799 1532 4862 Τ,
1552 4801 1610 4850 Hac
1628 4798 1650 4850 S
1756 4797 1807 4851 123
1826 4802 1940 4867 Namque
1963 4802 2047 4852 locum
2061 4800 2090 4851 F

433 4887 474 4936 dci
492 4886 575 4937 tibiG
646 4883 800 4950 124111φο
905 4883 954 4936 120
972 4889 1036 4938 Nom
1055 4887 1080 4937 id
1099 4885 1122 4937 S
1189 4894 1305 4953 oportum
1326 4886 1419 4960 GTF,
1438 4886 1565 4952 operas
1667 4883 1718 4938 130
1735 4895 1821 4939 manet
1836 4887 1861 4936 Τ

539 5087 564 5154 1)
588 5087 744 5152 Ias.3,13.
832 5086 916 5154 2)Ιά
939 5087 1044 5155 sartum
1061 5104 1135 5142 auno
1156 5089 1218 5143 Olor.
1236 5089 1288 5143 820
1305 5087 1350 5142 dic
1365 5091 1441 5142 VIII
1455 5089 1616 5144 Februarii.
1653 5089 1732 5158 Quod
1749 5093 1895 5159 utrumque
1917 5087 2087 5157 Tteodulfus

432 5190 557 5246 uersibus
580 5193 640 5245 suis
663 5189 813 5260 sipaaflaat.
852 5190 963 5244 Aauum
981 5191 1097 5260 quidem,
1115 5209 1175 5246 cum
1193 5192 1340 5247 Ludowics'
1358 5193 1414 5258 Pii,
1433 5193 1481 5263 qui
1497 5193 1550 5247 814
1567 5194 1681 5256 inierat,
1699 5195 1843 5264 septimum
1859 5196 1930 5248 tuac
1952 5199 2085 5248 numerat.

433 5295 515 5348 Diem
533 5310 604 5359 ocra,
622 5310 682 5348 cum
701 5295 782 5349 solem
799 5293 840 5348 ait
857 5295 888 5347 iu
900 5294 1005 5349 XXII.
1023 5297 1137 5365 aquarii
1153 5297 1245 5366 produ
1263 5301 1327 5352 tuuc
1346 5297 1443 5366 [uisos
1480 5299 1555 5351 Nam
1572 5305 1632 5352 cum
1649 5299 1715 5352 solis
1731 5297 1872 5366 inpressas
1889 5295 1919 5351 iu
1937 5295 2086 5366 aquarium

438 5396 577 5466 iluodulfi
598 5398 708 5453 sacerdo
731 5413 766 5451 eu
788 5396 835 5450 ds'c
853 5399 882 5448 Χ
886 5399 965 5450 VIII
983 5399 1117 5454 Ianuarii
1137 5401 1254 5456 subduci
1274 5403 1382 5466 soleret,
1405 5416 1572 5471 consequeus
1590 5407 1662 5466 mat,
1684 5404 1716 5456 ut
1732 5401 1877 5468 meamus
1894 5400 2031 5456 samatus
2050 5399 2085 5454 ab

432 5501 495 5554 laiac
513 5501 572 5556 dics
590 5507 702 5556 octavus
720 5505 791 5554 esset
803 5499 964 5553 Februarii.
1003 5502 1083 5570 Quod
1100 5510 1190 5558 autem
1209 5511 1337 5575 quartum
1356 5505 1434 5558 exilii
1451 5505 1497 5559 sui
1514 5520 1617 5558 aunum
1634 5505 1768 5574 componit
1786 5520 1847 5558 eum
1865 5503 1980 5574 saptiam
1992 5503 2086 5558 Luda-

432 5603 508 5667 sotei,
535 5605 575 5658 alc
593 5603 780 5674 accipiendum
798 5601 915 5664 uidet-ur,
939 5609 970 5657 ut
989 5605 1072 5659 cattio
1092 5623 1142 5662 sua
1160 5610 1273 5678 Imputat
1290 5609 1320 5664 id
1337 5612 1442 5678 tempus
1461 5623 1515 5678 quo
1530 5608 1651 5678 prbrum
1669 5624 1730 5663 cum
1747 5609 1813 5663 altis
1831 5609 1958 5664 (latratus
1976 5614 2016 5662 est
2034 5609 2085 5662 arab

434 5705 511 5770 finam
530 5707 597 5760 anai
614 5707 673 5760 817.
692 5707 800 5761 SIRM.
871 5705 898 5770 31
919 5705 965 5758 (lu.
987 5710 1049 5762 Art.
1069 5713 1126 5766 Aur.
1148 5711 1521 5774 1113041ιὼτὶοιιεηῃῐιυε.
1592 5714 1618 5780 4)
1639 5714 1753 5768 Hariaae.
