4574 6442
1000 446 1124 500 Tl'PULl
1143 443 1292 499 SAECULI
1312 442 1453 498 OCTAVI.

763 621 807 685 Et
828 629 922 706 pater
945 626 979 684 et
1000 627 1121 706 pastor,
1147 619 1272 705 patriae
1295 617 1407 696 decus,
1431 617 1563 680 inclitus
1586 623 1709 680 auctor.

762 724 933 788 Ecclesiae
957 745 1088 808 semper
1111 723 1235 787 fueram
1259 723 1454 786 remaculus
1477 723 1593 795 almae,

699 851 710 886 1
767 827 947 891 Litterulas
972 849 1014 891 ex
1037 847 1101 910 quo
1124 825 1271 910 primevo
1295 832 1444 909 tempore
1470 826 1602 910 sumpsi.

763 930 892 993 Primus
916 951 1005 994 eram
1028 929 1106 993 cleri
1129 929 1233 1013 primo
1257 928 1367 1008 levita,
1391 927 1509 991 deinde

764 1033 844 1112 Iam,
868 1034 945 1097 licet
967 1031 1129 1117 indignus,
1154 1053 1273 1115 magno
1298 1039 1406 1095 tamen
1430 1031 1542 1096 ordine
1565 1033 1704 1117 iungens
1717 1036 1736 1096 ¹.

766 1137 832 1202 Sed
854 1145 929 1224 post
951 1137 999 1200 ira
1021 1136 1075 1201 dei
1097 1136 1255 1221 populum
1279 1135 1424 1199 stillabat
1446 1135 1480 1198 in
1502 1135 1616 1199 istum:

764 1239 852 1304 Exul
875 1261 974 1319 eram,
999 1240 1115 1303 ductus
1138 1240 1236 1323 louge
1260 1237 1301 1303 de
1326 1238 1451 1323 cespite
1475 1245 1613 1324 patmm.

684 1367 707 1402 rc
766 1342 834 1407 Sed
856 1364 907 1406 me
932 1364 1051 1426 magna
1072 1341 1126 1406 dei
1151 1342 1293 1406 serravit
1316 1342 1423 1424 gratia
1446 1361 1584 1426 semper,

764 1446 858 1510 Eruit
881 1467 900 1509 a
923 1446 1024 1509 multo
1047 1445 1192 1508 venienti
1216 1444 1291 1506 hinc
1315 1443 1389 1507 inde
1413 1444 1554 1529 periclo;

764 1549 826 1613 eui
848 1550 920 1612 laus
943 1569 1062 1631 magna
1083 1549 1149 1624 fiat,
1173 1547 1276 1610 virtus
1300 1553 1333 1610 et
1356 1547 1462 1629 gloria
1486 1568 1625 1632 semper.

765 1651 829 1725 Qui
852 1673 904 1714 me
928 1657 994 1714 tam
1016 1651 1170 1714 miserum
1194 1648 1265 1712 dira
1288 1648 1328 1712 dc
1352 1655 1456 1712 morte
1481 1648 1611 1713 reduxit

764 1752 808 1816 Et
830 1753 953 1839 patrias
976 1754 1094 1817 iterum
1116 1755 1169 1816 ine
1192 1752 1271 1816 fecit
1295 1772 1437 1845 cernere·
1454 1759 1558 1816 terras

684 1878 707 1913 rs
763 1855 937 1942 Tempore,
960 1877 1024 1940 quo
1047 1854 1184 1918 Carolus
1207 1877 1267 1919 rex
1288 1876 1427 1939 magnus
1452 1857 1594 1940 optimus
1618 1856 1714 1918 istam

764 1959 886 2025 Tenuit
908 1967 942 2024 et
964 1960 1050 2023 rexit
1073 1958 1189 2043 grandi
1211 1959 1335 2043 pietate
1357 1959 1520 2041 benignus
1530 1958 1554 2024 ².

763 2063 857 2127 Haec
880 2083 954 2126 mea
975 2061 1116 2126 viventis
1140 2064 1172 2124 in
1198 2061 1308 2125 saeclo
1330 2061 1398 2124 fata
1421 2061 1554 2125 fiebant.

764 2164 810 2227 Ar
831 2185 916 2227 nunc
940 2164 1003 2226 ista
1025 2169 1115 2226 tenet
1138 2163 1269 2247 requies
1293 2163 1481 2226 miserabile
1506 2183 1634 2246 corpus,

765 2266 906 2350 Spiritus
929 2264 1097 2328 altithroni
1121 2263 1253 2328 timidus
1277 2265 1360 2349 petit
1384 2266 1493 2328 omnia
1516 2285 1627 2328 secum

683 2393 708 2428 ro
765 2369 925 2432 Iudicium
948 2375 1036 2452 regis
1059 2375 1194 2452 portans
1219 2389 1443 2452 quaecumque
1467 2367 1605 2452 gerebat

765 2471 909 2557 Corpore
933 2470 1135 2534 coniunctus.
1180 2470 1301 2550 ‘Petro,
1325 2472 1498 2534 mitissimo
1524 2470 1675 2549 Christe',

765 2574 815 2638 Tu
838 2575 1033 2658 quicumque
1055 2573 1140 2657 legis
1163 2572 1215 2637 dic
1239 2572 1291 2637 dic
1315 2577 1461 2658 ‘peccata
1483 2573 1632 2636 remitto'.

766 2678 875 2761 Atque
899 2676 1006 2739 valete
1029 2674 1094 2738 mei
1117 2696 1279 2738 memores
1303 2696 1364 2760 per
1386 2675 1519 2739 saecula
1541 2673 1670 2737 fratres.

1220 2938 1239 2979 11

769 3001 918 3066 Candida
939 3003 1076 3066 funereo
1100 3002 1292 3086 sculpuntur
1313 3022 1475 3065 marmore
1500 3007 1603 3084 gesta,

851 3104 917 3168 Sed
940 3126 1005 3167 nou
1029 3111 1079 3168 ost
1102 3104 1238 3181 flendus,
1262 3105 1318 3188 qui
1342 3105 1426 3168 iacet
1449 3105 1482 3166 iu
1505 3104 1640 3167 tumulo.

766 3208 896 3292 Lugeat
919 3207 1091 3286 infaustus,
1115 3207 1170 3291 qui
1193 3208 1299 3271 nescit
1322 3208 1432 3271 vivere
1457 3207 1606 3286 Christo,-

850 3311 931 3374 Post
954 3317 1092 3374 mortem
1115 3333 1219 3382 caros,
1243 3310 1382 3375 Tartara
1404 3332 1486 3395 quos
1510 3311 1662 3375 retinent.

698 3437 710 3472 s
767 3415 831 3478 Hic
854 3421 946 3478 vates
969 3413 1102 3494 domini,
1125 3413 1247 3477 mundo
1270 3414 1346 3498 quia
1370 3434 1505 3498 corpore
1529 3413 1622 3492 vixit,

851 3516 1028 3581 Admixtns
1052 3515 1173 3601 gaudet
1196 3517 1343 3581 coetibus
1368 3517 1537 3600 angelicis.

766 3621 892 3684 Claruit
915 3620 967 3684 hic
990 3620 1113 3683 meritis
1136 3619 1278 3683 Petrus³
1300 3619 1438 3683 antestis
1462 3619 1622 3692 honestis,

852 3723 976 3787 Norma
999 3722 1216 3796 sacerdotum,
1240 3724 1391 3786 columen
1414 3723 1584 3800 eximium,

771 3827 953 3906 Munificus,
978 3833 1141 3906 constans,
1165 3826 1281 3890 sollers
1304 3826 1524 3911 prudensque,
1547 3825 1725 3903 modestus,

690 3952 713 3988 ro
851 3926 916 3999 Qui
940 3927 1120 3992 innumeris
1144 3947 1274 4012 semper
1297 3928 1400 4013 pollet
1422 3927 1544 4012 ubique
1567 3927 1693 4006 bonis⁴,

768 4032 905 4096 Inclitus
929 4031 1082 4117 prosapia
1105 4050 1282 4113 regumque
1307 4037 1482 4094 stemmata
1505 4039 1643 4115 tangens
1656 4032 1677 4110 ⁵,

850 4132 979 4196 Nobilis
1001 4132 1156 4217 alloquio,
1181 4131 1324 4196 moribus
1349 4133 1500 4197 nobilior.

770 4238 837 4301 Iste
861 4236 1035 4322 peregriua
1057 4243 1242 4300 maceratus
1266 4234 1407 4319 denique
1431 4235 1499 4298 vita

853 4339 912 4403 Bis
935 4339 1042 4424 quinis
1066 4339 1159 4403 anuis
1184 4340 1296 4403 exulat
1318 4340 1489 4403 innocuus.

501 4631 519 4684 4
538 4637 604 4687 almo
624 4635 645 4685 O
740 4632 772 4684 16
789 4641 814 4684 ct
832 4651 880 4682 oni.
901 4633 932 4696 C,
951 4633 1034 4697 rrqrpt.
1056 4633 1150 4681 (imiter

503 4717 563 4786 11111]
594 4739 624 4771 ar
643 4720 701 4770 Pal.
713 4722 739 4786 s.
758 4716 800 4769 44⁶
815 4719 948 4785 Epitaphia
1036 4716 1193 4767 lmarrnora
1211 4717 1346 4767 caracutium
1365 4719 1443 4768 soliti!
1456 4718 1601 4769 Buttmann
1654 4721 1763 4785 gestui]
1849 4721 1881 4771 10
1898 4723 2060 4772 innumoriC

505 4891 530 4954 l)
549 4888 771 4943 archidiaconum
797 4887 960 4940 lirinensem
984 4902 1042 4939 cunr
1065 4885 1156 4952 fuisso
1172 4885 1236 4937 irinc
1259 4885 1420 4954 suspicatur
1443 4887 1587 4940 Batonius
1612 4889 1696 4957 (Anu.
1716 4891 1807 4944 eccles.
1827 4909 1853 4945 α.
1873 4890 1965 4943 77411.
1990 4889 2057 4953 VII,

401 4990 441 5043 ed.
465 4990 556 5044 Coton.
582 4991 641 5054 IX,
664 4991 744 5056 353),
771 4992 799 5042 ct
821 4989 955 5044 Robotini
982 4991 991 5056 (
999 4989 1109 5042 Notius
1132 4995 1276 5057 apportcn.
1301 4989 1358 5042 olto
1388 4989 1477 5042 storia
1505 4989 1576 5044 detio
1606 5010 1660 5046 sua
1679 4995 1843 5062 petrioli,
1867 4993 1934 5058 2⁸28)
1960 4992 2057 5060 potius

405 5092 573 5146 Theodorum
600 5093 755 5162 episcopusin
782 5091 961 5150 ficinensem,
991 5092 1069 5145 Petri
1095 5107 1277 5145 successorem
1306 5091 1413 5156 (745-
1427 5093 1505 5158 178),
1531 5093 1582 5147 boc
1611 5097 1698 5166 slogio
1724 5097 1856 5150 celebrari
1882 5096 2057 5150 existimauit.

399 5196 426 5263 2)
445 5196 512 5250 Post
530 5199 713 5265 expugnatum
731 5195 818 5261 icitur
840 5194 929 5248 11174
951 5195 1074 5248 Ticinum
1091 5195 1230 5265 oppidum.
1318 5196 1345 5260 3)
1370 5196 1520 5250 ticinensis
1538 5198 1683 5268 episcopus
1701 5200 1736 5253 ob
1754 5216 1829 5253 ortuo
1848 5200 1898 5254 726
1916 5215 2002 5268 usquc
2019 5199 2058 5251 od

400 5317 426 5351 a.
445 5298 502 5351 774.
579 5299 607 5365 4)
632 5299 674 5367 Os.
693 5298 801 5352 titulum
821 5298 952 5369 Gregorii
970 5299 991 5351 Ι
1001 5315 1095 5367 papae
1113 5314 1136 5352 c.
1156 5300 1185 5352 6:
1216 5298 1269 5363 Qui
1287 5297 1440 5353 innumeris
1460 5317 1568 5369 semper
1584 5301 1656 5356 vivit
1676 5303 1779 5372 ubique
1797 5304 1885 5356 bonis.
1964 5303 1990 5366 bt
2012 5303 2057 5369 Cf.

399 5403 485 5457 Pauli
496 5403 572 5457 Hist.
585 5401 708 5473 Longob.
727 5401 771 5455 VI
785 5417 807 5454 c.
820 5402 854 5455 58
871 5401 910 5455 Eo
928 5418 1039 5470 quoquc
1056 5404 1181 5471 tempore
1198 5402 1293 5456 floruit
1309 5403 1368 5456 vita
1386 5403 1429 5456 vcl
1448 5404 1557 5458 actibus
1576 5405 1730 5461 Ticinensis
1755 5407 1887 5461 ecclesiae
1910 5406 2056 5476 episcopus

398 5507 504 5566 Petrus,
523 5504 570 5573 qui
589 5504 656 5573 quia
673 5503 747 5572 regis
765 5505 825 5556 erat
842 5504 1071 5574 consanguineus,
1090 5505 1125 5558 ab
1144 5504 1273 5574 Aripcrto
1291 5505 1432 5573 quondum
1451 5523 1516 5574 rege
1533 5508 1690 5574 (tur-712)
1710 5513 1780 5579 aput
1799 5509 1954 5580 Spoletium
1972 5507 2057 5562 exilio

398 5609 490 5662 suerat
506 5609 635 5661 retrusus.
679 5606 752 5660 Huic
773 5647 799 5660 ..
821 5607 986 5661 venerabilis
1013 5611 1119 5677 martyr
1145 5609 1291 5675 (Scoirrus)
1319 5607 1543 5678 praenuntiavit,
1572 5611 1646 5678 quod
1670 5612 1816 5682 episcopus
1839 5616 1909 5683 aput
1928 5611 2057 5666 Ticinum

398 5711 508 5764 futurus
526 5711 605 5762 esset.
