<?xml version="1.0" encoding="UTF-8"?>
<!DOCTYPE html PUBLIC "-//W3C//DTD XHTML 1.0 Transitional//EN"
    "http://www.w3.org/TR/xhtml1/DTD/xhtml1-transitional.dtd">
<html xmlns="http://www.w3.org/1999/xhtml" xml:lang="en" lang="en">
 <head>
  <title>
</title>
<meta http-equiv="Content-Type" content="text/html;charset=utf-8" />
  <meta name='ocr-system' content='tesseract 3.04.00' />
  <meta name='ocr-capabilities' content='ocr_page ocr_carea ocr_par ocr_line ocrx_word'/>
</head>
<body>
  <div class='ocr_page' id='page_1' title='image "./monumentagerman01unkngoog/monumentagerman01unkngoog_0427.png"; bbox 0 0 4598 6414; ppageno 0'>
   <div class='ocr_carea' id='block_1_1' title="bbox 918 397 1577 459">
    <p class='ocr_par' dir='ltr' id='par_1_1' title="bbox 918 397 1577 459">
     <span class='ocr_line' id='line_1_1' title="bbox 918 397 1577 459; baseline -0.008 1"><span class='ocrx_word' id='word_1_1' title='bbox 918 399 1082 459; x_wconf 81' lang='lat' dir='ltr'><strong>DUNGALI</strong></span> <span class='ocrx_word' id='word_1_2' title='bbox 1100 399 1146 457; x_wconf 82' lang='grc' dir='ltr'>ΕΤ</span> <span class='ocrx_word' id='word_1_3' title='bbox 1167 397 1382 456; x_wconf 75' lang='lat' dir='ltr'>Bnnnownu</span> <span class='ocrx_word' id='word_1_4' title='bbox 1401 397 1577 456; x_wconf 79' lang='lat' dir='ltr'>CARMINA.</span> 
     </span>
    </p>
   </div>
   <div class='ocr_carea' id='block_1_2' title="bbox 713 575 1820 2217">
    <p class='ocr_par' dir='ltr' id='par_1_2' title="bbox 713 575 1820 2217">
     <span class='ocr_line' id='line_1_2' title="bbox 724 575 1652 666; baseline 0 -27"><span class='ocrx_word' id='word_1_5' title='bbox 724 603 736 639; x_wconf 79' lang='lat' dir='ltr'>s</span> <span class='ocrx_word' id='word_1_6' title='bbox 794 579 951 666; x_wconf 88' lang='lat' dir='ltr'>Optatum</span> <span class='ocrx_word' id='word_1_7' title='bbox 974 578 1141 644; x_wconf 81' lang='lat' dir='ltr'>adducens</span> <span class='ocrx_word' id='word_1_8' title='bbox 1164 576 1287 642; x_wconf 93' lang='lat' dir='ltr'>domini</span> <span class='ocrx_word' id='word_1_9' title='bbox 1310 576 1462 640; x_wconf 90' lang='lat' dir='ltr'>sublimis</span> <span class='ocrx_word' id='word_1_10' title='bbox 1484 575 1652 654; x_wconf 80' lang='lat' dir='ltr'>honorem,</span> 
     </span>
     <span class='ocr_line' id='line_1_3' title="bbox 876 678 1712 765; baseline -0.007 -19"><span class='ocrx_word' id='word_1_11' title='bbox 876 681 1055 747; x_wconf 83' lang='lat' dir='ltr'>Altithroni</span> <span class='ocrx_word' id='word_1_12' title='bbox 1078 679 1217 765; x_wconf 80' lang='lat' dir='ltr'>genitor,</span> <span class='ocrx_word' id='word_1_13' title='bbox 1242 679 1296 761; x_wconf 94' lang='lat' dir='ltr'>qui</span> <span class='ocrx_word' id='word_1_14' title='bbox 1321 678 1435 743; x_wconf 89' lang='lat' dir='ltr'>ethere</span> <span class='ocrx_word' id='word_1_15' title='bbox 1459 683 1590 764; x_wconf 79' lang='lat' dir='ltr'>sceptra</span> <span class='ocrx_word' id='word_1_16' title='bbox 1612 682 1712 742; x_wconf 87' lang='lat' dir='ltr'>tenet.</span> 
     </span>
     <span class='ocr_line' id='line_1_4' title="bbox 793 783 1820 874; baseline 0 -21"><span class='ocrx_word' id='word_1_17' title='bbox 793 789 869 853; x_wconf 85' lang='lat' dir='ltr'>Rex</span> <span class='ocrx_word' id='word_1_18' title='bbox 886 809 1001 874; x_wconf 85' lang='lat' dir='ltr'>regum</span> <span class='ocrx_word' id='word_1_19' title='bbox 1015 794 1048 853; x_wconf 90' lang='lat' dir='ltr'>et</span> <span class='ocrx_word' id='word_1_20' title='bbox 1062 808 1207 851; x_wconf 89' lang='lat' dir='ltr'>summus</span> <span class='ocrx_word' id='word_1_21' title='bbox 1225 786 1389 872; x_wconf 82' lang='lat' dir='ltr'>princeps,</span> <span class='ocrx_word' id='word_1_22' title='bbox 1413 784 1563 848; x_wconf 90' lang='lat' dir='ltr'>dominus</span> <span class='ocrx_word' id='word_1_23' title='bbox 1586 783 1820 853; x_wconf 75' lang='lat' dir='ltr'>dominantum,</span> 
     </span>
     <span class='ocr_line' id='line_1_5' title="bbox 879 887 1646 977; baseline -0.007 -21"><span class='ocrx_word' id='word_1_24' title='bbox 879 891 1067 977; x_wconf 89' lang='lat' dir='ltr'>Dispositor</span> <span class='ocrx_word' id='word_1_25' title='bbox 1090 891 1233 975; x_wconf 88' lang='lat' dir='ltr'>sapiens,</span> <span class='ocrx_word' id='word_1_26' title='bbox 1257 888 1405 954; x_wconf 89' lang='lat' dir='ltr'>eonditor</span> <span class='ocrx_word' id='word_1_27' title='bbox 1427 887 1646 966; x_wconf 81' lang='lat' dir='ltr'>architenens,</span> 
     </span>
     <span class='ocr_line' id='line_1_6' title="bbox 794 991 1675 1080; baseline -0.006 -21"><span class='ocrx_word' id='word_1_28' title='bbox 794 993 913 1059; x_wconf 86' lang='lat' dir='ltr'>Omnia</span> <span class='ocrx_word' id='word_1_29' title='bbox 936 996 990 1080; x_wconf 93' lang='lat' dir='ltr'>qui</span> <span class='ocrx_word' id='word_1_30' title='bbox 1015 1000 1158 1080; x_wconf 88' lang='lat' dir='ltr'>superat,</span> <span class='ocrx_word' id='word_1_31' title='bbox 1182 994 1297 1080; x_wconf 87' lang='lat' dir='ltr'>replet,</span> <span class='ocrx_word' id='word_1_32' title='bbox 1322 999 1485 1057; x_wconf 86' lang='lat' dir='ltr'>sustentat</span> <span class='ocrx_word' id='word_1_33' title='bbox 1508 998 1542 1056; x_wconf 90' lang='lat' dir='ltr'>et</span> <span class='ocrx_word' id='word_1_34' title='bbox 1564 991 1675 1072; x_wconf 88' lang='lat' dir='ltr'>ambit,</span> 
     </span>
     <span class='ocr_line' id='line_1_7' title="bbox 713 1094 1739 1182; baseline 0.001 -25"><span class='ocrx_word' id='word_1_35' title='bbox 713 1119 736 1157; x_wconf 80' lang='lat' dir='ltr'>ro</span> <span class='ocrx_word' id='word_1_36' title='bbox 879 1097 1031 1181; x_wconf 91' lang='lat' dir='ltr'>Denique</span> <span class='ocrx_word' id='word_1_37' title='bbox 1056 1103 1174 1162; x_wconf 83' lang='lat' dir='ltr'>cuneta</span> <span class='ocrx_word' id='word_1_38' title='bbox 1196 1097 1291 1181; x_wconf 85' lang='lat' dir='ltr'>regit,</span> <span class='ocrx_word' id='word_1_39' title='bbox 1314 1117 1415 1182; x_wconf 86' lang='lat' dir='ltr'>prava</span> <span class='ocrx_word' id='word_1_40' title='bbox 1439 1094 1496 1160; x_wconf 90' lang='lat' dir='ltr'>sed</span> <span class='ocrx_word' id='word_1_41' title='bbox 1520 1096 1591 1181; x_wconf 90' lang='lat' dir='ltr'>ipse</span> <span class='ocrx_word' id='word_1_42' title='bbox 1614 1095 1739 1170; x_wconf 89' lang='lat' dir='ltr'>domat;</span> 
     </span>
     <span class='ocr_line' id='line_1_8' title="bbox 794 1197 1651 1285; baseline -0.002 -21"><span class='ocrx_word' id='word_1_43' title='bbox 794 1199 888 1265; x_wconf 93' lang='lat' dir='ltr'>Unus</span> <span class='ocrx_word' id='word_1_44' title='bbox 911 1201 1034 1285; x_wconf 91' lang='lat' dir='ltr'>ubique</span> <span class='ocrx_word' id='word_1_45' title='bbox 1058 1200 1150 1280; x_wconf 89' lang='lat' dir='ltr'>deus,</span> <span class='ocrx_word' id='word_1_46' title='bbox 1175 1205 1286 1264; x_wconf 86' lang='lat' dir='ltr'>saneto</span> <span class='ocrx_word' id='word_1_47' title='bbox 1311 1199 1488 1285; x_wconf 81' lang='lat' dir='ltr'>spiramine</span> <span class='ocrx_word' id='word_1_48' title='bbox 1510 1197 1651 1282; x_wconf 86' lang='lat' dir='ltr'>fulgens,</span> 
     </span>
     <span class='ocr_line' id='line_1_9' title="bbox 877 1303 1677 1391; baseline -0.006 -21"><span class='ocrx_word' id='word_1_49' title='bbox 877 1305 1020 1370; x_wconf 87' lang='lat' dir='ltr'>Numine</span> <span class='ocrx_word' id='word_1_50' title='bbox 1044 1307 1100 1390; x_wconf 91' lang='lat' dir='ltr'>qui</span> <span class='ocrx_word' id='word_1_51' title='bbox 1122 1305 1253 1391; x_wconf 87' lang='lat' dir='ltr'>proprio</span> <span class='ocrx_word' id='word_1_52' title='bbox 1277 1304 1409 1388; x_wconf 81' lang='lat' dir='ltr'>cingere</span> <span class='ocrx_word' id='word_1_53' title='bbox 1434 1308 1551 1367; x_wconf 87' lang='lat' dir='ltr'>cuneta</span> <span class='ocrx_word' id='word_1_54' title='bbox 1573 1303 1677 1377; x_wconf 77' lang='lat' dir='ltr'>valet3</span> 
     </span>
     <span class='ocr_line' id='line_1_10' title="bbox 794 1407 1800 1494; baseline -0.003 -21"><span class='ocrx_word' id='word_1_55' title='bbox 794 1408 909 1473; x_wconf 78' lang='lat' dir='ltr'>Gloria</span> <span class='ocrx_word' id='word_1_56' title='bbox 932 1429 1059 1473; x_wconf 89' lang='lat' dir='ltr'>summa</span> <span class='ocrx_word' id='word_1_57' title='bbox 1080 1415 1207 1494; x_wconf 89' lang='lat' dir='ltr'>potens,</span> <span class='ocrx_word' id='word_1_58' title='bbox 1231 1407 1375 1471; x_wconf 82' lang='lat' dir='ltr'>retinent</span> <span class='ocrx_word' id='word_1_59' title='bbox 1397 1426 1495 1490; x_wconf 90' lang='lat' dir='ltr'>quam</span> <span class='ocrx_word' id='word_1_60' title='bbox 1519 1411 1677 1490; x_wconf 88' lang='lat' dir='ltr'>septaque</span> <span class='ocrx_word' id='word_1_61' title='bbox 1701 1407 1800 1488; x_wconf 87' lang='lat' dir='ltr'>nulla,</span> 
     </span>
     <span class='ocr_line' id='line_1_11' title="bbox 877 1510 1636 1596; baseline -0.004 -21"><span class='ocrx_word' id='word_1_62' title='bbox 877 1510 977 1591; x_wconf 84' lang='lat' dir='ltr'>Aera,</span> <span class='ocrx_word' id='word_1_63' title='bbox 1000 1518 1097 1592; x_wconf 87' lang='lat' dir='ltr'>terra,</span> <span class='ocrx_word' id='word_1_64' title='bbox 1122 1512 1228 1596; x_wconf 91' lang='lat' dir='ltr'>polus,</span> <span class='ocrx_word' id='word_1_65' title='bbox 1252 1516 1376 1574; x_wconf 85' lang='lat' dir='ltr'>tartara</span> <span class='ocrx_word' id='word_1_66' title='bbox 1398 1530 1459 1573; x_wconf 88' lang='lat' dir='ltr'>nee</span> <span class='ocrx_word' id='word_1_67' title='bbox 1482 1510 1636 1594; x_wconf 80' lang='lat' dir='ltr'>pelagus3</span> 
     </span>
     <span class='ocr_line' id='line_1_12' title="bbox 714 1613 1706 1699; baseline -0.003 -20"><span class='ocrx_word' id='word_1_68' title='bbox 714 1637 738 1674; x_wconf 77' lang='lat' dir='ltr'>n</span> <span class='ocrx_word' id='word_1_69' title='bbox 795 1614 963 1679; x_wconf 87' lang='lat' dir='ltr'>Laudibus</span> <span class='ocrx_word' id='word_1_70' title='bbox 987 1615 1144 1679; x_wconf 92' lang='lat' dir='ltr'>inmensis</span> <span class='ocrx_word' id='word_1_71' title='bbox 1169 1635 1264 1699; x_wconf 89' lang='lat' dir='ltr'>quarn</span> <span class='ocrx_word' id='word_1_72' title='bbox 1287 1613 1379 1677; x_wconf 90' lang='lat' dir='ltr'>milia</span> <span class='ocrx_word' id='word_1_73' title='bbox 1402 1620 1514 1676; x_wconf 88' lang='lat' dir='ltr'>saneta</span> <span class='ocrx_word' id='word_1_74' title='bbox 1537 1613 1706 1677; x_wconf 80' lang='lat' dir='ltr'>celebrant</span> 
     </span>
     <span class='ocr_line' id='line_1_13' title="bbox 879 1715 1601 1804; baseline -0.003 -23"><span class='ocrx_word' id='word_1_75' title='bbox 879 1717 1052 1783; x_wconf 83' lang='lat' dir='ltr'>Votiferae</span> <span class='ocrx_word' id='word_1_76' title='bbox 1076 1717 1192 1804; x_wconf 88' lang='lat' dir='ltr'>plebes</span> <span class='ocrx_word' id='word_1_77' title='bbox 1216 1722 1249 1780; x_wconf 92' lang='lat' dir='ltr'>et</span> <span class='ocrx_word' id='word_1_78' title='bbox 1272 1716 1391 1780; x_wconf 87' lang='lat' dir='ltr'>chorus</span> <span class='ocrx_word' id='word_1_79' title='bbox 1415 1715 1601 1799; x_wconf 59' lang='lat' dir='ltr'>angelicum</span> 
     </span>
     <span class='ocr_line' id='line_1_14' title="bbox 797 1818 1720 1907; baseline -0.002 -23"><span class='ocrx_word' id='word_1_80' title='bbox 797 1819 936 1886; x_wconf 85' lang='lat' dir='ltr'>Sanetus</span> <span class='ocrx_word' id='word_1_81' title='bbox 959 1843 1069 1886; x_wconf 87' lang='lat' dir='ltr'>amore</span> <span class='ocrx_word' id='word_1_82' title='bbox 1088 1823 1142 1907; x_wconf 94' lang='lat' dir='ltr'>pio</span> <span class='ocrx_word' id='word_1_83' title='bbox 1167 1828 1299 1884; x_wconf 88' lang='lat' dir='ltr'>sanetus</span> <span class='ocrx_word' id='word_1_84' title='bbox 1324 1818 1555 1904; x_wconf 86' lang='lat' dir='ltr'>superomnia</span> <span class='ocrx_word' id='word_1_85' title='bbox 1578 1824 1720 1900; x_wconf 87' lang='lat' dir='ltr'>sanetus,</span> 
     </span>
     <span class='ocr_line' id='line_1_15' title="bbox 880 1921 1690 2010; baseline -0.004 -22"><span class='ocrx_word' id='word_1_86' title='bbox 880 1923 999 1989; x_wconf 84' lang='lat' dir='ltr'>Trinus</span> <span class='ocrx_word' id='word_1_87' title='bbox 1021 1925 1142 2010; x_wconf 90' lang='lat' dir='ltr'>ubique</span> <span class='ocrx_word' id='word_1_88' title='bbox 1165 1922 1248 1987; x_wconf 88' lang='lat' dir='ltr'>deus</span> <span class='ocrx_word' id='word_1_89' title='bbox 1271 1943 1402 2008; x_wconf 86' lang='lat' dir='ltr'>semper</span> <span class='ocrx_word' id='word_1_90' title='bbox 1424 1926 1457 1986; x_wconf 92' lang='lat' dir='ltr'>et</span> <span class='ocrx_word' id='word_1_91' title='bbox 1479 1942 1563 1985; x_wconf 91' lang='lat' dir='ltr'>unus</span> <span class='ocrx_word' id='word_1_92' title='bbox 1587 1921 1690 1986; x_wconf 89' lang='lat' dir='ltr'>adest.</span> 
     </span>
     <span class='ocr_line' id='line_1_16' title="bbox 795 2013 1721 2109; baseline -0.003 -18"><span class='ocrx_word' id='word_1_93' title='bbox 795 2027 957 2093; x_wconf 88' lang='lat' dir='ltr'>Versibus</span> <span class='ocrx_word' id='word_1_94' title='bbox 980 2028 1032 2092; x_wconf 90' lang='lat' dir='ltr'>his</span> <span class='ocrx_word' id='word_1_95' title='bbox 1054 2032 1198 2091; x_wconf 83' lang='lat' dir='ltr'>vestram</span> <span class='ocrx_word' id='word_1_96' title='bbox 1221 2026 1371 2090; x_wconf 89' lang='lat' dir='ltr'>obtamus</span> <span class='ocrx_word' id='word_1_97' title='bbox 1394 2025 1541 2109; x_wconf 77' lang='lat' dir='ltr'>negitare</span> <span class='ocrx_word' id='word_1_98' title='bbox 1566 2013 1721 2090; x_wconf 85' lang='lat' dir='ltr'>salutern:</span> 
     </span>
     <span class='ocr_line' id='line_1_17' title="bbox 713 2129 1705 2217; baseline 0.001 -25"><span class='ocrx_word' id='word_1_99' title='bbox 713 2154 738 2192; x_wconf 84' lang='lat'>20</span> <span class='ocrx_word' id='word_1_100' title='bbox 877 2131 1044 2217; x_wconf 82' lang='lat' dir='ltr'>Exiguum</span> <span class='ocrx_word' id='word_1_101' title='bbox 1067 2136 1100 2196; x_wconf 90' lang='lat' dir='ltr'>et</span> <span class='ocrx_word' id='word_1_102' title='bbox 1122 2129 1302 2194; x_wconf 85' lang='lat' dir='ltr'>famulum¹</span> <span class='ocrx_word' id='word_1_103' title='bbox 1326 2148 1580 2193; x_wconf 86' lang='lat' dir='ltr'>commemorare</span> <span class='ocrx_word' id='word_1_104' title='bbox 1604 2135 1705 2193; x_wconf 92' lang='lat' dir='ltr'>tuum.</span> 
     </span>
    </p>
   </div>
   <div class='ocr_carea' id='block_1_3' title="bbox 1184 2573 1309 2640">
    <p class='ocr_par' dir='ltr' id='par_1_3' title="bbox 1184 2573 1309 2640">
     <span class='ocr_line' id='line_1_18' title="bbox 1184 2573 1309 2640; baseline 0 0"><span class='ocrx_word' id='word_1_105' title='bbox 1184 2573 1309 2640; x_wconf 87' lang='lat' dir='ltr'><strong>XXIV.</strong></span> 
     </span>
    </p>
   </div>
   <div class='ocr_carea' id='block_1_4' title="bbox 822 2695 1657 4440">
    <p class='ocr_par' dir='ltr' id='par_1_4' title="bbox 901 2695 1657 3093">
     <span class='ocr_line' id='line_1_19' title="bbox 901 2695 1573 2782; baseline -0.001 -21"><span class='ocrx_word' id='word_1_106' title='bbox 901 2695 1016 2778; x_wconf 88' lang='lat' dir='ltr'>Baldo,</span> <span class='ocrx_word' id='word_1_107' title='bbox 1039 2698 1093 2762; x_wconf 92' lang='lat' dir='ltr'>dei</span> <span class='ocrx_word' id='word_1_108' title='bbox 1116 2696 1249 2778; x_wconf 89' lang='lat' dir='ltr'>famule,</span> <span class='ocrx_word' id='word_1_109' title='bbox 1273 2697 1359 2761; x_wconf 87' lang='lat' dir='ltr'>clare</span> <span class='ocrx_word' id='word_1_110' title='bbox 1383 2695 1540 2782; x_wconf 83' lang='lat' dir='ltr'>magister</span> <span class='ocrx_word' id='word_1_111' title='bbox 1550 2695 1573 2777; x_wconf 84' lang='lat'>²,</span> 
     </span>
     <span class='ocr_line' id='line_1_20' title="bbox 901 2800 1563 2886; baseline -0.003 -21"><span class='ocrx_word' id='word_1_112' title='bbox 901 2802 941 2866; x_wconf 93' lang='lat' dir='ltr'>In</span> <span class='ocrx_word' id='word_1_113' title='bbox 964 2802 1094 2867; x_wconf 88' lang='lat' dir='ltr'>domino</span> <span class='ocrx_word' id='word_1_114' title='bbox 1118 2803 1240 2875; x_wconf 87' lang='lat' dir='ltr'>valeas,</span> <span class='ocrx_word' id='word_1_115' title='bbox 1266 2806 1342 2886; x_wconf 90' lang='lat' dir='ltr'>opto</span> <span class='ocrx_word' id='word_1_116' title='bbox 1366 2800 1563 2886; x_wconf 82' lang='lat' dir='ltr'>frequenter.</span> 
     </span>
     <span class='ocr_line' id='line_1_21' title="bbox 905 2903 1657 2990; baseline 0 -22"><span class='ocrx_word' id='word_1_117' title='bbox 905 2904 1009 2970; x_wconf 80' lang='lat' dir='ltr'>Crede</span> <span class='ocrx_word' id='word_1_118' title='bbox 1034 2906 1092 2987; x_wconf 87' lang='lat' dir='ltr'>tui,</span> <span class='ocrx_word' id='word_1_119' title='bbox 1114 2904 1257 2990; x_wconf 88' lang='lat' dir='ltr'>Dungal,</span> <span class='ocrx_word' id='word_1_120' title='bbox 1282 2905 1441 2968; x_wconf 87' lang='lat' dir='ltr'>inmemor</span> <span class='ocrx_word' id='word_1_121' title='bbox 1463 2903 1550 2968; x_wconf 87' lang='lat' dir='ltr'>haud</span> <span class='ocrx_word' id='word_1_122' title='bbox 1575 2926 1657 2984; x_wconf 90' lang='lat' dir='ltr'>sum,</span> 
     </span>
     <span class='ocr_line' id='line_1_22' title="bbox 903 3008 1483 3093; baseline -0.005 -19"><span class='ocrx_word' id='word_1_123' title='bbox 903 3009 973 3074; x_wconf 88' lang='lat' dir='ltr'>Neo</span> <span class='ocrx_word' id='word_1_124' title='bbox 996 3009 1080 3074; x_wconf 86' lang='lat' dir='ltr'>fidae</span> <span class='ocrx_word' id='word_1_125' title='bbox 1103 3009 1181 3074; x_wconf 88' lang='lat' dir='ltr'>fidei</span> <span class='ocrx_word' id='word_1_126' title='bbox 1203 3008 1336 3074; x_wconf 90' lang='lat' dir='ltr'>foedera</span> <span class='ocrx_word' id='word_1_127' title='bbox 1358 3009 1483 3093; x_wconf 85' lang='lat' dir='ltr'>frango,</span> 
     </span>
    </p>

    <p class='ocr_par' dir='ltr' id='par_1_5' title="bbox 835 3112 1593 3590">
     <span class='ocr_line' id='line_1_23' title="bbox 835 3112 1547 3197; baseline 0.004 -26"><span class='ocrx_word' id='word_1_128' title='bbox 835 3133 847 3171; x_wconf 79' lang='lat' dir='ltr'>s</span> <span class='ocrx_word' id='word_1_129' title='bbox 905 3112 975 3178; x_wconf 89' lang='lat' dir='ltr'>Neo</span> <span class='ocrx_word' id='word_1_130' title='bbox 999 3114 1089 3177; x_wconf 83' lang='lat' dir='ltr'>solvo</span> <span class='ocrx_word' id='word_1_131' title='bbox 1114 3113 1241 3177; x_wconf 87' lang='lat' dir='ltr'>stabilis</span> <span class='ocrx_word' id='word_1_132' title='bbox 1265 3113 1393 3197; x_wconf 84' lang='lat' dir='ltr'>glutten</span> <span class='ocrx_word' id='word_1_133' title='bbox 1416 3113 1547 3176; x_wconf 89' lang='lat' dir='ltr'>amoris.</span> 
     </span>
     <span class='ocr_line' id='line_1_24' title="bbox 902 3214 1506 3302; baseline -0.002 -22"><span class='ocrx_word' id='word_1_134' title='bbox 902 3216 977 3281; x_wconf 86' lang='lat' dir='ltr'>Non</span> <span class='ocrx_word' id='word_1_135' title='bbox 1001 3217 1175 3281; x_wconf 80' lang='lat' dir='ltr'>obliviscor</span> <span class='ocrx_word' id='word_1_136' title='bbox 1197 3214 1351 3302; x_wconf 85' lang='lat' dir='ltr'>dogmata</span> <span class='ocrx_word' id='word_1_137' title='bbox 1373 3215 1506 3296; x_wconf 82' lang='lat' dir='ltr'>Christi,</span> 
     </span>
     <span class='ocr_line' id='line_1_25' title="bbox 902 3319 1593 3404; baseline -0.004 -20"><span class='ocrx_word' id='word_1_138' title='bbox 902 3319 942 3384; x_wconf 93' lang='lat' dir='ltr'>In</span> <span class='ocrx_word' id='word_1_139' title='bbox 965 3320 1083 3404; x_wconf 89' lang='lat' dir='ltr'>quibus</span> <span class='ocrx_word' id='word_1_140' title='bbox 1107 3340 1296 3383; x_wconf 89' lang='lat' dir='ltr'>ammoneor</span> <span class='ocrx_word' id='word_1_141' title='bbox 1318 3319 1466 3404; x_wconf 87' lang='lat' dir='ltr'>regmine</span> <span class='ocrx_word' id='word_1_142' title='bbox 1491 3319 1593 3398; x_wconf 86' lang='lat' dir='ltr'>firmo,</span> 
     </span>
     <span class='ocr_line' id='line_1_26' title="bbox 904 3422 1580 3508; baseline -0.003 -21"><span class='ocrx_word' id='word_1_143' title='bbox 904 3422 950 3487; x_wconf 90' lang='lat' dir='ltr'>Ut</span> <span class='ocrx_word' id='word_1_144' title='bbox 974 3443 1105 3508; x_wconf 90' lang='lat' dir='ltr'>semper</span> <span class='ocrx_word' id='word_1_145' title='bbox 1127 3423 1269 3487; x_wconf 90' lang='lat' dir='ltr'>reoolam</span> <span class='ocrx_word' id='word_1_146' title='bbox 1292 3422 1402 3486; x_wconf 87' lang='lat' dir='ltr'>fratris</span> <span class='ocrx_word' id='word_1_147' title='bbox 1425 3443 1580 3500; x_wconf 88' lang='lat' dir='ltr'>amorem,</span> 
     </span>
     <span class='ocr_line' id='line_1_27' title="bbox 903 3524 1514 3590; baseline 0 -2"><span class='ocrx_word' id='word_1_148' title='bbox 903 3524 987 3590; x_wconf 90' lang='lat' dir='ltr'>Nam</span> <span class='ocrx_word' id='word_1_149' title='bbox 1011 3526 1081 3589; x_wconf 90' lang='lat' dir='ltr'>sine</span> <span class='ocrx_word' id='word_1_150' title='bbox 1104 3524 1226 3589; x_wconf 84' lang='lat' dir='ltr'>dilectu</span> <span class='ocrx_word' id='word_1_151' title='bbox 1249 3547 1345 3590; x_wconf 91' lang='lat' dir='ltr'>nemo</span> <span class='ocrx_word' id='word_1_152' title='bbox 1369 3531 1514 3590; x_wconf 89' lang='lat' dir='ltr'>meretur</span> 
     </span>
    </p>

    <p class='ocr_par' dir='ltr' id='par_1_6' title="bbox 822 3628 1600 4126">
     <span class='ocr_line' id='line_1_28' title="bbox 822 3628 1540 3715; baseline 0.004 -27"><span class='ocrx_word' id='word_1_153' title='bbox 822 3652 846 3689; x_wconf 79' lang='lat' dir='ltr'>ro</span> <span class='ocrx_word' id='word_1_154' title='bbox 902 3628 1069 3693; x_wconf 90' lang='lat' dir='ltr'>Prendere</span> <span class='ocrx_word' id='word_1_155' title='bbox 1095 3629 1246 3715; x_wconf 87' lang='lat' dir='ltr'>perpetui</span> <span class='ocrx_word' id='word_1_156' title='bbox 1269 3629 1415 3715; x_wconf 87' lang='lat' dir='ltr'>praemia</span> <span class='ocrx_word' id='word_1_157' title='bbox 1438 3629 1540 3712; x_wconf 88' lang='lat' dir='ltr'>regni.</span> 
     </span>
     <span class='ocr_line' id='line_1_29' title="bbox 902 3730 1594 3818; baseline -0.003 -22"><span class='ocrx_word' id='word_1_158' title='bbox 902 3731 975 3813; x_wconf 91' lang='lat' dir='ltr'>Die,</span> <span class='ocrx_word' id='word_1_159' title='bbox 998 3752 1088 3816; x_wconf 87' lang='lat' dir='ltr'>rogo,</span> <span class='ocrx_word' id='word_1_160' title='bbox 1112 3731 1173 3812; x_wconf 89' lang='lat' dir='ltr'>die,</span> <span class='ocrx_word' id='word_1_161' title='bbox 1196 3730 1306 3812; x_wconf 84' lang='lat' dir='ltr'>frater,</span> <span class='ocrx_word' id='word_1_162' title='bbox 1329 3732 1470 3818; x_wconf 91' lang='lat' dir='ltr'>postulo,</span> <span class='ocrx_word' id='word_1_163' title='bbox 1494 3730 1594 3810; x_wconf 87' lang='lat' dir='ltr'>dieas,</span> 
     </span>
     <span class='ocr_line' id='line_1_30' title="bbox 902 3834 1481 3921; baseline -0.003 -22"><span class='ocrx_word' id='word_1_164' title='bbox 902 3834 999 3900; x_wconf 88' lang='lat' dir='ltr'>Unde</span> <span class='ocrx_word' id='word_1_165' title='bbox 1023 3836 1083 3899; x_wconf 91' lang='lat' dir='ltr'>tibi</span> <span class='ocrx_word' id='word_1_166' title='bbox 1106 3835 1242 3900; x_wconf 81' lang='lat' dir='ltr'>veniunt</span> <span class='ocrx_word' id='word_1_167' title='bbox 1265 3836 1481 3921; x_wconf 86' lang='lat' dir='ltr'>suspiciones,</span> 
     </span>
     <span class='ocr_line' id='line_1_31' title="bbox 903 3939 1463 4024; baseline -0.004 -21"><span class='ocrx_word' id='word_1_168' title='bbox 903 3939 942 4003; x_wconf 92' lang='lat' dir='ltr'>In</span> <span class='ocrx_word' id='word_1_169' title='bbox 966 3960 1029 4024; x_wconf 92' lang='lat' dir='ltr'>quo</span> <span class='ocrx_word' id='word_1_170' title='bbox 1054 3939 1187 4003; x_wconf 88' lang='lat' dir='ltr'>sensisti</span> <span class='ocrx_word' id='word_1_171' title='bbox 1209 3959 1261 4002; x_wconf 91' lang='lat' dir='ltr'>me</span> <span class='ocrx_word' id='word_1_172' title='bbox 1286 3939 1463 4002; x_wconf 87' lang='lat' dir='ltr'>violentem</span> 
     </span>
     <span class='ocr_line' id='line_1_32' title="bbox 903 4040 1600 4126; baseline -0.003 -20"><span class='ocrx_word' id='word_1_173' title='bbox 903 4041 971 4106; x_wconf 80' lang='lat' dir='ltr'>Aut</span> <span class='ocrx_word' id='word_1_174' title='bbox 994 4043 1259 4106; x_wconf 84' lang='lat' dir='ltr'>commiscentem</span> <span class='ocrx_word' id='word_1_175' title='bbox 1282 4041 1396 4126; x_wconf 86' lang='lat' dir='ltr'>fasque</span> <span class='ocrx_word' id='word_1_176' title='bbox 1420 4040 1600 4125; x_wconf 79' lang='lat' dir='ltr'>nefasque?</span> 
     </span>
    </p>

    <p class='ocr_par' dir='ltr' id='par_1_7' title="bbox 823 4147 1569 4440">
     <span class='ocr_line' id='line_1_33' title="bbox 823 4147 1569 4233; baseline 0.003 -25"><span class='ocrx_word' id='word_1_177' title='bbox 823 4171 847 4208; x_wconf 82' lang='lat' dir='ltr'>n</span> <span class='ocrx_word' id='word_1_178' title='bbox 903 4149 986 4211; x_wconf 83' lang='lat' dir='ltr'>Fors</span> <span class='ocrx_word' id='word_1_179' title='bbox 1010 4149 1161 4212; x_wconf 86' lang='lat' dir='ltr'>inimicus</span> <span class='ocrx_word' id='word_1_180' title='bbox 1183 4148 1281 4212; x_wconf 90' lang='lat' dir='ltr'>horno</span> <span class='ocrx_word' id='word_1_181' title='bbox 1304 4147 1388 4212; x_wconf 85' lang='lat' dir='ltr'>falsa</span> <span class='ocrx_word' id='word_1_182' title='bbox 1410 4147 1569 4233; x_wconf 83' lang='lat' dir='ltr'>profando</span> 
     </span>
     <span class='ocr_line' id='line_1_34' title="bbox 903 4251 1470 4336; baseline -0.002 -21"><span class='ocrx_word' id='word_1_183' title='bbox 903 4251 947 4315; x_wconf 76' lang='lat' dir='ltr'>nt</span> <span class='ocrx_word' id='word_1_184' title='bbox 969 4272 1020 4315; x_wconf 93' lang='lat' dir='ltr'>me</span> <span class='ocrx_word' id='word_1_185' title='bbox 1044 4251 1198 4332; x_wconf 84' lang='lat' dir='ltr'>conrosit,</span> <span class='ocrx_word' id='word_1_186' title='bbox 1221 4257 1319 4336; x_wconf 90' lang='lat' dir='ltr'>teque</span> <span class='ocrx_word' id='word_1_187' title='bbox 1343 4251 1470 4330; x_wconf 89' lang='lat' dir='ltr'>fefellit,</span> 
     </span>
     <span class='ocr_line' id='line_1_35' title="bbox 905 4349 1552 4440; baseline 0 -22"><span class='ocrx_word' id='word_1_188' title='bbox 905 4353 971 4418; x_wconf 80' lang='lat' dir='ltr'>Sed</span> <span class='ocrx_word' id='word_1_189' title='bbox 993 4349 1131 4418; x_wconf 84' lang='lat' dir='ltr'>vitiosus</span> <span class='ocrx_word' id='word_1_190' title='bbox 1155 4355 1223 4440; x_wconf 88' lang='lat' dir='ltr'>agit</span> <span class='ocrx_word' id='word_1_191' title='bbox 1246 4376 1346 4440; x_wconf 86' lang='lat' dir='ltr'>saepe</span> <span class='ocrx_word' id='word_1_192' title='bbox 1370 4360 1552 4420; x_wconf 90' lang='lat' dir='ltr'>retraetans</span> 
     </span>
    </p>
   </div>
   <div class='ocr_carea' id='block_1_5' title="bbox 504 4615 1811 4771">
    <p class='ocr_par' dir='ltr' id='par_1_8' title="bbox 504 4615 1811 4771">
     <span class='ocr_line' id='line_1_36' title="bbox 538 4615 826 4670; baseline -0.007 -1"><span class='ocrx_word' id='word_1_193' title='bbox 538 4615 573 4669; x_wconf 77' lang='lat'>20</span> <span class='ocrx_word' id='word_1_194' title='bbox 589 4634 789 4670; x_wconf 77' lang='lat' dir='ltr'>commemorare</span> <span class='ocrx_word' id='word_1_195' title='bbox 803 4616 826 4667; x_wconf 83' lang='grc' dir='ltr'><em>Ο</em></span> 
     </span>
     <span class='ocr_line' id='line_1_37' title="bbox 504 4697 1811 4771; baseline -0.001 -16"><span class='ocrx_word' id='word_1_196' title='bbox 504 4702 608 4771; x_wconf 79' lang='lat' dir='ltr'>[XXIV]</span> <span class='ocrx_word' id='word_1_197' title='bbox 626 4721 658 4756; x_wconf 73' lang='lat' dir='ltr'>ex</span> <span class='ocrx_word' id='word_1_198' title='bbox 675 4703 730 4755; x_wconf 82' lang='lat' dir='ltr'>cod.</span> <span class='ocrx_word' id='word_1_199' title='bbox 749 4702 852 4754; x_wconf 79' lang='lat' dir='ltr'>Monac.</span> <span class='ocrx_word' id='word_1_200' title='bbox 872 4698 957 4753; x_wconf 81' lang='grc'><strong>14743</strong></span> <span class='ocrx_word' id='word_1_201' title='bbox 969 4702 995 4768; x_wconf 91' lang='lat' dir='ltr'>s.</span> <span class='ocrx_word' id='word_1_202' title='bbox 1016 4697 1068 4752; x_wconf 80' lang='lat'>160</span> <span class='ocrx_word' id='word_1_203' title='bbox 1085 4700 1208 4766; x_wconf 69' lang='lat' dir='ltr'>deerrabat</span> <span class='ocrx_word' id='word_1_204' title='bbox 1311 4698 1328 4752; x_wconf 99' lang='grc'><strong>4</strong></span> <span class='ocrx_word' id='word_1_205' title='bbox 1347 4703 1395 4754; x_wconf 85' lang='lat' dir='ltr'>fido</span> <span class='ocrx_word' id='word_1_206' title='bbox 1413 4703 1472 4754; x_wconf 87' lang='lat' dir='ltr'>fidei</span> <span class='ocrx_word' id='word_1_207' title='bbox 1484 4703 1519 4754; x_wconf 78' lang='lat' dir='ltr'>dl</span> <span class='ocrx_word' id='word_1_208' title='bbox 1619 4702 1636 4754; x_wconf 90' lang='lat'><em>8</em></span> <span class='ocrx_word' id='word_1_209' title='bbox 1654 4704 1764 4756; x_wconf 84' lang='lat' dir='ltr'>recolam</span> <span class='ocrx_word' id='word_1_210' title='bbox 1778 4704 1811 4754; x_wconf 77' lang='lat' dir='ltr'><em>M</em></span> 
     </span>
    </p>
   </div>
   <div class='ocr_carea' id='block_1_6' title="bbox 436 4869 2088 5045">
    <p class='ocr_par' dir='ltr' id='par_1_9' title="bbox 436 4869 2088 5045">
     <span class='ocr_line' id='line_1_38' title="bbox 538 4869 2088 4944; baseline -0.002 -16"><span class='ocrx_word' id='word_1_211' title='bbox 538 4876 564 4942; x_wconf 92' lang='lat'>1)</span> <span class='ocrx_word' id='word_1_212' title='bbox 583 4874 740 4944; x_wconf 80' lang='lat' dir='ltr'>Epistolom</span> <span class='ocrx_word' id='word_1_213' title='bbox 756 4872 794 4926; x_wconf 86' lang='lat' dir='ltr'>od</span> <span class='ocrx_word' id='word_1_214' title='bbox 806 4871 929 4926; x_wconf 83' lang='lat' dir='ltr'>abbatem</span> <span class='ocrx_word' id='word_1_215' title='bbox 946 4870 1080 4940; x_wconf 81' lang='lat' dir='ltr'>quendam</span> <span class='ocrx_word' id='word_1_216' title='bbox 1098 4869 1293 4938; x_wconf 64' lang='lat' dir='ltr'>(oreadas-01.</span> <span class='ocrx_word' id='word_1_217' title='bbox 1307 4887 1337 4940; x_wconf 85' lang='lat' dir='ltr'>p.</span> <span class='ocrx_word' id='word_1_218' title='bbox 1350 4871 1413 4938; x_wconf 78' lang='lat'><strong>434)</strong></span> <span class='ocrx_word' id='word_1_219' title='bbox 1431 4872 1506 4926; x_wconf 79' lang='lat' dir='ltr'>dedit</span> <span class='ocrx_word' id='word_1_220' title='bbox 1524 4872 1669 4942; x_wconf 82' lang='lat' dir='ltr'>Dungalus</span> <span class='ocrx_word' id='word_1_221' title='bbox 1688 4873 1806 4944; x_wconf 82' lang='lat' dir='ltr'>exiguus</span> <span class='ocrx_word' id='word_1_222' title='bbox 1819 4871 1947 4928; x_wconf 84' lang='lat' dir='ltr'>famulus.</span> <span class='ocrx_word' id='word_1_223' title='bbox 1979 4870 2088 4925; x_wconf 81' lang='lat' dir='ltr'>Addere</span> 
     </span>
     <span class='ocr_line' id='line_1_39' title="bbox 436 4971 1852 5045; baseline -0.001 -13"><span class='ocrx_word' id='word_1_224' title='bbox 436 4979 516 5033; x_wconf 77' lang='lat' dir='ltr'>liceat</span> <span class='ocrx_word' id='word_1_225' title='bbox 534 4979 578 5031; x_wconf 83' lang='lat' dir='ltr'>bic</span> <span class='ocrx_word' id='word_1_226' title='bbox 596 4977 651 5031; x_wconf 83' lang='lat' dir='ltr'>dae</span> <span class='ocrx_word' id='word_1_227' title='bbox 670 4975 798 5036; x_wconf 81' lang='lat' dir='ltr'>disticho.</span> <span class='ocrx_word' id='word_1_228' title='bbox 817 4973 917 5044; x_wconf 78' lang='lat' dir='ltr'>quibus</span> <span class='ocrx_word' id='word_1_229' title='bbox 936 4973 1087 5042; x_wconf 71' lang='lat' dir='ltr'>Dunpaiaa</span> <span class='ocrx_word' id='word_1_230' title='bbox 1105 4973 1238 5042; x_wconf 72' lang='lat' dir='ltr'>epistolae</span> <span class='ocrx_word' id='word_1_231' title='bbox 1257 4971 1295 5026; x_wconf 81' lang='lat' dir='ltr'>ad</span> <span class='ocrx_word' id='word_1_232' title='bbox 1313 4973 1413 5027; x_wconf 82' lang='lat' dir='ltr'>amieos</span> <span class='ocrx_word' id='word_1_233' title='bbox 1430 4974 1513 5029; x_wconf 80' lang='lat' dir='ltr'>datas</span> <span class='ocrx_word' id='word_1_234' title='bbox 1530 4976 1630 5029; x_wconf 66' lang='lat' dir='ltr'>eleuat</span> <span class='ocrx_word' id='word_1_235' title='bbox 1647 4979 1685 5045; x_wconf 79' lang='lat' dir='ltr'>(p.</span> <span class='ocrx_word' id='word_1_236' title='bbox 1703 4976 1763 5042; x_wconf 85' lang='grc'><strong>434,</strong></span> <span class='ocrx_word' id='word_1_237' title='bbox 1775 4977 1852 5044; x_wconf 81' lang='grc'><strong>436);</strong></span> 
     </span>
    </p>
   </div>
   <div class='ocr_carea' id='block_1_7' title="bbox 845 5075 1499 5220">
    <p class='ocr_par' dir='ltr' id='par_1_10' title="bbox 845 5075 1499 5220">
     <span class='ocr_line' id='line_1_40' title="bbox 845 5075 1499 5146; baseline -0.006 -12"><span class='ocrx_word' id='word_1_238' title='bbox 845 5078 953 5134; x_wconf 85' lang='lat' dir='ltr'>Currite</span> <span class='ocrx_word' id='word_1_239' title='bbox 971 5077 1104 5142; x_wconf 84' lang='lat' dir='ltr'>litterule,</span> <span class='ocrx_word' id='word_1_240' title='bbox 1123 5077 1274 5146; x_wconf 83' lang='lat' dir='ltr'>perfectam</span> <span class='ocrx_word' id='word_1_241' title='bbox 1292 5075 1362 5130; x_wconf 87' lang='lat' dir='ltr'>ferte</span> <span class='ocrx_word' id='word_1_242' title='bbox 1381 5077 1499 5132; x_wconf 84' lang='lat' dir='ltr'>salutem</span> 
     </span>
     <span class='ocr_line' id='line_1_41' title="bbox 914 5163 1479 5220; baseline -0.005 -1"><span class='ocrx_word' id='word_1_243' title='bbox 914 5164 1071 5220; x_wconf 86' lang='lat' dir='ltr'>Presbitero</span> <span class='ocrx_word' id='word_1_244' title='bbox 1090 5163 1164 5218; x_wconf 86' lang='lat' dir='ltr'>olaro</span> <span class='ocrx_word' id='word_1_245' title='bbox 1182 5163 1305 5217; x_wconf 88' lang='lat' dir='ltr'>moribus</span> <span class='ocrx_word' id='word_1_246' title='bbox 1324 5167 1353 5217; x_wconf 85' lang='lat' dir='ltr'>eh</span> <span class='ocrx_word' id='word_1_247' title='bbox 1370 5164 1479 5218; x_wconf 89' lang='lat' dir='ltr'>merito.</span> 
     </span>
    </p>
   </div>
   <div class='ocr_carea' id='block_1_8' title="bbox 845 5299 1571 5454">
    <p class='ocr_par' dir='ltr' id='par_1_11' title="bbox 845 5299 1571 5454">
     <span class='ocr_line' id='line_1_42' title="bbox 845 5299 1571 5369; baseline -0.003 -15"><span class='ocrx_word' id='word_1_248' title='bbox 845 5300 895 5354; x_wconf 82' lang='lat' dir='ltr'>His</span> <span class='ocrx_word' id='word_1_249' title='bbox 914 5301 967 5354; x_wconf 88' lang='lat' dir='ltr'>tibi</span> <span class='ocrx_word' id='word_1_250' title='bbox 985 5299 1138 5362; x_wconf 86' lang='lat' dir='ltr'>versieulis,</span> <span class='ocrx_word' id='word_1_251' title='bbox 1156 5299 1243 5353; x_wconf 87' lang='lat' dir='ltr'>abbas</span> <span class='ocrx_word' id='word_1_252' title='bbox 1261 5299 1425 5363; x_wconf 85' lang='lat' dir='ltr'>venerande,</span> <span class='ocrx_word' id='word_1_253' title='bbox 1444 5299 1571 5369; x_wconf 78' lang='lat' dir='ltr'>gemellis</span> 
     </span>
     <span class='ocr_line' id='line_1_43' title="bbox 917 5385 1474 5454; baseline -0.002 -13"><span class='ocrx_word' id='word_1_254' title='bbox 917 5387 1003 5440; x_wconf 80' lang='lat' dir='ltr'>Venas</span> <span class='ocrx_word' id='word_1_255' title='bbox 1021 5403 1054 5440; x_wconf 89' lang='lat' dir='ltr'>ao</span> <span class='ocrx_word' id='word_1_256' title='bbox 1072 5385 1179 5439; x_wconf 82' lang='lat' dir='ltr'>validas</span> <span class='ocrx_word' id='word_1_257' title='bbox 1197 5387 1265 5454; x_wconf 84' lang='lat' dir='ltr'>opto</span> <span class='ocrx_word' id='word_1_258' title='bbox 1283 5386 1382 5439; x_wconf 88' lang='lat' dir='ltr'>salutis</span> <span class='ocrx_word' id='word_1_259' title='bbox 1400 5403 1474 5454; x_wconf 86' lang='lat' dir='ltr'>opes.</span> 
     </span>
    </p>
   </div>
   <div class='ocr_carea' id='block_1_9' title="bbox 432 5487 2089 5772">
    <p class='ocr_par' dir='ltr' id='par_1_12' title="bbox 432 5487 2089 5772">
     <span class='ocr_line' id='line_1_44' title="bbox 434 5487 2088 5562; baseline -0.004 -15"><span class='ocrx_word' id='word_1_260' title='bbox 434 5495 461 5562; x_wconf 79' lang='lat'>2)</span> <span class='ocrx_word' id='word_1_261' title='bbox 491 5494 573 5547; x_wconf 82' lang='lat' dir='ltr'>Hane</span> <span class='ocrx_word' id='word_1_262' title='bbox 599 5493 751 5546; x_wconf 80' lang='lat' dir='ltr'>Baidonem</span> <span class='ocrx_word' id='word_1_263' title='bbox 776 5508 860 5545; x_wconf 77' lang='lat' dir='ltr'>arrum</span> <span class='ocrx_word' id='word_1_264' title='bbox 893 5494 918 5544; x_wconf 82' lang='lat' dir='ltr'>rt</span> <span class='ocrx_word' id='word_1_265' title='bbox 953 5491 1065 5544; x_wconf 81' lang='lat' dir='ltr'>raudera</span> <span class='ocrx_word' id='word_1_266' title='bbox 1095 5506 1151 5544; x_wconf 82' lang='lat' dir='ltr'>esse</span> <span class='ocrx_word' id='word_1_267' title='bbox 1183 5506 1215 5544; x_wconf 86' lang='lat' dir='ltr'>ac</span> <span class='ocrx_word' id='word_1_268' title='bbox 1242 5488 1402 5543; x_wconf 80' lang='lat' dir='ltr'>Waldonem</span> <span class='ocrx_word' id='word_1_269' title='bbox 1428 5489 1552 5543; x_wconf 84' lang='lat' dir='ltr'>abbatem</span> <span class='ocrx_word' id='word_1_270' title='bbox 1580 5487 1671 5544; x_wconf 75' lang='lat' dir='ltr'>sancti</span> <span class='ocrx_word' id='word_1_271' title='bbox 1696 5488 1839 5560; x_wconf 67' lang='lat' dir='ltr'>Dionysii,</span> <span class='ocrx_word' id='word_1_272' title='bbox 1867 5493 1898 5543; x_wconf 82' lang='lat' dir='ltr'>at</span> <span class='ocrx_word' id='word_1_273' title='bbox 1924 5490 1983 5559; x_wconf 80' lang='lat' dir='ltr'>ipse</span> <span class='ocrx_word' id='word_1_274' title='bbox 2006 5489 2088 5541; x_wconf 81' lang='lat' dir='ltr'>anteo</span> 
     </span>
     <span class='ocr_line' id='line_1_45' title="bbox 433 5592 2089 5664; baseline -0.004 -13"><span class='ocrx_word' id='word_1_275' title='bbox 433 5597 544 5663; x_wconf 79' lang='lat' dir='ltr'>conieci,</span> <span class='ocrx_word' id='word_1_276' title='bbox 561 5611 635 5650; x_wconf 81' lang='lat' dir='ltr'>mnw</span> <span class='ocrx_word' id='word_1_277' title='bbox 653 5595 701 5649; x_wconf 76' lang='lat' dir='ltr'>vis</span> <span class='ocrx_word' id='word_1_278' title='bbox 719 5595 896 5660; x_wconf 81' lang='lat' dir='ltr'>crediderim,</span> <span class='ocrx_word' id='word_1_279' title='bbox 914 5593 1033 5648; x_wconf 70' lang='lat' dir='ltr'>scribom</span> <span class='ocrx_word' id='word_1_280' title='bbox 1048 5594 1145 5664; x_wconf 79' lang='lat' dir='ltr'>potius</span> <span class='ocrx_word' id='word_1_281' title='bbox 1164 5592 1343 5647; x_wconf 81' lang='lat' dir='ltr'>Iaoaoeneem</span> <span class='ocrx_word' id='word_1_282' title='bbox 1362 5610 1421 5647; x_wconf 85' lang='lat' dir='ltr'>eam</span> <span class='ocrx_word' id='word_1_283' title='bbox 1434 5593 1542 5662; x_wconf 70' lang='lat' dir='ltr'>sabae,</span> <span class='ocrx_word' id='word_1_284' title='bbox 1565 5592 1666 5647; x_wconf 79' lang='lat' dir='ltr'>Fottair&#39;</span> <span class='ocrx_word' id='word_1_285' title='bbox 1684 5598 1723 5646; x_wconf 82' lang='lat' dir='ltr'>est</span> <span class='ocrx_word' id='word_1_286' title='bbox 1740 5593 1899 5648; x_wconf 79' lang='lat' dir='ltr'>coniectura</span> <span class='ocrx_word' id='word_1_287' title='bbox 1912 5592 2089 5662; x_wconf 81' lang='lat' dir='ltr'>probabilior</span> 
     </span>
     <span class='ocr_line' id='line_1_46' title="bbox 432 5697 1059 5772; baseline -0.006 -16"><span class='ocrx_word' id='word_1_288' title='bbox 432 5699 540 5772; x_wconf 80' lang='lat' dir='ltr'>(Geaob.</span> <span class='ocrx_word' id='word_1_289' title='bbox 559 5699 607 5754; x_wconf 81' lang='lat' dir='ltr'>der</span> <span class='ocrx_word' id='word_1_290' title='bbox 625 5699 790 5768; x_wconf 72' lang='lat' dir='ltr'>Satsburuer</span> <span class='ocrx_word' id='word_1_291' title='bbox 808 5697 941 5752; x_wconf 79' lang='lat' dir='ltr'>Biblioth.</span> <span class='ocrx_word' id='word_1_292' title='bbox 956 5714 986 5767; x_wconf 84' lang='lat' dir='ltr'>p.</span> <span class='ocrx_word' id='word_1_293' title='bbox 1007 5698 1059 5766; x_wconf 76' lang='lat'>14).</span> 
     </span>
    </p>
   </div>
   <div class='ocr_carea' id='block_1_10' title="bbox 0 0 2304 6410">
    <p class='ocr_par' dir='ltr' id='par_1_13' title="bbox 0 0 2304 6410">
     <span class='ocr_line' id='line_1_47' title="bbox 0 0 2304 6410; baseline 0 0"><span class='ocrx_word' id='word_1_294' title='bbox 0 0 2304 6410; x_wconf 95' lang='lat' dir='ltr'> </span> 
     </span>
    </p>
   </div>
  </div>
 </body>
</html>
