4574 6442
933 413 1078 472 REGULA
1096 415 1199 471 FIDEI.

607 591 681 656 Non
704 599 772 656 tres
796 612 875 676 ergo
899 591 990 672 deos,
1013 591 1109 670 absit,
1133 590 1191 655 sed
1215 591 1359 655 sanctius
1382 611 1482 654 unum

608 695 714 760 eorde
738 695 835 759 deum
859 694 968 775 credo,
992 693 1087 758 labiis
1110 715 1176 758 non
1199 715 1292 758 cesso
1314 694 1425 758 fateri:

526 823 550 859 ιο
610 799 673 872 Qui
698 819 829 882 semper
851 818 1007 876 summus,
1031 797 1197 882 perfectus
1221 818 1351 882 semper
1374 803 1407 861 et
1429 799 1524 872 altus,

610 903 707 968 Solus
731 911 764 967 ct
787 904 858 988 ipse
881 908 1009 988 potens,
1033 903 1139 966 trinus
1161 902 1309 988 persistit
1331 908 1365 966 et
1387 923 1481 966 unus.

607 1008 771 1072 Personas
794 1027 929 1069 numero
953 1004 1120 1090 distinguo
1144 1005 1284 1090 denique
1308 1005 1402 1085 trino,

607 1110 765 1174 Naturam
788 1109 877 1173 nullo
901 1108 1008 1194 patior
1030 1107 1175 1172 dividere
1198 1114 1305 1193 pacto.

609 1213 647 1276 In
671 1211 792 1276 deitate
816 1210 947 1296 quidem
971 1211 1114 1296 simplex
1137 1211 1282 1275 essentia
1304 1217 1448 1284 constat:

610 1315 648 1379 In
672 1315 817 1378 trinitate
840 1322 951 1378 manet
974 1313 1032 1378 sed
1055 1313 1269 1378 subsistentia
1292 1314 1424 1398 triplex.

608 1419 682 1483 Non
704 1419 790 1482 hunc
809 1439 882 1482 csse
898 1425 1024 1503 patrem
1041 1417 1191 1482 subolem
1208 1438 1304 1501 quam
1321 1416 1418 1482 credo
1434 1422 1602 1482 tonantem
1614 1417 1636 1498 ¹,

607 1520 673 1585 Sed
696 1521 757 1584 hoc
782 1541 855 1584 esso
878 1527 1005 1605 patrem
1030 1541 1190 1584 summum
1213 1519 1299 1604 quod
1322 1541 1455 1604 germen
1477 1518 1587 1584 adoro.

605 1625 649 1688 Et
671 1645 737 1688 non
759 1623 815 1706 qui
837 1623 967 1707 genitor
989 1624 1183 1708 genitusque
1207 1630 1268 1702 est,
1293 1624 1426 1709 spiritua
1449 1624 1502 1688 hic
1526 1631 1592 1698 est;

607 1727 673 1792 Sed
695 1728 757 1791 hoc
780 1726 867 1810 quod
890 1727 1020 1811 genitor
1042 1728 1237 1812 genitusque
1262 1728 1396 1813 spiritus
1418 1728 1481 1791 hoc
1505 1734 1565 1792 est.

524 1853 534 1889 2
606 1830 744 1914 Virgine
768 1827 809 1893 de
833 1849 935 1908 sacra,
960 1835 1072 1892 sancto
1094 1827 1135 1892 de
1159 1828 1289 1892 flamine
1312 1834 1424 1892 uatum

608 1932 715 1997 Credo
738 1931 792 1996 dei
815 1931 978 2016 genitum:
1002 1932 1114 2016 lingua
1137 1930 1274 1996 decanto
1298 1931 1397 2006 fideli,

606 2037 768 2122 Tempore
792 2036 851 2100 sub
876 2042 965 2100 certo
989 2042 1118 2122 tempus
1142 2037 1196 2121 qui
1220 2035 1364 2100 condidit
1387 2057 1493 2116 omne,

605 2139 730 2204 Lucida
752 2139 889 2224 rorigeri
913 2139 995 2204 caeli
1018 2140 1073 2223 qui
1096 2146 1258 2225 temperat
1281 2145 1378 2220 astra,

605 2242 670 2315 Qui
692 2248 839 2329 pontum,
863 2249 1058 2327 terramque,
1082 2245 1203 2329 polum,
1228 2244 1283 2328 qui
1306 2243 1450 2306 maxima
1472 2240 1584 2305 mundi

525 2370 536 2406 2
611 2346 761 2431 Clymata
784 2346 956 2431 quatrifidi,
979 2355 1107 2411 montes
1132 2348 1297 2430 collesque
1322 2347 1460 2420 creavit3

607 2450 762 2514 Aetheris
785 2456 882 2534 atque
906 2450 997 2514 humi
1020 2449 1121 2514 cludit
1144 2451 1199 2535 qui
1221 2451 1334 2514 limina
1355 2472 1465 2536 pugno

610 2552 768 2616 Articulis
792 2554 885 2616 trinis
908 2554 1010 2618 vastis
1034 2575 1108 2618 curn
1130 2554 1251 2618 finibus
1275 2554 1387 2618 orbem

606 2656 791 2720 Praelibrat
814 2663 848 2720 et
870 2657 972 2721 latum
994 2658 1102 2743 palmo
1127 2659 1258 2722 metitur
1281 2657 1492 2743 Olympum2:

608 2759 728 2823 Secula
750 2760 930 2844 praecedit,
953 2761 1033 2824 fecit
1055 2762 1131 2844 quia
1154 2763 1265 2826 secula
1288 2769 1414 2826 cuneta.

525 2886 537 2924 a
606 2863 705 2927 Hunc
725 2871 820 2949 pater
842 2865 1048 2949 omnipotens
1071 2865 1208 2929 tinctum
1230 2864 1380 2928 Iordanis
1404 2865 1437 2928 in
1459 2863 1558 2942 unda,

607 2967 761 3032 Protinus
785 2989 827 3032 ex
851 2968 917 3032 alto
942 2973 1074 3031 sanctus
1098 2989 1170 3032 cum
1196 2969 1328 3053 spiritus
1352 2967 1447 3032 albae

613 3069 759 3134 Caelitus
783 3071 816 3133 in
840 3071 951 3156 specie
974 3070 1146 3135 descendit
1171 3092 1312 3156 namque
1336 3071 1518 3148 columbae,

609 3174 761 3260 Baptista
784 3173 915 3238 sibimet
936 3195 1056 3259 magno
1079 3174 1257 3238 famulante
1280 3174 1439 3253 Iohanne,

606 3277 772 3341 Dilectum
795 3277 1038 3362 propriumque,
1062 3278 1151 3362 pium
1175 3276 1369 3362 dulcemque
1394 3283 1562 3342 tonantem
1629 3353 1631 3356 Ι

524 3406 550 3442 n
607 3381 691 3446 Esse
716 3401 811 3445 suum
833 3381 980 3466 genitum
1004 3387 1118 3445 sancto
1141 3380 1296 3445 discrerit
1319 3382 1360 3446 ab
1384 3383 1473 3448 ore³.

609 3483 789 3571 Splendida
810 3485 995 3568 florigeram
1018 3483 1124 3548 nubes
1147 3505 1220 3547 oum
1244 3485 1392 3569 cingeret
1414 3486 1533 3570 alpem,

609 3589 710 3653 Esset
733 3595 766 3654 et
790 3588 824 3652 in
847 3609 973 3651 summa
996 3589 1115 3653 secreti
1138 3588 1258 3652 montis
1282 3589 1315 3650 in
1339 3609 1423 3666 arce,

525 3737 527 3742 ,
606 3694 787 3780 Discipulis
811 3714 883 3757 cum
906 3713 1045 3778 namque
1069 3691 1172 3756 tribus
1195 3692 1392 3776 famulisque
1416 3689 1542 3755 dnobus

608 3798 733 3861 Unicus
756 3795 924 3860 altithroni
947 3796 1111 3859 caelorum
1135 3795 1239 3879 gloria
1262 3794 1356 3858 Iesus

610 3901 657 3965 Ut
680 3902 760 3964 solis
783 3898 893 3964 radius
916 3899 1018 3963 facies
1041 3900 1115 3984 plus
1138 3899 1274 3984 pulchra
1296 3899 1447 3983 refulget,

609 4004 739 4069 Candor
760 4010 797 4067 ut
819 4005 895 4068 alba
916 4005 1001 4068 nivis
1026 4003 1128 4068 vestis
1150 4002 1309 4082 radiabat,
1333 4009 1366 4066 et
1389 4024 1467 4066 ecce

609 4107 756 4171 Intonuit
777 4127 842 4170 vox
865 4107 932 4170 alta
953 4106 1008 4170 dci
1031 4105 1072 4170 dc
1094 4105 1182 4170 nube
1207 4127 1334 4186 serena,

608 4212 696 4275 Aera
718 4231 777 4295 per
800 4232 948 4292 vacuum,
971 4218 1103 4275 teneras
1127 4211 1292 4274 transfusa
1313 4231 1373 4295 per
1395 4231 1501 4288 auras,

607 4315 701 4379 Talia
722 4313 888 4377 mellifluis
911 4313 1072 4399 depromit
1095 4313 1215 4398 gaudia
1240 4312 1351 4377 dictis:

540 4442 550 4477 a
607 4418 682 4481 ‘Hic
704 4439 797 4482 meua
822 4419 892 4499 est',
916 4417 1029 4502 inquit,
1054 4416 1204 4481 ‘dilectus
1227 4416 1314 4480 filius
1336 4438 1431 4498 unus,

610 4521 706 4585 Hunc
730 4520 884 4587 audite'l.
928 4519 1051 4584 Datum
1073 4520 1135 4585 hoc
1159 4526 1209 4584 est
1231 4520 1382 4584 mirabile
1406 4519 1545 4604 signum,

609 4624 704 4697 Quod
727 4624 808 4689 deus
832 4630 929 4708 atque
953 4625 1050 4689 homo
1075 4623 1224 4688 Christus
1248 4624 1291 4688 sit
1313 4645 1410 4689 verus
1434 4631 1467 4689 et
1490 4626 1585 4690 altus.

607 4728 712 4792 Filius
735 4729 791 4792 illc
815 4727 867 4791 dei
891 4735 1004 4792 sancta
1026 4727 1067 4792 de
1090 4728 1216 4812 virgine
1239 4733 1335 4790 natus

608 4831 767 4916 Arguitur
785 4831 874 4895 hine:
899 4830 982 4895 forte
1005 4831 1126 4895 Petrus
1150 4831 1210 4894 hac
1232 4851 1314 4895 roca
1337 4829 1474 4894 docetur

527 4959 551 4996 aa
609 4935 683 4999 Non
707 4935 857 4998 homines
880 4955 1021 5017 aequare
1045 4933 1118 5014 deo,
1142 4933 1338 5018 dominoque
1363 4934 1543 5018 clyentes⁵.

347 5199 378 5250 11
398 5201 510 5266 persistis
526 5173 575 5248 ΡΙ
659 5195 856 5263 1211111111ςοῖ1
956 5194 989 5245 111
1007 5203 1110 5246 torrente
1129 5193 1154 5243 P
1255 5191 1290 5243 ‘20
1308 5193 1414 5258 Virgine
1432 5211 1447 5244 o
1466 5211 1538 5245 sacra
1555 5196 1588 5244 II
1686 5195 1721 5247 :30
1738 5199 1817 5249 tincto
1836 5195 1900 5246 PH

242 5287 276 5338 32
293 5288 418 5338 discendit
431 5285 456 5335 P
557 5283 593 5335 44
611 5285 740 5350 depromet
758 5283 783 5333 P
884 5280 919 5332 50
935 5283 1051 5348 clyentos
1070 5281 1103 5330 Η

348 5421 373 5486 l)
394 5421 438 5488 Cf.
464 5420 579 5472 Paulini
596 5425 693 5472 contra
717 5419 833 5472 Felicem
861 5419 878 5471 l.
898 5419 956 5472 le.
975 5417 1054 5484 1311.
1074 5415 1123 5468 rot
1142 5414 1183 5467 cd.
1203 5413 1371 5467 Mcdriar'as.
1450 5415 1478 5482 2)
1497 5415 1630 5472 1111140.
1650 5417 1682 5470 12
1701 5416 1767 5482 Quis
1786 5433 1895 5468 nicusus

243 5527 285 5574 cst
307 5523 416 5592 pugillo
442 5539 529 5590 aspiras
557 5527 585 5574 ct
612 5523 702 5574 catalos
721 5521 814 5590 palmo
833 5519 1018 5590 ponderavit?
1042 5517 1104 5586 quis
1127 5517 1264 5586 appendit
1281 5517 1370 5570 tribus
1393 5517 1491 5586 digitis
1510 5520 1609 5573 molem
1628 5525 1718 5574 terrae
1736 5523 1764 5572 et
1782 5519 1896 5572 libravit

242 5626 271 5678 in
291 5627 411 5696 pondere
429 5629 545 5679 montes.
615 5626 642 5692 3)
662 5625 730 5678 Luc.
748 5626 773 5688 3,
791 5627 833 5679 22.
902 5627 931 5692 4)
951 5623 1052 5676 Mallia
1068 5623 1138 5680 lan
1156 5621 1208 5674 llic
1226 5624 1267 5672 cst
1286 5621 1359 5674 filius
1377 5639 1453 5674 niens
1472 5624 1599 5686 dilectus,
1619 5624 1646 5677 in
1665 5641 1721 5692 quo
1739 5622 1806 5676 mihi
1826 5622 1896 5674 bene

243 5730 411 5800 eornplacni:
430 5731 503 5782 hune
521 5728 625 5782 andito.
706 5729 733 5796 5)
755 5729 797 5798 Cf.
817 5729 853 5784 io.
871 5748 895 5784 n.
913 5730 938 5782 4.
