4988 6434
1026 427 1210 482 APPENDIX
1229 427 1427 482 CARMINUM
1446 426 1647 481 DUBIORUM.

1265 719 1423 783 XLVIII.

883 861 1023 935 ITEM
1059 863 1289 936 VERSUS
1326 863 1518 937 SUPER
1553 859 1806 934 CRUCEM.

882 1011 989 1076 Adam
1011 1036 1072 1100 per
1094 1015 1219 1098 lignum
1241 1022 1379 1078 mortem
1402 1013 1539 1078 deduxit
1562 1015 1595 1077 in
1618 1012 1741 1085 orbem,

967 1116 1033 1180 Per
1055 1117 1180 1202 lignum
1203 1118 1330 1204 pepulit
1354 1117 1504 1182 Christus
1527 1119 1570 1182 ab
1592 1117 1671 1180 orbe
1695 1137 1819 1180 necem.

1187 1279 1299 1344 ITEM
1322 1280 1499 1345 ALITEB„

885 1391 975 1455 Crux
998 1399 1064 1462 tua,
1088 1391 1219 1456 Christe
1243 1389 1372 1479 potens,
1394 1393 1446 1457 his
1470 1395 1513 1457 sit
1535 1395 1695 1480 protectio
1720 1393 1853 1478 saeptis,

967 1494 1017 1559 Ne
1042 1496 1137 1580 lupus
1161 1496 1320 1560 insidians
1342 1498 1448 1583 possit
1470 1496 1560 1562 adire
1584 1518 1729 1581 gregem.

1191 1659 1302 1723 ITEM
1325 1659 1500 1723 ALITER.

885 1770 974 1834 Crux
996 1777 1062 1850 tua,
1087 1791 1143 1834 rex
1169 1791 1281 1855 regum
1306 1770 1449 1852 Christe,
1472 1771 1533 1834 boe
1556 1777 1688 1835 tueatur
1710 1772 1806 1862 ovile,

969 1873 1020 1938 Ne
1044 1875 1096 1936 leo
1121 1873 1263 1938 crudelis
1288 1895 1423 1959 carpere
1447 1875 1552 1960 possit
1575 1896 1664 1940 oves.

1190 2034 1299 2100 ITEM
1323 2035 1501 2100 ALITER.

887 2149 975 2212 Crux
999 2156 1065 2222 tua,
1089 2149 1145 2210 lux
1167 2148 1261 2218 lueis,
1284 2148 1343 2211 has
1366 2147 1615 2234 valletlfulgida
1638 2150 1759 2214 caulas.

968 2249 1121 2316 Fundere
1144 2273 1185 2315 ne
1210 2273 1345 2338 serpens
1369 2251 1440 2315 dira
1455 2273 1583 2316 venena
1606 2259 1714 2337 queat.
1759 2252 1914 2338 Explicit.

1289 2699 1410 2763 XLIX.

890 2839 1031 2918 Christe,
1054 2838 1136 2902 deus
1159 2837 1282 2918 mundi,
1305 2839 1361 2923 qui
1383 2839 1441 2902 lux
1464 2861 1501 2902 es
1525 2840 1613 2903 elara
1634 2838 1781 2924 diesque,

888 2942 1004 3007 Noctis
1026 2949 1062 3006 tu
1085 2943 1239 3006 tenebras
1262 2942 1440 3007 inlustrans
1463 2941 1591 3027 detegis
1614 2950 1711 3023 atras,

888 3046 1022 3110 Lucifer
1044 3046 1196 3110 exoriens
1218 3046 1329 3110 lumen
1352 3045 1393 3110 de
1416 3046 1538 3110 lumine
1562 3046 1699 3132 profers,

892 3149 1001 3214 Vitam
1024 3148 1199 3234 dignanter
1220 3151 1337 3214 tribuis
1362 3151 1432 3215 sine
1455 3151 1519 3215 fine
1542 3150 1660 3215 beatis.

892 3253 942 3317 Tu
963 3275 1034 3332 nos,
1057 3253 1274 3338 omnipotens,
1298 3254 1486 3333 elementer,
1511 3262 1622 3319 sancte
1646 3277 1826 3341 precamur,

890 3357 1005 3422 Hostis
1028 3359 1070 3421 ab
1092 3356 1221 3420 insidiis
1245 3356 1401 3422 defendas
1425 3366 1520 3422 noete
1544 3357 1673 3444 dieque.

890 3461 940 3525 Sit
963 3460 1057 3525 nobis
1079 3461 1114 3524 in
1136 3467 1168 3525 te
1193 3462 1334 3545 requies.
1379 3460 1439 3538 Tu,
1464 3460 1612 3526 eonditor
1633 3463 1729 3542 alme,

889 3565 1072 3628 Instantem
1094 3563 1165 3628 fieri
1187 3572 1317 3628 noctem
1339 3564 1459 3648 largire
1483 3565 1638 3648 quietam.

889 3667 940 3732 Ne
962 3668 1071 3752 gravis
1095 3665 1252 3752 impediat
1274 3668 1387 3731 mortis
1411 3668 1551 3752 ealigine
1575 3691 1719 3750 somnus,

891 3770 1007 3834 Hostis
1031 3770 1188 3856 subrepat
1210 3770 1305 3834 nobis
1328 3791 1369 3835 ne
1392 3769 1506 3835 fraude
1530 3772 1684 3856 maligna,

889 3874 939 3938 Ne
964 3894 1039 3938 earo
1061 3872 1228 3958 peccando
1252 3873 1378 3958 fragilis
1403 3874 1585 3938 consentiat
1607 3875 1657 3937 illi

890 3976 1024 4060 Nosque
1048 3983 1122 4040 reo's
1145 3983 1267 4040 statuat
1290 3977 1375 4040 iusto
1400 3975 1460 4040 sub
1485 3975 1591 4041 iudioe
1616 3976 1759 4044 Christo.

892 4079 1006 4143 Gloria
1028 4100 1147 4164 magna
1170 4080 1255 4165 patri
1277 4080 1398 4164 iugiter
1420 4100 1478 4165 per
1502 4082 1614 4144 secula
1637 4089 1763 4162 cuneta,

890 4182 1004 4247 Gloria
1027 4203 1154 4246 summa
1176 4184 1279 4268 patris
1302 4189 1378 4247 nato
1404 4184 1446 4246 sit
1469 4205 1599 4269 semper
1621 4184 1654 4248 in
1677 4205 1804 4264 aevum,

809 4308 833 4344 rs
893 4284 1030 4369 Spiritui
1052 4284 1222 4348 amborum
1245 4285 1369 4370 pariter
1392 4285 1434 4348 sit
1456 4285 1561 4368 gloria
1583 4307 1713 4371 perpes,

890 4387 1005 4452 Gloria
1028 4388 1188 4452 seclorum
1212 4409 1272 4473 per
1294 4389 1406 4452 secula
1429 4388 1471 4451 sit
1493 4388 1641 4452 trinitati.

1330 4819 1367 4883 L.

954 4959 1331 5035 EPITAPHIUM
1367 4961 1744 5036 CONSTANTII.

888 5111 954 5176 Hie
978 5110 1078 5176 decus
1101 5111 1218 5176 Italiae
1241 5113 1363 5197 tegitur
1387 5112 1599 5176 Constantius
1623 5112 1733 5192 heros,

958 5215 1022 5289 Qui
1045 5217 1171 5301 patriae
1195 5224 1338 5299 tegmen,
1363 5237 1476 5280 murus
1501 5223 1535 5280 et
1558 5237 1649 5280 arma
1672 5216 1742 5294 fuit,

1415 5377 1536 5384 *-
1561 5377 1765 5383 ——.-—-.—-—-

594 5474 722 5543 [XLVIII]
758 5480 822 5529 Item
840 5477 914 5527 nIIter
933 5475 961 5538 S,
980 5479 1042 5525 Item
1059 5476 1110 5524 alia
1127 5475 1150 5524 L
1265 5473 1304 5537 lll
1323 5478 1401 5542 septis
1421 5477 1442 5528 S
1556 5475 1596 5540 112
1613 5478 1691 5543 pessit
1709 5477 1732 5526 S
1811 5478 1922 5544 Explicit
1939 5495 1987 5527 ona.
2006 5477 2028 5527 S

591 5559 693 5628 [XLIX]
729 5564 784 5613 aiae
801 5563 873 5612 titulo
892 5561 916 5610 L
934 5563 954 5620 γ’.
972 5559 1048 5611 37¹-
1058 5558 1093 5611 38
1204 5561 1334 5613 4baeatis
1353 5562 1376 5611 L
1488 5563 1604 5614 lirroetis
1623 5562 1654 5624 L,
1677 5564 1765 5614 mortis
1783 5565 1847 5614 corti.
1866 5563 1958 5628 Haupt
2076 5564 2111 5620 10
2129 5571 2197 5622 suli-

522 5644 597 5710 ripiat
614 5647 645 5712 L,
663 5651 785 5714 subrepat
803 5649 867 5697 corii.
888 5646 979 5711 Iloapt
1085 5645 1118 5697 12
1136 5651 1216 5700 iustos
1235 5649 1266 5712 L,
1285 5650 1352 5699 iusto
1370 5647 1461 5715 Harcpt
1564 5648 1597 5700 16
1615 5650 1703 5712 secula
1720 5649 1744 5698 L

594 5731 632 5796 [L]
669 5735 832 5801 Epitaphium
851 5734 993 5783 Constantii
1013 5733 1037 5782 Ρ
1045 5737 1071 5800 s.
1091 5731 1150 5800 122,
1174 5738 1314 5803 Epitnqion
1332 5737 1474 5788 Constantii
1493 5737 1515 5787 S
1526 5755 1555 5804 p.
1573 5735 1684 5802 ‹bl-58,
1708 5737 1744 5787 ad
1761 5753 1842 5802 marq.
1861 5738 1923 5810 Req.
