4628 6428
1039 396 1188 450 ALCUINI
1206 395 1382 450 canulas.

753 573 822 635 Aut
843 579 900 635 tua
922 571 986 634 iarn
1010 592 1107 634 voces
1130 568 1275 633 doctoris
1298 569 1426 633 hauriat
1449 570 1548 646 auris,

752 675 817 738 Vel
840 696 899 760 pes
923 674 1097 737 ecclesiam
1121 679 1280 736 nocturno
1305 679 1453 758 tempore
1477 679 1595 735 eiurat.

752 777 871 856 Huius,
896 798 1029 862 quaeso,
1054 783 1152 861 caput
1174 774 1282 840 valido
1305 783 1341 838 tu
1364 783 1500 861 percute
1524 796 1644 860 pugno.

752 880 803 944 Ne
826 880 886 944 tibi
909 885 1083 944 cernentes
1107 880 1227 965 hospes
1251 887 1410 944 excaecet
1435 880 1568 946 ocellos.

673 1007 697 1042 a
754 985 822 1048 Aut
844 991 974 1069 torpore
997 983 1083 1046 malo
1107 1004 1224 1046 sensus
1247 982 1306 1045 tibi
1331 983 1468 1046 subruat
1491 1003 1620 1052 omnes:

755 1086 822 1151 Sed
844 1086 905 1149 tibi
929 1086 1055 1150 collirio
1079 1086 1168 1148 visus
1192 1084 1326 1150 infunde
1351 1087 1468 1150 salutis
1480 1088 1501 1165 ¹,

753 1190 799 1252 Ut
821 1189 932 1253 valeas
956 1188 1041 1272 signi
1063 1208 1163 1251 voces
1186 1186 1298 1252 audire
1324 1189 1482 1268 sonantis,

754 1291 850 1365 Quod
872 1299 905 1356 le
929 1291 1049 1376 quippe
1074 1299 1178 1370 vocat,
1201 1291 1315 1354 laudes
1339 1299 1471 1355 cantare
1496 1294 1648 1356 tonantis.

755 1395 900 1460 Conscre
924 1395 1044 1479 quippe
1068 1415 1194 1474 manua
1219 1395 1346 1458 modico
1370 1394 1512 1458 dorrnirc
1537 1403 1716 1468 memento,

673 1521 698 1557 20
757 1498 849 1562 Novo
872 1506 1008 1583 repente
1031 1497 1092 1561 tibi
1114 1499 1225 1561 veniat
1246 1497 1422 1583 praefortis
1446 1505 1578 1581 egestas
1592 1498 1615 1576 ²,

757 1603 803 1666 Ut
825 1610 936 1666 monet
958 1603 1092 1686 egregio
1117 1600 1271 1666 Salomon
1296 1623 1446 1666 sermone
1471 1603 1630 1688 legentes.

1137 2098 1294 2164 XCVIII.

757 2343 841 2422 Non,
865 2364 956 2426 rogo,
979 2341 1061 2405 dura
1082 2341 1143 2405 tibi
1165 2340 1316 2405 videatur
1339 2341 1456 2405 semita
1478 2340 1624 2418 fratrum,

841 2446 935 2510 Haec
958 2453 991 2510 te
1015 2451 1200 2510 currentem
1222 2444 1313 2509 ducit
1334 2444 1375 2508 ad
1399 2445 1584 2510 ecclesiam,

757 2549 830 2613 Non
852 2548 905 2613 hio
929 2548 1026 2612 turba
1049 2555 1143 2611 sonet
1167 2549 1289 2634 populi,
1312 2569 1378 2612 non
1401 2548 1484 2613 forte
1508 2549 1680 2612 tumultus:

836 2652 905 2715 Vos
929 2651 1014 2714 inter
1036 2652 1146 2715 nullus
1169 2651 1222 2714 hic
1246 2652 1374 2714 alienus
1398 2659 1462 2716 eat.
1496 2727 1497 2732 γ

689 2778 700 2813 s
756 2755 851 2819 Haec
873 2755 927 2818 via
949 2776 1007 2817 vos
1030 2755 1153 2839 pariter
1177 2753 1330 2818 concordi
1354 2761 1488 2840 pectore
1512 2754 1621 2824 ducat,

839 2858 1006 2924 Laudibus
1030 2860 1174 2923 intentos
1197 2859 1239 2922 ad
1262 2861 1317 2945 pia
1338 2860 1462 2944 templa
1485 2859 1549 2926 dei.

757 2962 850 3026 Unus
874 2982 966 3026 amor
989 2960 1139 3025 Christus
1162 2961 1257 3025 nobis
1280 2961 1336 3024 liat
1358 2969 1456 3047 atque
1479 2963 1542 3026 iter
1564 2983 1673 3042 unum,

840 3064 901 3128 Ille
925 3071 976 3128 est
999 3071 1090 3127 certa
1114 3065 1213 3136 salus,
1237 3087 1323 3150 spes,
1348 3065 1448 3130 decus
1472 3075 1505 3131 ct
1528 3069 1656 3131 caritas.

757 3167 830 3232 Non
853 3174 888 3231 lu
912 3169 1099 3252 somnigere
1123 3167 1224 3231 vadas
1247 3177 1379 3254 torpore
1402 3191 1462 3255 per
1484 3171 1593 3248 istum,

676 3295 700 3331 ιο
845 3270 911 3335 Sed
933 3272 1005 3335 laus
1030 3271 1115 3334 alma
1139 3270 1192 3335 dei
1216 3293 1346 3357 semper
1368 3273 1401 3336 in
1425 3295 1481 3337 ore
1505 3281 1610 3346 sonet,

758 3375 907 3459 Angelus
931 3382 966 3438 ut
989 3381 1098 3438 tecum
1122 3375 1259 3438 caelesti
1282 3381 1391 3438 currat
1412 3376 1453 3440 ab
1478 3397 1563 3456 arce,

840 3476 927 3541 Dum
951 3476 1063 3541 videat
1085 3476 1200 3541 laudes
1224 3485 1257 3541 to
1280 3499 1435 3543 resonare
1460 3478 1523 3543 dci.

755 3581 803 3646 Te
827 3602 956 3666 quoque
980 3582 1146 3644 consociat
1170 3587 1356 3645 sanctorum
1378 3589 1513 3668 pectore
1535 3584 1623 3648 laeto

841 3683 1047 3749 Gaudentem
1072 3684 1194 3748 Christi
1218 3692 1331 3749 coetus
1354 3685 1389 3748 in
1412 3687 1562 3760 ecclesia,

676 3811 700 3848 rr>
756 3786 940 3872 Relliquiac
964 3809 1101 3873 quorum
1124 3788 1247 3852 multae
1271 3787 1455 3852 conduntur
1477 3790 1510 3852 in
1533 3789 1601 3866 illo,

839 3889 933 3954 Haec
958 3912 1115 3976 superans
1139 3912 1256 3954 munus
1281 3891 1370 3955 mille
1394 3892 1517 3955 talenta
1539 3891 1640 3977 pium.

759 3993 908 4079 Spesque
932 3993 1078 4079 fidesque
1102 3995 1198 4058 simul
1221 3995 1344 4082 pariter
1367 4002 1567 4080 quapropter
1589 3996 1623 4058 in
1645 3995 1718 4058 istis

839 4096 1024 4160 Porticibus
1048 4105 1157 4161 tecum
1181 4105 1272 4161 certo
1295 4097 1410 4160 salutis
1434 4103 1513 4162 crat.

758 4198 846 4271 Quot
867 4206 903 4263 tu
925 4222 1001 4264 nem
1025 4221 1160 4264 currens
1183 4199 1323 4287 pedibus
1346 4200 1488 4284 vestigia
1511 4201 1617 4285 ponis,

675 4326 700 4363 20
845 4302 909 4367 Tot
932 4310 968 4367 tu
989 4302 1169 4382 mercedes,
1195 4303 1304 4382 frater,
1327 4302 1451 4367 habere
1474 4304 1576 4367 vales.

757 4406 832 4471 Non
856 4407 977 4471 idcirco
1001 4407 1060 4470 tibi
1083 4407 1234 4471 videatur
1256 4406 1338 4470 haec
1363 4407 1415 4470 via
1438 4407 1546 4491 longa,

843 4510 908 4574 Per
930 4509 1014 4573 hano
1037 4511 1202 4574 caelorum
1225 4510 1337 4596 pervia
1360 4515 1455 4595 porta
1477 4516 1578 4595 patet.

759 4613 856 4679 Felix
879 4615 999 4700 quippe
1023 4614 1093 4679 dies
1116 4615 1187 4694 tibi,
1211 4636 1276 4700 que
1298 4619 1331 4678 te
1355 4614 1492 4699 suscipit
1515 4614 1581 4692 illa,

841 4717 914 4781 Illic
938 4739 1012 4781 cum
1035 4716 1166 4782 Christo
1190 4739 1292 4802 regna
1313 4716 1412 4781 beata
1436 4723 1540 4782 tenes.

502 4890 1408 4901 *um-mm*—

493 5011 525 5062 11
545 5015 599 5063 lam
619 5019 677 5063 tuns
698 5019 744 5061 aut
759 5011 791 5074 Q,
815 5013 869 5063 Aut
891 5021 936 5062 tua
958 5012 1008 5060 iam
1021 5008 1061 5058 Fr
1185 5009 1216 5060 13
1241 5019 1372 5077 percutere
1388 5017 1421 5074 Q,
1449 5019 1478 5062 tu
1501 5019 1604 5078 percule
1628 5010 1681 5061 cod
1701 5009 1807 5078 Ratiap.
1836 5017 1946 5078 (Fron
1970 5027 2014 5092 11,
2035 5027 2100 5083 6191

394 5103 426 5156 14
443 5115 564 5157 excaecat
579 5108 608 5168 Q,
627 5115 746 5159 excaecet
758 5105 798 5156 Fr
903 5103 936 5155 16
954 5106 1089 5169 collyrium
1102 5104 1142 5153 Fr
1887 5124 1890 5128 -

459 5199 591 5268 [XCVIII]
639 5202 650 5266 ΙΙ
675 5199 700 5266 [r]
719 5203 773 5251 rinc
791 5202 825 5250 tic.
844 5202 860 5250 l.
880 5201 897 5251 l.
915 5218 941 5250 rr.
962 5201 1070 5250 CXXXI
1175 5197 1365 5261 ‘deerrantaQ
1468 5199 1575 5250 3sonat
1590 5199 1619 5263 Q,
1637 5206 1710 5250 sonet
1727 5199 1792 5250 Bar.
1918 5212 1938 5263 6
1958 5217 2047 5272 laude
2069 5223 2100 5284 (l,

391 5295 486 5360 templa
498 5293 557 5344 Bal.
653 5291 686 5344 13
705 5296 785 5344 sociat
799 5295 828 5355 Q,
847 5294 976 5345 consociat
989 5292 1028 5342 Fr
1122 5290 1154 5342 19
1173 5293 1246 5355 Quod
1260 5293 1282 5354 Q
1374 5293 1409 5345 20
1426 5297 1517 5346 Totam
1534 5294 1674 5345 mercedem
1690 5293 1719 5356 Q,
1737 5295 1792 5346 Tol
1811 5307 1845 5351 tu
1867 5313 2022 5364 mornadas
2036 5315 2100 5367 Bag

391 5384 425 5435 ¹22
443 5395 526 5453 portel
543 5405 609 5439 corr.
628 5390 656 5439 in
673 5397 746 5455 porta
763 5395 832 5454 patet
847 5388 869 5449 Q

495 5571 521 5636 1)
535 5572 620 5640 Apoc.
638 5572 707 5632 3,18
726 5570 841 5638 collyrio
853 5572 959 5638 inunge
977 5571 1069 5623 oculos
1088 5572 1159 5634 tuoe,
1177 5574 1210 5625 ut
1222 5571 1323 5624 videa.
1394 5575 1422 5643 2)
1442 5547 1580 5636 Provssao,
1593 5574 1626 5627 13
1645 5573 1709 5627 Noli
1728 5573 1860 5646 diligere
1883 5605 2043 5652 somnum·

394 5673 423 5722 tc
441 5673 549 5738 egestas
562 5675 710 5742 opprimat.

2063 5617 2100 5654 ne
