4988 6434
774 392 992 446 AENIGMATA
1012 393 1108 458 QUAE
1127 394 1226 447 llllSlT
1246 393 1380 448 SORORI
1399 394 1499 449 SUAE.

668 565 794 631 Mentis
825 569 896 632 cius
926 590 991 631 non
1020 567 1186 653 ingredior
1214 569 1402 633 habitacula
1431 567 1571 634 demum.

547 725 562 736 .
668 671 808 756 Agmine
838 679 913 758 post
942 672 1050 737 iuncto
1078 673 1187 736 multis
1219 696 1291 738 cum
1317 673 1472 738 milibus¹
1499 695 1565 738 uua

669 775 809 841 Carmen
836 778 994 841 selectum
1024 775 1169 841 dicemus
1205 778 1324 843 lamine
1354 779 1444 858 miro,

593 939 598 944 .
668 879 788 944 Cetera
815 878 900 964 quod
929 901 1104 964 numquam
1132 879 1320 944 modulatur
1347 887 1453 944 turma
1482 880 1620 966 piorum,

667 982 863 1048 Aetherium
893 982 979 1046 dulci
1010 982 1181 1048 laudantes
1212 985 1354 1049 carmine
1382 1005 1505 1069 regern,

666 1085 731 1160 Qui
759 1088 890 1172 proprio
920 1092 1064 1150 nostram
1096 1087 1263 1152 mundavit
1291 1087 1449 1172 sanguiue
1479 1089 1590 1168 vitam,

667 1191 728 1256 Cui
757 1192 888 1256 meritas
917 1198 1026 1276 grates
1057 1199 1187 1288 sanctas
1219 1193 1289 1257 sine
1319 1192 1382 1258 fine
1412 1215 1576 1258 canemus.

925 1413 1188 1502 [CUPIDITAS
1223 1415 1321 1502 AIT]

669 1554 858 1619 Cernebam
887 1559 1007 1618 tetrum
1035 1555 1179 1624 lustrans
1209 1577 1268 1640 per
1298 1557 1430 1619 saecula
1457 1560 1638 1618 monstrum

580 1681 616 1718 aa
668 1657 809 1722 Uisibus
840 1656 1052 1738 horrendum,
1082 1679 1143 1723 nec
1173 1657 1262 1722 dictu
1285 1655 1422 1723 effabile
1454 1657 1628 1744 quodamll,

665 1761 817 1846 Pignora
846 1781 1011 1846 purpureo
1039 1760 1181 1824 maculat
1210 1760 1297 1845 quod
1326 1762 1486 1846 sanguine
1516 1769 1634 1828 terrae.

665 1865 712 1929 In
739 1864 846 1928 varias
876 1863 994 1928 caedes
1025 1864 1176 1928 mortalia
1202 1871 1336 1950 pectora
1368 1886 1489 1950 cogens
1500 1866 1522 1946 ³,

667 1968 753 2032 Dira
779 1968 922 2033 fremens
954 1990 1053 2032 saevo
1085 1969 1207 2054 passim
1238 1990 1311 2032 oum
1343 1969 1507 2033 murmuro
1534 1969 1650 2034 Martis

605 2135 609 2142 ,
666 2071 776 2156 Ignea
806 2071 922 2135 inferni
951 2071 1123 2136 animabus
1150 2071 1286 2136 Tartara
1317 2075 1469 2158 complet,

627 2177 629 2180 ’
668 2175 936 2260 'terrigenasque
964 2182 1074 2239 tamen
1105 2173 1269 2239 demulcet
1297 2183 1407 2241 mente
1437 2175 1561 2254 dolosa,

667 2277 755 2341 Auri
783 2277 955 2342 materiem
988 2284 1022 2342 et
1051 2277 1140 2341 fulvo
1169 2277 1341 2363 splendore
1370 2281 1504 2344 metalla

668 2381 814 2444 Sumant
842 2388 879 2444 ut
907 2382 1067 2467 pretium,
1096 2381 1257 2446 trucidato
1287 2382 1387 2447 fratre
1415 2384 1569 2468 gemelle,

667 2484 741 2548 Aut
768 2491 886 2570 gnatus
916 2507 996 2550 auro
1027 2483 1134 2564 bibat,
1166 2487 1315 2571 genitore
1344 2493 1526 2573 perempto.

668 2589 794 2652 Insane
826 2589 956 2673 sapiunt
985 2589 1149 2672 homines,
1180 2591 1255 2674 quia
1282 2589 1379 2655 belua
1406 2591 1550 2676 maligna
1577 2599 1638 2672 est,

672 2690 740 2754 Tot
772 2696 945 2776 tantosque
975 2692 1062 2756 viros
1095 2694 1204 2757 multis
1234 2714 1307 2757 cum
1337 2694 1496 2758 matribus
1523 2717 1588 2759 una

668 2793 799 2858 Tetrica
828 2793 970 2858 crudelis
998 2795 1134 2860 trudens
1164 2797 1204 2860 ad
1235 2797 1349 2860 limina
1373 2794 1470 2861 Ditis.

668 2897 766 2963 Haud
796 2919 890 2962 secus
921 2899 1098 2984 alloquitur
1127 2901 1282 2970 mortales
1312 2921 1369 2965 ore
1393 2902 1535 2986 superbo

671 3001 788 3066 Bestia
816 3001 1044 3088 pinnipotens:
1074 3002 1254 3068 ‘dominans
1284 3026 1355 3068 sum
1384 3005 1503 3069 finibus
1532 3005 1631 3085 orbis,

667 3105 874 3171 Horrendam
903 3106 1015 3171 dicunt
1042 3129 1094 3172 me
1126 3129 1249 3186 omnes,
1278 3107 1336 3174 sed
1365 3109 1485 3172 lamine
1513 3109 1600 3189 licto,

579 3231 595 3266 2·
670 3209 783 3273 Carior
812 3216 845 3273 at
873 3210 984 3274 multis
1015 3211 1197 3296 conprobor
1224 3211 1347 3276 lumine
1378 3212 1475 3277 ritae.

668 3313 731 3378 Ast
759 3334 820 3398 ego
849 3313 969 3378 intesta
1000 3314 1163 3379 cmdelior
1190 3315 1340 3402 hostibus
1369 3335 1482 3381 omnes

667 3415 794 3481 Iuvisos
824 3415 949 3496 habco,
977 3422 1010 3481 et
1040 3440 1112 3482 cum
1144 3419 1245 3483 strofa
1274 3427 1420 3484 atemere
1450 3421 1544 3484 nitor.

668 3519 742 3583 Non
771 3521 942 3604 quisquam
971 3520 1003 3582 in
1031 3522 1127 3584 terris
1157 3543 1312 3585 numerus
1342 3529 1398 3586 aut
1427 3522 1572 3587 calculus
1599 3523 1750 3608 aequat⁴,

667 3623 760 3687 Milia
789 3630 867 3707 quot
895 3623 1017 3708 passim
1048 3624 1189 3687 strofosa
1217 3631 1320 3688 morte
1349 3626 1485 3710 peremi.

577 3747 588 3783 ²
667 3727 779 3812 Reges
804 3733 837 3790 et
866 3748 1020 3813 proceres
1047 3726 1143 3791 docui
1172 3734 1333 3793 temerare
1361 3727 1539 3813 premendo

667 3828 818 3894 Foedera
845 3836 942 3914 atque
971 3850 1067 3914 pares
1100 3830 1223 3915 pariter
1251 3830 1466 3916 propriosque
1496 3829 1706 3917 propinquos.

669 3932 768 3998 Haud
797 3954 893 3998 secus
922 3940 958 3996 ut
985 3933 1098 4019 populi
1125 3933 1265 4019 perdant
1296 3957 1355 3998 sua
1381 3935 1453 3998 iura
1479 3935 1632 4016 minores,

669 4037 845 4103 Pontifices
875 4038 995 4100 multos
1026 4044 1192 4123 temptans
1222 4059 1283 4123 per
1310 4038 1406 4104 devia
1432 4037 1521 4117 duxi,

451 4249 698 4255 ----—-.--—..‚.—-..
724 4248 780 4256 ...u
799 4249 927 4254 .r.-......1..
944 4250 948 4252 -
968 4249 1055 4253 ,---“--
1081 4247 1490 4256 ---......,-...,..-....-.--.-.-.-...-
1516 4247 1594 4252 .-----
1617 4248 1735 4254 ——-.....
1755 4251 1766 4254 ,,

415 4399 464 4453 111
484 4407 540 4466 eius
554 4409 575 4454 t?
641 4406 770 4472 ingredior
788 4423 854 4455 corr.
867 4423 959 4454 irrorata
972 4414 1067 4470 poster.
1080 4405 1208 4471 ingrediar
1222 4405 1244 4454 t'
1330 4399 1379 4453 118
1391 4403 1479 4454 multis
1496 4419 1555 4452 cum
1573 4403 1712 4456 ciuibus&
1788 4403 1838 4456 119
1856 4407 1964 4458 Camren

309 4485 366 4552 lroc]
390 4489 416 4539 irl
439 4499 478 4541 est
500 4491 551 4542 tale
570 4493 593 4540 (J
619 4535 621 4540 .
671 4493 780 4542 electum
807 4492 923 4542 caninius
949 4508 1007 4540 cum
1029 4491 1062 4554 G,
1089 4491 1197 4542 dicimus
1221 4491 1249 4540 E
1367 4487 1418 4539 189
1436 4489 1512 4539 turbe
1536 4487 1564 4538 E
1580 4489 1602 4538 C
1721 4488 1771 4541 181
1789 4495 1921 4544 couarnine
1939 4492 1973 4543 Ε

311 4571 361 4624 183
379 4577 467 4626 morito
488 4579 510 4626 U
578 4587 682 4628 sanctas
701 4578 726 4628 P
837 4576 849 4640 ΙΙ
874 4581 962 4627 Arnen.
999 4579 1069 4627 Finit
1091 4578 1122 4628 de
1146 4578 1298 4628 uirtutibus:
1322 4577 1410 4643 incipit
1434 4577 1465 4626 do
1488 4577 1659 4626 acerbissimis
1682 4578 1762 4628 malis.
1807 4581 1845 4631 De
1861 4577 1965 4647 'cupidi-

310 4667 360 4710 tate
375 4661 401 4724 0,
421 4664 489 4714 Finit
506 4665 537 4714 de
556 4665 703 4715 uirtutibus.
740 4666 832 4730 Incipit
847 4665 877 4714 de
887 4665 944 4714 aliis
953 4664 1124 4714 aceruissimis
1133 4665 1206 4715 malis
1215 4682 1280 4729 quae
1289 4666 1362 4714 adam
1371 4666 1523 4716 inanducass
1533 4664 1587 4712 dira
1596 4671 1635 4714 est
1646 4680 1705 4714 cum
1721 4674 1801 4718 morte
1811 4675 1964 4733 peremptus.

309 4747 441 4812 Cupiditas
453 4747 478 4796 Ε
592 4748 641 4800 184
659 4759 759 4817 petrum
778 4749 802 4799 P
916 4747 967 4800 18')
984 4767 1031 4812 nec
1050 4749 1074 4798 P
1141 4751 1249 4800 effabilis
1266 4751 1314 4800 ulli
1333 4749 1395 4800 PE
1509 4747 1559 4800 186
1576 4750 1687 4815 Pignora
1700 4750 1726 4800 E
1798 4770 1924 4818 purporoo
1942 4753 1968 4802 P

310 4831 420 4883 maculet
433 4831 493 4882 PE
560 4836 621 4900 quid
634 4836 661 4885 Ε
750 4832 800 4885 181
820 4837 993 4885 rariaeedcns
1007 4835 1030 4884 l!
1095 4832 1204 4900 pectora]
1223 4836 1275 4885 scil.
1290 4843 1315 4885 et
1329 4836 1351 4884 (I
1441 4834 1491 4886 188
1508 4853 1635 4886 munnere
1654 4835 1679 4885 P
1768 4835 1818 4888 189
1835 4839 1968 4889 eonl'srtO

310 4914 357 4968 191
377 4919 445 4969 lulao
464 4919 499 4982 l),
529 4922 597 4972 lirlsu
616 4921 641 4970 P
748 4919 798 4971 193
820 4923 890 4972 bibat
912 4939 974 4971 auro
997 4922 1046 4970 ianr
1061 4921 1083 4970 C
1190 4918 1240 4971 194
1260 4923 1351 4971 lrrsana
1370 4922 1400 4984 P,
1424 4924 1465 4972 Sic
1491 4923 1552 4972 lacit
1573 4923 1716 4973 manuos&
1838 4921 1888 4974 195
1900 4925 1964 4976 mul·

309 5013 366 5054 tans
391 5003 416 5052 P
541 5005 591 5057 1911
614 5009 715 5058 tradens
739 5007 765 5057 P
837 5005 917 5071 ditisl
934 5008 959 5056 id
988 5016 1027 5057 est
1047 5009 1099 5057 orci
1125 5009 1147 5056 t*
1274 5003 1324 5055 191
1349 5009 1420 5057 Haut
1441 5004 1524 5070 aecus]
1547 5007 1600 5057 scil.
1626 4991 1703 5072 duam
1727 5009 1765 5058 sic
1789 5008 1821 5070 t',
1844 5026 1919 5074 secus
1942 5009 1968 5059 P

312 5087 362 5140 198
380 5093 463 5142 Bestia
486 5095 653 5160 pennipotcns
677 5111 803 5158 arperrcr.
827 5093 920 5160 cupido
944 5093 1005 5143 dicit
1025 5093 1046 5141 0
1154 5090 1203 5142 199
1222 5093 1383 5143 llorrendum
1405 5092 1433 5142 E
1500 5111 1540 5144 mo
1563 5111 1610 5142 om.
1634 5093 1693 5144 PE
1794 5089 1847 5145 200
1865 5105 1890 5148 et
1908 5095 1968 5146 PE

309 5179 429 5244 accingor
454 5179 477 5228 U
593 5177 642 5230 201
662 5197 710 5246 ego
733 5199 780 5231 orn.
802 5183 824 5230 t'
889 5181 980 5230 intesta
1009 5198 1113 5230 ruanens
1131 5175 1156 5231 't'
1222 5181 1338 5230 hostibus
1361 5179 1452 5230 adsum
1477 5179 1499 5228 C
1617 5177 1669 5230 ‘202
1687 5183 1725 5230 Ex
1748 5181 1879 5246 inprouiso
1901 5191 1927 5233 et
1947 5183 1968 5233 C

309 5266 387 5316 strofa
414 5265 510 5316 fallatia
530 5265 559 5330 P,
586 5265 697 5332 stropha]
725 5268 813 5318 fraude
833 5268 855 5316 (J
954 5263 1006 5316 993
1030 5284 1153 5317 numerus
1174 5284 1222 5318 nec
1246 5267 1269 5317 C
1378 5262 1431 5316 204
1450 5267 1519 5331 quod
1536 5265 1598 5316 PE
1665 5265 1806 5335 strophosa]
1832 5268 1919 5318 dolosa
1947 5269 1969 5318 U

309 5353 398 5418 perimi
420 5351 480 5401 PE
581 5349 633 5403 ‘205
651 5352 781 5418 temerare]
810 5354 905 5404 uiolare
931 5353 953 5402 (J
1054 5351 1105 5404 206
1124 5369 1204 5404 necno
1223 5369 1296 5420 pares
1319 5354 1486 5419 propriosque
1512 5353 1545 5416 0,
1572 5353 1665 5420 paritor
1683 5369 1756 5420 parea
1780 5353 1811 5418 P,
1835 5361 1919 5420 patres
1939 5353 1968 5422 da*

310 5434 360 5488 207
379 5440 451 5490 Haut
470 5439 492 5490 t'
557 5456 632 5502 aecus
651 5439 676 5490 P
785 5437 836 5491 ‘208
853 5442 933 5492 multo
953 5441 978 5490 P

415 5605 441 5674 1)
466 5607 542 5675 Vero.
567 5611 635 5663 Aen.
659 5610 690 5678 V,
712 5609 772 5663 281».
860 5610 887 5674 2)
911 5610 987 5680 Verp.
1012 5612 1080 5664 Aeo.
1099 5611 1160 5672 111,
1179 5609 1213 5664 56
1237 5609 1305 5680 quid
1329 5597 1385 5662 non
1402 5607 1534 5663 mortalia
1554 5609 1667 5678 pectora
1685 5609 1769 5678 cogis.
1856 5609 1884 5676 3)
1897 5610 1965 5663 Aea.

311 5709 372 5772 ΙΙΙ,
391 5710 440 5763 691
461 5711 520 5764 Nec
538 5711 599 5766 visu
617 5713 707 5768 facilis
725 5731 776 5769 nec
794 5715 872 5769 dictu
891 5713 1021 5768 adfabilis
1038 5713 1098 5768 ulli.
1167 5715 1196 5782 4)
1216 5713 1260 5783 Cf.
1278 5727 1367 5781 supra
1384 5728 1409 5765 c.
1427 5712 1470 5765 21.

380 5809 484 5860 Pomm
501 5823 585 5860 currui
602 5813 797 5864 scvrcaaotrm
809 5811 828 5864 l.
1742 5808 1759 5860 2
