4574 6442
988 405 1098 459 PAULI
1116 405 1162 458 ΕΤ
1181 403 1290 458 PETRI
1309 403 1486 458 curtulum.

776 579 887 664 Regis
910 586 944 644 et
968 579 1109 643 inmensi
1131 577 1235 642 fretus
1259 579 1385 664 pietate
1408 579 1567 664 polorum,

774 683 940 748 Vernanti
963 683 1026 747 huo
1049 681 1180 747 domino
1203 683 1388 768 properasti
1411 688 1544 767 pectore
1569 681 1699 745 Christo

774 787 918 852 Subdita
941 787 1026 852 colla
1047 786 1126 850 dare
1149 784 1324 850 Benedicti
1347 784 1388 848 ad
1412 793 1507 870 septe
1529 786 1636 850 beati:

774 892 952 980 Exemplis
974 912 1052 955 mox
1075 897 1183 955 comto
1206 891 1272 954 tuis
1295 891 1352 954 ubi
1375 891 1483 954 contio
1508 911 1599 954 secra

774 996 863 1060 Tum
885 996 981 1060 inber
1003 1003 1039 1058 ut
1062 995 1191 1078 fulgens
1215 994 1324 1079 caepit
1347 992 1474 1058 rediere
1499 995 1653 1059 coruscis.

773 1101 875 1166 Inte
899 1121 973 1163 nam
996 1100 1103 1186 pietas
1127 1099 1262 1183 iugiter,
1286 1097 1420 1163 dilectio
1442 1098 1557 1166 dulcis.

774 1205 806 1269 N
812 1210 961 1269 ectareus
986 1211 1019 1268 et
1041 1203 1131 1289 pacis
1154 1224 1255 1281 arnor,
1279 1202 1439 1287 patientia
1461 1203 1588 1280 victrix,

776 1307 983 1394 Simplicitas
1007 1309 1123 1373 soliers
1147 1307 1304 1386 mimium,
1329 1305 1503 1371 concordia
1526 1328 1661 1378 summa,

777 1411 887 1476 Omne
912 1411 1071 1496 simulque
1094 1410 1216 1475 bonum
1238 1432 1380 1496 sempor,
1403 1409 1600 1490 venerande,
1623 1410 1785 1475 manebat.

774 1516 874 1580 Nune
897 1514 970 1578 ideo
995 1511 1079 1578 caeli
1102 1522 1134 1579 te
1158 1534 1308 1600 gemmea
1331 1534 1433 1597 regna
1456 1519 1637 1586 retentant;

776 1618 951 1683 Sideream
975 1619 1097 1683 retines
1120 1618 1243 1706 pariter
1265 1637 1324 1701 per
1347 1617 1458 1680 saeclo
1480 1637 1634 1680 coronam
1648 1619 1668 1679 ¹.

775 1861 849 1926 Hoc
872 1859 943 1938 tibi,
966 1879 1067 1944 posco
1091 1879 1193 1936 secer,
1217 1862 1346 1941 gratum
1369 1858 1411 1920 sit
1434 1877 1566 1921 carmon
1587 1856 1731 1938 honoris,

847 1961 975 2026 Hildric
1000 1984 1041 2026 cn
1065 1963 1169 2026 cecini
1193 1961 1279 2047 quod
1302 1960 1499 2026 lacrimando
1524 1971 1609 2025 tuus.

777 2071 884 2145 Quem
907 2070 1053 2155 requiem
1076 2077 1210 2155 captare
1233 2069 1298 2134 tuis
1322 2069 1372 2132 fae
1395 2089 1498 2153 queso
1522 2089 1701 2153 perennem

845 2173 989 2238 Sacratis
1013 2174 1177 2260 precibus,
1202 2195 1332 2260 semper
1356 2171 1494 2236 amande
1518 2177 1620 2257 peter.

516 2503 552 2557 30
569 2507 620 2558 tuis
638 2505 717 2570 Mun,
735 2505 837 2556 ecarrztit
854 2522 903 2554 ron
920 2505 949 2554 in
968 2503 991 2554 C
1089 2501 1124 2554 35
1141 2505 1287 2566 uenerando
1308 2504 1330 2554 C

515 2680 539 2742 1)
560 2677 608 2731 Ex
621 2677 723 2746 prioris
744 2693 870 2729 versuum
889 2643 1063 2744 sirrpufcrum
1080 2675 1170 2729 literis
1188 2676 1327 2742 feriuntur
1346 2691 1456 2728 versos:

900 2777 1003 2830 Paulus
1022 2777 1125 2830 hierita
1146 2776 1242 2832 doctor
1261 2778 1418 2847 praeclarus
1437 2781 1465 2831 et
1484 2777 1585 2832 insons.
