<?xml version="1.0" encoding="UTF-8"?>
<!DOCTYPE html PUBLIC "-//W3C//DTD XHTML 1.0 Transitional//EN"
    "http://www.w3.org/TR/xhtml1/DTD/xhtml1-transitional.dtd">
<html xmlns="http://www.w3.org/1999/xhtml" xml:lang="en" lang="en">
 <head>
  <title>
</title>
<meta http-equiv="Content-Type" content="text/html;charset=utf-8" />
  <meta name='ocr-system' content='tesseract 3.04.00' />
  <meta name='ocr-capabilities' content='ocr_page ocr_carea ocr_par ocr_line ocrx_word'/>
</head>
<body>
  <div class='ocr_page' id='page_1' title='image "./monumentagerman01unkngoog/monumentagerman01unkngoog_0585.png"; bbox 0 0 4612 6414; ppageno 0'>
   <div class='ocr_carea' id='block_1_1' title="bbox 1033 404 1434 460">
    <p class='ocr_par' dir='ltr' id='par_1_1' title="bbox 1033 404 1434 460">
     <span class='ocr_line' id='line_1_1' title="bbox 1033 404 1434 460; baseline 0 -2"><span class='ocrx_word' id='word_1_1' title='bbox 1033 404 1240 460; x_wconf 85' lang='lat' dir='ltr'><strong>THEODULFI</strong></span> <span class='ocrx_word' id='word_1_2' title='bbox 1258 405 1434 460; x_wconf 80' lang='lat' dir='ltr'><strong>CARMINA.</strong></span> 
     </span>
    </p>
   </div>
   <div class='ocr_carea' id='block_1_2' title="bbox 640 577 1763 3552">
    <p class='ocr_par' dir='ltr' id='par_1_2' title="bbox 640 577 1763 3552">
     <span class='ocr_line' id='line_1_2' title="bbox 709 577 1566 664; baseline -0.002 -22"><span class='ocrx_word' id='word_1_3' title='bbox 709 599 720 634; x_wconf 73' lang='lat'><strong>⁵</strong></span> <span class='ocrx_word' id='word_1_4' title='bbox 778 577 912 642; x_wconf 82' lang='lat' dir='ltr'><strong>Utiliter</strong></span> <span class='ocrx_word' id='word_1_5' title='bbox 934 599 1015 664; x_wconf 88' lang='lat' dir='ltr'><strong>puer</strong></span> <span class='ocrx_word' id='word_1_6' title='bbox 1037 578 1069 642; x_wconf 91' lang='lat' dir='ltr'><strong>iu</strong></span> <span class='ocrx_word' id='word_1_7' title='bbox 1091 578 1204 662; x_wconf 90' lang='lat' dir='ltr'><strong>primis</strong></span> <span class='ocrx_word' id='word_1_8' title='bbox 1227 599 1293 642; x_wconf 92' lang='lat' dir='ltr'><strong>uon</strong></span> <span class='ocrx_word' id='word_1_9' title='bbox 1314 577 1433 642; x_wconf 89' lang='lat' dir='ltr'><strong>militat</strong></span> <span class='ocrx_word' id='word_1_10' title='bbox 1461 578 1566 656; x_wconf 90' lang='lat' dir='ltr'><strong>annis,</strong></span> 
     </span>
     <span class='ocr_line' id='line_1_3' title="bbox 862 679 1619 767; baseline 0 -23"><span class='ocrx_word' id='word_1_11' title='bbox 862 680 973 766; x_wconf 84' lang='lat' dir='ltr'>Digna</span> <span class='ocrx_word' id='word_1_12' title='bbox 995 679 1053 746; x_wconf 88' lang='lat' dir='ltr'><strong>sed</strong></span> <span class='ocrx_word' id='word_1_13' title='bbox 1076 689 1233 767; x_wconf 82' lang='lat' dir='ltr'><strong>expertus</strong></span> <span class='ocrx_word' id='word_1_14' title='bbox 1256 681 1403 767; x_wconf 88' lang='lat' dir='ltr'><strong>praemia</strong></span> <span class='ocrx_word' id='word_1_15' title='bbox 1425 687 1498 766; x_wconf 87' lang='lat' dir='ltr'><strong>tyro</strong></span> <span class='ocrx_word' id='word_1_16' title='bbox 1522 681 1619 766; x_wconf 91' lang='lat' dir='ltr'><strong>capit.</strong></span> 
     </span>
     <span class='ocr_line' id='line_1_4' title="bbox 778 783 1763 870; baseline -0.001 -21"><span class='ocrx_word' id='word_1_17' title='bbox 778 783 853 849; x_wconf 93' lang='lat' dir='ltr'><strong>Non</strong></span> <span class='ocrx_word' id='word_1_18' title='bbox 876 784 976 850; x_wconf 87' lang='lat' dir='ltr'><strong>audet</strong></span> <span class='ocrx_word' id='word_1_19' title='bbox 998 805 1073 848; x_wconf 89' lang='lat' dir='ltr'><strong>nam</strong></span> <span class='ocrx_word' id='word_1_20' title='bbox 1096 790 1197 848; x_wconf 89' lang='lat' dir='ltr'><strong>nauta</strong></span> <span class='ocrx_word' id='word_1_21' title='bbox 1220 789 1323 849; x_wconf 89' lang='lat' dir='ltr'><strong>ratem</strong></span> <span class='ocrx_word' id='word_1_22' title='bbox 1346 784 1468 848; x_wconf 87' lang='lat' dir='ltr'><strong>intrare</strong></span> <span class='ocrx_word' id='word_1_23' title='bbox 1489 783 1613 870; x_wconf 85' lang='lat' dir='ltr'><strong>absquo</strong></span> <span class='ocrx_word' id='word_1_24' title='bbox 1637 791 1763 869; x_wconf 89' lang='lat' dir='ltr'><strong>paratu,</strong></span> 
     </span>
     <span class='ocr_line' id='line_1_5' title="bbox 863 887 1662 975; baseline 0.003 -23"><span class='ocrx_word' id='word_1_25' title='bbox 863 889 1041 975; x_wconf 80' lang='lat' dir='ltr'><strong>Temptans</strong></span> <span class='ocrx_word' id='word_1_26' title='bbox 1065 889 1237 974; x_wconf 89' lang='lat' dir='ltr'><strong>navigeras</strong></span> <span class='ocrx_word' id='word_1_27' title='bbox 1260 887 1368 952; x_wconf 75' lang='lat' dir='ltr'><strong>&#39;l&#39;ifinl</strong></span> <span class='ocrx_word' id='word_1_28' title='bbox 1390 888 1525 953; x_wconf 90' lang='lat' dir='ltr'><strong>inermis</strong></span> <span class='ocrx_word' id='word_1_29' title='bbox 1551 911 1662 975; x_wconf 89' lang='lat' dir='ltr'><strong>aquas.</strong></span> 
     </span>
     <span class='ocr_line' id='line_1_6' title="bbox 780 991 1758 1080; baseline 0.002 -24"><span class='ocrx_word' id='word_1_30' title='bbox 780 993 861 1058; x_wconf 83' lang='lat' dir='ltr'><strong>Arte</strong></span> <span class='ocrx_word' id='word_1_31' title='bbox 884 991 991 1056; x_wconf 80' lang='lat' dir='ltr'><strong>rudis²</strong></span> <span class='ocrx_word' id='word_1_32' title='bbox 1015 1013 1089 1056; x_wconf 91' lang='lat' dir='ltr'><strong>cum</strong></span> <span class='ocrx_word' id='word_1_33' title='bbox 1113 993 1185 1072; x_wconf 87' lang='lat' dir='ltr'><strong>sim,</strong></span> <span class='ocrx_word' id='word_1_34' title='bbox 1210 993 1256 1056; x_wconf 90' lang='lat' dir='ltr'><strong>sio</strong></span> <span class='ocrx_word' id='word_1_35' title='bbox 1279 1013 1331 1057; x_wconf 89' lang='lat' dir='ltr'><strong>me</strong></span> <span class='ocrx_word' id='word_1_36' title='bbox 1358 1012 1487 1078; x_wconf 86' lang='lat' dir='ltr'><strong>quoque</strong></span> <span class='ocrx_word' id='word_1_37' title='bbox 1510 1013 1607 1079; x_wconf 84' lang='lat' dir='ltr'><strong>posse</strong></span> <span class='ocrx_word' id='word_1_38' title='bbox 1631 994 1758 1080; x_wconf 84' lang='lat' dir='ltr'><strong>negabo</strong></span> 
     </span>
     <span class='ocr_line' id='line_1_7' title="bbox 640 1094 1508 1180; baseline 0.008 -26"><span class='ocrx_word' id='word_1_39' title='bbox 640 1151 646 1166; x_wconf 87' lang='grc'><strong><em>,</em></strong></span> <span class='ocrx_word' id='word_1_40' title='bbox 700 1117 725 1154; x_wconf 81' lang='lat'><strong>1⁰</strong></span> <span class='ocrx_word' id='word_1_41' title='bbox 867 1094 1081 1180; x_wconf 86' lang='lat' dir='ltr'><strong>Respondere</strong></span> <span class='ocrx_word' id='word_1_42' title='bbox 1104 1096 1169 1160; x_wconf 85' lang='lat' dir='ltr'><strong>tuis</strong></span> <span class='ocrx_word' id='word_1_43' title='bbox 1192 1094 1343 1160; x_wconf 81' lang='lat' dir='ltr'><strong>versibus</strong></span> <span class='ocrx_word' id='word_1_44' title='bbox 1367 1095 1508 1161; x_wconf 85' lang='lat' dir='ltr'><strong>eximiis.</strong></span> 
     </span>
     <span class='ocr_line' id='line_1_8' title="bbox 781 1197 1712 1285; baseline -0.001 -22"><span class='ocrx_word' id='word_1_45' title='bbox 781 1199 866 1264; x_wconf 91' lang='lat' dir='ltr'><strong>Vilis</strong></span> <span class='ocrx_word' id='word_1_46' title='bbox 888 1197 976 1284; x_wconf 91' lang='lat' dir='ltr'><strong>apud</strong></span> <span class='ocrx_word' id='word_1_47' title='bbox 998 1197 1113 1262; x_wconf 85' lang='lat' dir='ltr'><strong>doctos</strong></span> <span class='ocrx_word' id='word_1_48' title='bbox 1136 1219 1276 1284; x_wconf 89' lang='lat' dir='ltr'><strong>namque</strong></span> <span class='ocrx_word' id='word_1_49' title='bbox 1300 1203 1352 1263; x_wconf 87' lang='lat' dir='ltr'><strong>est</strong></span> <span class='ocrx_word' id='word_1_50' title='bbox 1374 1219 1448 1263; x_wconf 88' lang='lat' dir='ltr'><strong>mea</strong></span> <span class='ocrx_word' id='word_1_51' title='bbox 1469 1198 1565 1263; x_wconf 86' lang='lat' dir='ltr'><strong>Musa</strong></span> <span class='ocrx_word' id='word_1_52' title='bbox 1587 1205 1712 1285; x_wconf 90' lang='lat' dir='ltr'><strong>poetas,</strong></span> 
     </span>
     <span class='ocr_line' id='line_1_9' title="bbox 866 1301 1708 1387; baseline -0.001 -21"><span class='ocrx_word' id='word_1_53' title='bbox 866 1301 1016 1367; x_wconf 79' lang='lat' dir='ltr'>Condere</span> <span class='ocrx_word' id='word_1_54' title='bbox 1040 1302 1081 1366; x_wconf 93' lang='lat' dir='ltr'><strong>ob</strong></span> <span class='ocrx_word' id='word_1_55' title='bbox 1105 1301 1168 1366; x_wconf 94' lang='lat' dir='ltr'><strong>hoc</strong></span> <span class='ocrx_word' id='word_1_56' title='bbox 1190 1301 1318 1365; x_wconf 92' lang='lat' dir='ltr'><strong>nullum</strong></span> <span class='ocrx_word' id='word_1_57' title='bbox 1341 1301 1485 1366; x_wconf 81' lang='lat' dir='ltr'><strong>carmine</strong></span> <span class='ocrx_word' id='word_1_58' title='bbox 1507 1301 1594 1366; x_wconf 88' lang='lat' dir='ltr'><strong>nitar</strong></span> <span class='ocrx_word' id='word_1_59' title='bbox 1616 1322 1708 1387; x_wconf 91' lang='lat' dir='ltr'><strong>opus.</strong></span> 
     </span>
     <span class='ocr_line' id='line_1_10' title="bbox 786 1405 1645 1491; baseline -0.002 -19"><span class='ocrx_word' id='word_1_60' title='bbox 786 1405 852 1472; x_wconf 84' lang='lat' dir='ltr'><strong>Sed</strong></span> <span class='ocrx_word' id='word_1_61' title='bbox 874 1427 927 1472; x_wconf 89' lang='lat' dir='ltr'><strong>me</strong></span> <span class='ocrx_word' id='word_1_62' title='bbox 953 1412 1162 1471; x_wconf 80' lang='lat' dir='ltr'><strong>cunctantem</strong></span> <span class='ocrx_word' id='word_1_63' title='bbox 1185 1405 1342 1491; x_wconf 90' lang='lat' dir='ltr'><strong>conpellit</strong></span> <span class='ocrx_word' id='word_1_64' title='bbox 1365 1405 1504 1491; x_wconf 88' lang='lat' dir='ltr'><strong>epistola</strong></span> <span class='ocrx_word' id='word_1_65' title='bbox 1525 1413 1645 1484; x_wconf 82' lang='lat' dir='ltr'><strong>vestra,</strong></span> 
     </span>
     <span class='ocr_line' id='line_1_11' title="bbox 867 1508 1696 1595; baseline 0 -22"><span class='ocrx_word' id='word_1_66' title='bbox 867 1509 1017 1574; x_wconf 85' lang='lat' dir='ltr'><strong>Scribere</strong></span> <span class='ocrx_word' id='word_1_67' title='bbox 1041 1509 1226 1595; x_wconf 82' lang='lat' dir='ltr'><strong>disparibus</strong></span> <span class='ocrx_word' id='word_1_68' title='bbox 1251 1509 1394 1573; x_wconf 87' lang='lat' dir='ltr'><strong>carmina</strong></span> <span class='ocrx_word' id='word_1_69' title='bbox 1415 1529 1491 1573; x_wconf 88' lang='lat' dir='ltr'><strong>nam</strong></span> <span class='ocrx_word' id='word_1_70' title='bbox 1513 1508 1696 1584; x_wconf 81' lang='lat' dir='ltr'><strong>numeris⁸;</strong></span> 
     </span>
     <span class='ocr_line' id='line_1_12' title="bbox 703 1611 1636 1676; baseline 0.002 -4"><span class='ocrx_word' id='word_1_71' title='bbox 703 1635 726 1672; x_wconf 84' lang='lat' dir='ltr'><strong>n</strong></span> <span class='ocrx_word' id='word_1_72' title='bbox 786 1611 829 1676; x_wconf 84' lang='lat' dir='ltr'><strong>Et</strong></span> <span class='ocrx_word' id='word_1_73' title='bbox 851 1612 943 1676; x_wconf 91' lang='lat' dir='ltr'><strong>molli</strong></span> <span class='ocrx_word' id='word_1_74' title='bbox 966 1611 1081 1676; x_wconf 89' lang='lat' dir='ltr'><strong>durum</strong></span> <span class='ocrx_word' id='word_1_75' title='bbox 1104 1633 1190 1676; x_wconf 91' lang='lat' dir='ltr'><strong>nunc</strong></span> <span class='ocrx_word' id='word_1_76' title='bbox 1214 1631 1311 1676; x_wconf 87' lang='lat' dir='ltr'><strong>cerae</strong></span> <span class='ocrx_word' id='word_1_77' title='bbox 1334 1611 1491 1676; x_wconf 89' lang='lat' dir='ltr'><strong>inducere</strong></span> <span class='ocrx_word' id='word_1_78' title='bbox 1514 1611 1636 1676; x_wconf 89' lang='lat' dir='ltr'><strong>ferrum</strong></span> 
     </span>
     <span class='ocr_line' id='line_1_13' title="bbox 863 1701 1587 1800; baseline -0.003 -20"><span class='ocrx_word' id='word_1_79' title='bbox 863 1715 983 1800; x_wconf 81' lang='lat' dir='ltr'><strong>Cogor,</strong></span> <span class='ocrx_word' id='word_1_80' title='bbox 1006 1723 1040 1780; x_wconf 91' lang='lat' dir='ltr'><strong>et</strong></span> <span class='ocrx_word' id='word_1_81' title='bbox 1061 1717 1191 1780; x_wconf 88' lang='lat' dir='ltr'><strong>insueto</strong></span> <span class='ocrx_word' id='word_1_82' title='bbox 1215 1723 1329 1780; x_wconf 87' lang='lat' dir='ltr'><strong>texere</strong></span> <span class='ocrx_word' id='word_1_83' title='bbox 1352 1713 1455 1780; x_wconf 89' lang='lat' dir='ltr'><strong>verba</strong></span> <span class='ocrx_word' id='word_1_84' title='bbox 1479 1701 1587 1780; x_wconf 92' lang='lat' dir='ltr'><strong>modo.</strong></span> 
     </span>
     <span class='ocr_line' id='line_1_14' title="bbox 762 1816 1716 1898; baseline 0 -16"><span class='ocrx_word' id='word_1_85' title='bbox 762 1818 867 1892; x_wconf 76' lang='lat' dir='ltr'><strong>&#39;Quin</strong></span> <span class='ocrx_word' id='word_1_86' title='bbox 891 1819 990 1883; x_wconf 92' lang='lat' dir='ltr'><strong>immo</strong></span> <span class='ocrx_word' id='word_1_87' title='bbox 1012 1818 1194 1882; x_wconf 88' lang='lat' dir='ltr'><strong>inmodicus</strong></span> <span class='ocrx_word' id='word_1_88' title='bbox 1217 1816 1392 1882; x_wconf 87' lang='lat' dir='ltr'><strong>dicendum</strong></span> <span class='ocrx_word' id='word_1_89' title='bbox 1416 1825 1467 1882; x_wconf 88' lang='lat' dir='ltr'><strong>est</strong></span> <span class='ocrx_word' id='word_1_90' title='bbox 1489 1818 1550 1884; x_wconf 89' lang='lat' dir='ltr'><strong>rite</strong></span> <span class='ocrx_word' id='word_1_91' title='bbox 1573 1817 1716 1898; x_wconf 93' lang='lat' dir='ltr'><strong>libellus,</strong></span> 
     </span>
     <span class='ocr_line' id='line_1_15' title="bbox 866 1920 1668 2008; baseline 0.002 -24"><span class='ocrx_word' id='word_1_92' title='bbox 866 1920 987 1985; x_wconf 83' lang='lat' dir='ltr'><strong>Attulit</strong></span> <span class='ocrx_word' id='word_1_93' title='bbox 1010 1943 1050 1985; x_wconf 90' lang='lat' dir='ltr'><strong>cn</strong></span> <span class='ocrx_word' id='word_1_94' title='bbox 1073 1921 1194 1985; x_wconf 90' lang='lat' dir='ltr'><strong>missus</strong></span> <span class='ocrx_word' id='word_1_95' title='bbox 1218 1920 1305 2006; x_wconf 92' lang='lat' dir='ltr'><strong>quod</strong></span> <span class='ocrx_word' id='word_1_96' title='bbox 1327 1921 1407 1984; x_wconf 89' lang='lat' dir='ltr'><strong>mihi</strong></span> <span class='ocrx_word' id='word_1_97' title='bbox 1430 1928 1550 2000; x_wconf 82' lang='lat' dir='ltr'><strong>vester,</strong></span> <span class='ocrx_word' id='word_1_98' title='bbox 1575 1943 1668 2008; x_wconf 92' lang='lat' dir='ltr'><strong>opus.</strong></span> 
     </span>
     <span class='ocr_line' id='line_1_16' title="bbox 785 2023 1578 2109; baseline 0.001 -22"><span class='ocrx_word' id='word_1_99' title='bbox 785 2023 917 2088; x_wconf 81' lang='lat' dir='ltr'><strong>Audisti</strong></span> <span class='ocrx_word' id='word_1_100' title='bbox 940 2025 1091 2109; x_wconf 88' lang='lat' dir='ltr'><strong>antiquos</strong></span> <span class='ocrx_word' id='word_1_101' title='bbox 1114 2023 1224 2088; x_wconf 88' lang='lat' dir='ltr'><strong>verbis</strong></span> <span class='ocrx_word' id='word_1_102' title='bbox 1248 2023 1294 2088; x_wconf 91' lang='lat' dir='ltr'><strong>ita</strong></span> <span class='ocrx_word' id='word_1_103' title='bbox 1316 2023 1429 2088; x_wconf 89' lang='lat' dir='ltr'><strong>ludera</strong></span> <span class='ocrx_word' id='word_1_104' title='bbox 1452 2023 1578 2104; x_wconf 87' lang='lat' dir='ltr'><strong>amicis,</strong></span> 
     </span>
     <span class='ocr_line' id='line_1_17' title="bbox 703 2126 1603 2213; baseline 0.004 -25"><span class='ocrx_word' id='word_1_105' title='bbox 703 2149 729 2188; x_wconf 77' lang='lat' dir='ltr'><strong>so</strong></span> <span class='ocrx_word' id='word_1_106' title='bbox 874 2126 981 2213; x_wconf 79' lang='lat' dir='ltr'><strong>Saepe</strong></span> <span class='ocrx_word' id='word_1_107' title='bbox 1005 2129 1104 2192; x_wconf 90' lang='lat' dir='ltr'><strong>ctiam</strong></span> <span class='ocrx_word' id='word_1_108' title='bbox 1127 2126 1226 2191; x_wconf 93' lang='lat' dir='ltr'><strong>didici</strong></span> <span class='ocrx_word' id='word_1_109' title='bbox 1249 2127 1311 2191; x_wconf 94' lang='lat' dir='ltr'><strong>hoc</strong></span> <span class='ocrx_word' id='word_1_110' title='bbox 1335 2133 1369 2192; x_wconf 88' lang='lat' dir='ltr'><strong>et</strong></span> <span class='ocrx_word' id='word_1_111' title='bbox 1391 2127 1432 2191; x_wconf 88' lang='lat' dir='ltr'><strong>ab</strong></span> <span class='ocrx_word' id='word_1_112' title='bbox 1456 2148 1513 2191; x_wconf 87' lang='lat' dir='ltr'><strong>ore</strong></span> <span class='ocrx_word' id='word_1_113' title='bbox 1536 2133 1603 2206; x_wconf 90' lang='lat' dir='ltr'><strong>tuo,</strong></span> 
     </span>
     <span class='ocr_line' id='line_1_18' title="bbox 785 2230 1624 2316; baseline 0 -22"><span class='ocrx_word' id='word_1_114' title='bbox 785 2231 953 2295; x_wconf 82' lang='lat' dir='ltr'><strong>Musarum</strong></span> <span class='ocrx_word' id='word_1_115' title='bbox 976 2230 1063 2315; x_wconf 87' lang='lat' dir='ltr'><strong>quod</strong></span> <span class='ocrx_word' id='word_1_116' title='bbox 1084 2232 1179 2316; x_wconf 92' lang='lat' dir='ltr'><strong>inops</strong></span> <span class='ocrx_word' id='word_1_117' title='bbox 1203 2231 1289 2295; x_wconf 89' lang='lat' dir='ltr'><strong>norit</strong></span> <span class='ocrx_word' id='word_1_118' title='bbox 1312 2251 1376 2294; x_wconf 90' lang='lat' dir='ltr'><strong>uon</strong></span> <span class='ocrx_word' id='word_1_119' title='bbox 1399 2237 1494 2294; x_wconf 89' lang='lat' dir='ltr'><strong>antra</strong></span> <span class='ocrx_word' id='word_1_120' title='bbox 1516 2237 1624 2315; x_wconf 86' lang='lat' dir='ltr'><strong>poeta,</strong></span> 
     </span>
     <span class='ocr_line' id='line_1_19' title="bbox 866 2332 1638 2418; baseline -0.003 -20"><span class='ocrx_word' id='word_1_121' title='bbox 866 2332 933 2398; x_wconf 84' lang='lat' dir='ltr'><strong>Sed</strong></span> <span class='ocrx_word' id='word_1_122' title='bbox 956 2333 1022 2398; x_wconf 90' lang='lat' dir='ltr'><strong>dici</strong></span> <span class='ocrx_word' id='word_1_123' title='bbox 1045 2333 1085 2398; x_wconf 90' lang='lat' dir='ltr'><strong>do</strong></span> <span class='ocrx_word' id='word_1_124' title='bbox 1109 2355 1160 2398; x_wconf 88' lang='lat' dir='ltr'><strong>me</strong></span> <span class='ocrx_word' id='word_1_125' title='bbox 1185 2333 1247 2397; x_wconf 90' lang='lat' dir='ltr'><strong>hoo</strong></span> <span class='ocrx_word' id='word_1_126' title='bbox 1271 2353 1400 2418; x_wconf 89' lang='lat' dir='ltr'><strong>qnoque</strong></span> <span class='ocrx_word' id='word_1_127' title='bbox 1424 2334 1494 2398; x_wconf 89' lang='lat' dir='ltr'><strong>iure</strong></span> <span class='ocrx_word' id='word_1_128' title='bbox 1518 2339 1638 2418; x_wconf 87' lang='lat' dir='ltr'><strong>potest.</strong></span> 
     </span>
     <span class='ocr_line' id='line_1_20' title="bbox 784 2435 1574 2522; baseline -0.004 -19"><span class='ocrx_word' id='word_1_129' title='bbox 784 2437 942 2503; x_wconf 91' lang='lat' dir='ltr'><strong>Nonnulli</strong></span> <span class='ocrx_word' id='word_1_130' title='bbox 965 2435 1137 2501; x_wconf 90' lang='lat' dir='ltr'><strong>adfirmant</strong></span> <span class='ocrx_word' id='word_1_131' title='bbox 1160 2437 1260 2501; x_wconf 88' lang='lat' dir='ltr'><strong>etiam</strong></span> <span class='ocrx_word' id='word_1_132' title='bbox 1283 2437 1426 2500; x_wconf 78' lang='lat' dir='ltr'><strong>insanire</strong></span> <span class='ocrx_word' id='word_1_133' title='bbox 1449 2443 1574 2522; x_wconf 89' lang='lat' dir='ltr'><strong>poetas,</strong></span> 
     </span>
     <span class='ocr_line' id='line_1_21' title="bbox 868 2538 1657 2604; baseline -0.003 0"><span class='ocrx_word' id='word_1_134' title='bbox 868 2539 1023 2604; x_wconf 84' lang='lat' dir='ltr'><strong>Carmina</strong></span> <span class='ocrx_word' id='word_1_135' title='bbox 1045 2538 1121 2603; x_wconf 91' lang='lat' dir='ltr'><strong>dum</strong></span> <span class='ocrx_word' id='word_1_136' title='bbox 1146 2545 1294 2603; x_wconf 89' lang='lat' dir='ltr'><strong>statuunt</strong></span> <span class='ocrx_word' id='word_1_137' title='bbox 1316 2545 1428 2604; x_wconf 87' lang='lat' dir='ltr'><strong>mente</strong></span> <span class='ocrx_word' id='word_1_138' title='bbox 1452 2559 1564 2603; x_wconf 87' lang='lat' dir='ltr'><strong>carere</strong></span> <span class='ocrx_word' id='word_1_139' title='bbox 1588 2559 1657 2603; x_wconf 86' lang='lat' dir='ltr'><strong>sua.</strong></span> 
     </span>
     <span class='ocr_line' id='line_1_22' title="bbox 703 2641 1676 2729; baseline 0.003 -26"><span class='ocrx_word' id='word_1_140' title='bbox 703 2665 727 2703; x_wconf 79' lang='lat' dir='ltr'><strong>n</strong></span> <span class='ocrx_word' id='word_1_141' title='bbox 787 2644 849 2708; x_wconf 87' lang='lat' dir='ltr'><strong>Ast</strong></span> <span class='ocrx_word' id='word_1_142' title='bbox 871 2643 967 2707; x_wconf 93' lang='lat' dir='ltr'><strong>nobis</strong></span> <span class='ocrx_word' id='word_1_143' title='bbox 990 2644 1119 2727; x_wconf 89' lang='lat' dir='ltr'><strong>integra</strong></span> <span class='ocrx_word' id='word_1_144' title='bbox 1140 2648 1252 2706; x_wconf 89' lang='lat' dir='ltr'><strong>manet</strong></span> <span class='ocrx_word' id='word_1_145' title='bbox 1273 2663 1367 2706; x_wconf 91' lang='lat' dir='ltr'><strong>mens</strong></span> <span class='ocrx_word' id='word_1_146' title='bbox 1389 2642 1471 2729; x_wconf 88' lang='lat' dir='ltr'><strong>ipsa,</strong></span> <span class='ocrx_word' id='word_1_147' title='bbox 1493 2663 1555 2707; x_wconf 90' lang='lat' dir='ltr'><strong>nec</strong></span> <span class='ocrx_word' id='word_1_148' title='bbox 1577 2641 1676 2708; x_wconf 88' lang='lat' dir='ltr'><strong>audet</strong></span> 
     </span>
     <span class='ocr_line' id='line_1_23' title="bbox 864 2745 1505 2832; baseline -0.006 -22"><span class='ocrx_word' id='word_1_149' title='bbox 864 2745 1010 2831; x_wconf 87' lang='lat' dir='ltr'><strong>Longius</strong></span> <span class='ocrx_word' id='word_1_150' title='bbox 1034 2747 1156 2810; x_wconf 88' lang='lat' dir='ltr'><strong>amisso</strong></span> <span class='ocrx_word' id='word_1_151' title='bbox 1180 2745 1295 2832; x_wconf 86' lang='lat' dir='ltr'><strong>ordine</strong></span> <span class='ocrx_word' id='word_1_152' title='bbox 1318 2745 1411 2810; x_wconf 88' lang='lat' dir='ltr'><strong>abire</strong></span> <span class='ocrx_word' id='word_1_153' title='bbox 1435 2765 1505 2808; x_wconf 89' lang='lat' dir='ltr'><strong>suo.</strong></span> 
     </span>
     <span class='ocr_line' id='line_1_24' title="bbox 788 2847 1676 2935; baseline -0.002 -22"><span class='ocrx_word' id='word_1_154' title='bbox 788 2848 950 2913; x_wconf 83' lang='lat' dir='ltr'><strong>Scandala</strong></span> <span class='ocrx_word' id='word_1_155' title='bbox 973 2847 1031 2914; x_wconf 89' lang='lat' dir='ltr'><strong>sed</strong></span> <span class='ocrx_word' id='word_1_156' title='bbox 1054 2856 1189 2935; x_wconf 89' lang='lat' dir='ltr'><strong>propter</strong></span> <span class='ocrx_word' id='word_1_157' title='bbox 1210 2849 1344 2913; x_wconf 88' lang='lat' dir='ltr'><strong>vitanda</strong></span> <span class='ocrx_word' id='word_1_158' title='bbox 1366 2869 1427 2914; x_wconf 90' lang='lat' dir='ltr'><strong>neo</strong></span> <span class='ocrx_word' id='word_1_159' title='bbox 1450 2849 1576 2934; x_wconf 89' lang='lat' dir='ltr'><strong>appetit</strong></span> <span class='ocrx_word' id='word_1_160' title='bbox 1598 2848 1676 2928; x_wconf 90' lang='lat' dir='ltr'><strong>alta,</strong></span> 
     </span>
     <span class='ocr_line' id='line_1_25' title="bbox 872 2951 1659 3017; baseline 0 -1"><span class='ocrx_word' id='word_1_161' title='bbox 872 2951 1037 3016; x_wconf 82' lang='lat' dir='ltr'><strong>Contenta</strong></span> <span class='ocrx_word' id='word_1_162' title='bbox 1060 2959 1112 3016; x_wconf 91' lang='lat' dir='ltr'><strong>est</strong></span> <span class='ocrx_word' id='word_1_163' title='bbox 1134 2951 1263 3017; x_wconf 89' lang='lat' dir='ltr'><strong>modico</strong></span> <span class='ocrx_word' id='word_1_164' title='bbox 1285 2973 1361 3016; x_wconf 90' lang='lat' dir='ltr'><strong>nam</strong></span> <span class='ocrx_word' id='word_1_165' title='bbox 1384 2951 1553 3016; x_wconf 84' lang='lat' dir='ltr'><strong>moderata</strong></span> <span class='ocrx_word' id='word_1_166' title='bbox 1576 2951 1659 3017; x_wconf 90' lang='lat' dir='ltr'><strong>loco.</strong></span> 
     </span>
     <span class='ocr_line' id='line_1_26' title="bbox 790 3052 1670 3140; baseline 0 -22"><span class='ocrx_word' id='word_1_167' title='bbox 790 3052 867 3136; x_wconf 82' lang='lat' dir='ltr'><strong>Fac,</strong></span> <span class='ocrx_word' id='word_1_168' title='bbox 890 3052 1086 3134; x_wconf 81' lang='lat' dir='ltr'><strong>Theodnlfe,</strong></span> <span class='ocrx_word' id='word_1_169' title='bbox 1108 3076 1200 3119; x_wconf 88' lang='lat' dir='ltr'><strong>meos</strong></span> <span class='ocrx_word' id='word_1_170' title='bbox 1223 3077 1338 3120; x_wconf 83' lang='lat' dir='ltr'><strong>versus</strong></span> <span class='ocrx_word' id='word_1_171' title='bbox 1361 3055 1495 3119; x_wconf 88' lang='lat' dir='ltr'><strong>adverto</strong></span> <span class='ocrx_word' id='word_1_172' title='bbox 1517 3055 1670 3140; x_wconf 88' lang='lat' dir='ltr'><strong>benigne,</strong></span> 
     </span>
     <span class='ocr_line' id='line_1_27' title="bbox 705 3156 1603 3244; baseline 0.006 -28"><span class='ocrx_word' id='word_1_173' title='bbox 705 3178 731 3216; x_wconf 79' lang='lat' dir='ltr'><strong>ao</strong></span> <span class='ocrx_word' id='word_1_174' title='bbox 875 3156 947 3222; x_wconf 89' lang='lat' dir='ltr'><strong>Nec</strong></span> <span class='ocrx_word' id='word_1_175' title='bbox 971 3158 1035 3222; x_wconf 88' lang='lat' dir='ltr'><strong>sint</strong></span> <span class='ocrx_word' id='word_1_176' title='bbox 1058 3158 1207 3244; x_wconf 90' lang='lat' dir='ltr'><strong>dispecta</strong></span> <span class='ocrx_word' id='word_1_177' title='bbox 1231 3159 1374 3223; x_wconf 90' lang='lat' dir='ltr'><strong>carmina</strong></span> <span class='ocrx_word' id='word_1_178' title='bbox 1397 3164 1510 3222; x_wconf 89' lang='lat' dir='ltr'><strong>nostra</strong></span> <span class='ocrx_word' id='word_1_179' title='bbox 1532 3157 1603 3222; x_wconf 93' lang='lat' dir='ltr'><strong>tibi.</strong></span> 
     </span>
     <span class='ocr_line' id='line_1_28' title="bbox 786 3260 1667 3348; baseline 0.001 -24"><span class='ocrx_word' id='word_1_180' title='bbox 786 3261 871 3326; x_wconf 89' lang='lat' dir='ltr'><strong>Nolo</strong></span> <span class='ocrx_word' id='word_1_181' title='bbox 894 3269 1056 3326; x_wconf 81' lang='lat' dir='ltr'><strong>venenato</strong></span> <span class='ocrx_word' id='word_1_182' title='bbox 1079 3270 1193 3327; x_wconf 90' lang='lat' dir='ltr'><strong>nostra</strong></span> <span class='ocrx_word' id='word_1_183' title='bbox 1214 3284 1368 3348; x_wconf 87' lang='lat' dir='ltr'><strong>umquam</strong></span> <span class='ocrx_word' id='word_1_184' title='bbox 1391 3262 1489 3327; x_wconf 90' lang='lat' dir='ltr'><strong>dente</strong></span> <span class='ocrx_word' id='word_1_185' title='bbox 1512 3260 1667 3339; x_wconf 87' lang='lat' dir='ltr'><strong>lacessas,</strong></span> 
     </span>
     <span class='ocr_line' id='line_1_29' title="bbox 873 3364 1523 3431; baseline 0.005 -3"><span class='ocrx_word' id='word_1_186' title='bbox 873 3364 939 3430; x_wconf 83' lang='lat' dir='ltr'><strong>Sed</strong></span> <span class='ocrx_word' id='word_1_187' title='bbox 964 3365 1029 3429; x_wconf 90' lang='lat' dir='ltr'><strong>sint</strong></span> <span class='ocrx_word' id='word_1_188' title='bbox 1052 3365 1171 3430; x_wconf 90' lang='lat' dir='ltr'><strong>iudicio</strong></span> <span class='ocrx_word' id='word_1_189' title='bbox 1196 3367 1341 3431; x_wconf 89' lang='lat' dir='ltr'><strong>carmina</strong></span> <span class='ocrx_word' id='word_1_190' title='bbox 1363 3373 1435 3430; x_wconf 87' lang='lat' dir='ltr'><strong>tuta</strong></span> <span class='ocrx_word' id='word_1_191' title='bbox 1456 3371 1523 3431; x_wconf 90' lang='lat' dir='ltr'><strong>tuo.</strong></span> 
     </span>
     <span class='ocr_line' id='line_1_30' title="bbox 768 3467 1685 3552; baseline 0 -20"><span class='ocrx_word' id='word_1_192' title='bbox 768 3495 771 3502; x_wconf 96' lang='lat'>·</span> <span class='ocrx_word' id='word_1_193' title='bbox 790 3467 826 3532; x_wconf 82' lang='lat' dir='ltr'><strong>Si</strong></span> <span class='ocrx_word' id='word_1_194' title='bbox 850 3489 913 3552; x_wconf 91' lang='lat' dir='ltr'><strong>qua</strong></span> <span class='ocrx_word' id='word_1_195' title='bbox 934 3469 1017 3533; x_wconf 91' lang='lat' dir='ltr'><strong>meis</strong></span> <span class='ocrx_word' id='word_1_196' title='bbox 1040 3469 1181 3534; x_wconf 86' lang='lat' dir='ltr'><strong>fortasse</strong></span> <span class='ocrx_word' id='word_1_197' title='bbox 1204 3475 1241 3534; x_wconf 91' lang='lat' dir='ltr'><strong>nt</strong></span> <span class='ocrx_word' id='word_1_198' title='bbox 1266 3476 1362 3534; x_wconf 85' lang='lat' dir='ltr'><strong>amnt</strong></span> <span class='ocrx_word' id='word_1_199' title='bbox 1383 3474 1491 3533; x_wconf 87' lang='lat' dir='ltr'><strong>errata</strong></span> <span class='ocrx_word' id='word_1_200' title='bbox 1513 3468 1685 3546; x_wconf 77' lang='lat' dir='ltr'><strong>oameuis‘,</strong></span> 
     </span>
    </p>
   </div>
   <div class='ocr_carea' id='block_1_3' title="bbox 706 3570 1727 3758">
    <p class='ocr_par' dir='ltr' id='par_1_3' title="bbox 706 3570 1727 3758">
     <span class='ocr_line' id='line_1_31' title="bbox 877 3570 1727 3656; baseline -0.001 -22"><span class='ocrx_word' id='word_1_201' title='bbox 877 3570 1026 3634; x_wconf 84' lang='lat' dir='ltr'><strong>Cernuus</strong></span> <span class='ocrx_word' id='word_1_202' title='bbox 1050 3571 1132 3636; x_wconf 90' lang='lat' dir='ltr'><strong>baec</strong></span> <span class='ocrx_word' id='word_1_203' title='bbox 1156 3571 1268 3655; x_wconf 89' lang='lat' dir='ltr'><strong>aequis</strong></span> <span class='ocrx_word' id='word_1_204' title='bbox 1292 3571 1431 3656; x_wconf 79' lang='lat' dir='ltr'><strong>respice,</strong></span> <span class='ocrx_word' id='word_1_205' title='bbox 1455 3591 1589 3655; x_wconf 83' lang='lat' dir='ltr'><strong>quaeso,</strong></span> <span class='ocrx_word' id='word_1_206' title='bbox 1613 3570 1727 3634; x_wconf 86' lang='lat' dir='ltr'><strong>oeulis.</strong></span> 
     </span>
     <span class='ocr_line' id='line_1_32' title="bbox 706 3668 1645 3758; baseline 0.002 -27"><span class='ocrx_word' id='word_1_207' title='bbox 706 3693 731 3731; x_wconf 78' lang='lat' dir='ltr'><strong>aa</strong></span> <span class='ocrx_word' id='word_1_208' title='bbox 795 3672 902 3758; x_wconf 83' lang='lat' dir='ltr'><strong>Saepe</strong></span> <span class='ocrx_word' id='word_1_209' title='bbox 925 3691 1045 3756; x_wconf 89' lang='lat' dir='ltr'><strong>queror</strong></span> <span class='ocrx_word' id='word_1_210' title='bbox 1067 3692 1179 3734; x_wconf 89' lang='lat' dir='ltr'><strong>casum</strong></span> <span class='ocrx_word' id='word_1_211' title='bbox 1202 3668 1353 3735; x_wconf 89' lang='lat' dir='ltr'><strong>deflendo</strong></span> <span class='ocrx_word' id='word_1_212' title='bbox 1376 3671 1515 3735; x_wconf 91' lang='lat' dir='ltr'><strong>insontis</strong></span> <span class='ocrx_word' id='word_1_213' title='bbox 1539 3671 1645 3750; x_wconf 87' lang='lat' dir='ltr'><strong>amici,</strong></span> 
     </span>
    </p>
   </div>
   <div class='ocr_carea' id='block_1_4' title="bbox 706 3772 1693 4686">
    <p class='ocr_par' dir='ltr' id='par_1_4' title="bbox 706 3772 1693 4686">
     <span class='ocr_line' id='line_1_33' title="bbox 877 3772 1653 3838; baseline -0.001 -1"><span class='ocrx_word' id='word_1_214' title='bbox 877 3773 970 3838; x_wconf 86' lang='lat' dir='ltr'><strong>More</strong></span> <span class='ocrx_word' id='word_1_215' title='bbox 994 3773 1099 3837; x_wconf 89' lang='lat' dir='ltr'><strong>fluunt</strong></span> <span class='ocrx_word' id='word_1_216' title='bbox 1121 3773 1275 3838; x_wconf 84' lang='lat' dir='ltr'><strong>lacrimae</strong></span> <span class='ocrx_word' id='word_1_217' title='bbox 1298 3774 1403 3837; x_wconf 90' lang='lat' dir='ltr'><strong>amnis</strong></span> <span class='ocrx_word' id='word_1_218' title='bbox 1426 3772 1467 3838; x_wconf 90' lang='lat' dir='ltr'><strong>ab</strong></span> <span class='ocrx_word' id='word_1_219' title='bbox 1491 3794 1546 3838; x_wconf 89' lang='lat' dir='ltr'><strong>ore</strong></span> <span class='ocrx_word' id='word_1_220' title='bbox 1570 3793 1653 3838; x_wconf 90' lang='lat' dir='ltr'><strong>meo.</strong></span> 
     </span>
     <span class='ocr_line' id='line_1_34' title="bbox 793 3875 1693 3963; baseline -0.006 -21"><span class='ocrx_word' id='word_1_221' title='bbox 793 3877 899 3963; x_wconf 86' lang='lat' dir='ltr'><strong>Saepe</strong></span> <span class='ocrx_word' id='word_1_222' title='bbox 923 3884 1012 3941; x_wconf 90' lang='lat' dir='ltr'><strong>tuam</strong></span> <span class='ocrx_word' id='word_1_223' title='bbox 1036 3875 1242 3960; x_wconf 88' lang='lat' dir='ltr'><strong>ingeminans</strong></span> <span class='ocrx_word' id='word_1_224' title='bbox 1265 3876 1336 3939; x_wconf 82' lang='lat' dir='ltr'><strong>luxi</strong></span> <span class='ocrx_word' id='word_1_225' title='bbox 1359 3877 1439 3940; x_wconf 87' lang='lat' dir='ltr'><strong>flens</strong></span> <span class='ocrx_word' id='word_1_226' title='bbox 1462 3876 1533 3961; x_wconf 90' lang='lat' dir='ltr'><strong>ipse</strong></span> <span class='ocrx_word' id='word_1_227' title='bbox 1556 3875 1693 3954; x_wconf 89' lang='lat' dir='ltr'><strong>ruinam,</strong></span> 
     </span>
     <span class='ocr_line' id='line_1_35' title="bbox 873 3977 1580 4065; baseline -0.003 -22"><span class='ocrx_word' id='word_1_228' title='bbox 873 3979 938 4044; x_wconf 89' lang='lat' dir='ltr'><strong>Pro</strong></span> <span class='ocrx_word' id='word_1_229' title='bbox 962 3978 1064 4058; x_wconf 90' lang='lat' dir='ltr'><strong>dolor,</strong></span> <span class='ocrx_word' id='word_1_230' title='bbox 1088 3977 1210 4044; x_wconf 89' lang='lat' dir='ltr'><strong>amisso</strong></span> <span class='ocrx_word' id='word_1_231' title='bbox 1235 3980 1312 4043; x_wconf 82' lang='lat' dir='ltr'><strong>exul</strong></span> <span class='ocrx_word' id='word_1_232' title='bbox 1335 3979 1459 4044; x_wconf 89' lang='lat' dir='ltr'><strong>honore</strong></span> <span class='ocrx_word' id='word_1_233' title='bbox 1481 3979 1580 4065; x_wconf 90' lang='lat' dir='ltr'><strong>peris.</strong></span> 
     </span>
     <span class='ocr_line' id='line_1_36' title="bbox 791 4082 1643 4168; baseline -0.001 -21"><span class='ocrx_word' id='word_1_234' title='bbox 791 4083 937 4148; x_wconf 83' lang='lat' dir='ltr'><strong>Exilium</strong></span> <span class='ocrx_word' id='word_1_235' title='bbox 960 4083 1119 4147; x_wconf 91' lang='lat' dir='ltr'><strong>innocuus</strong></span> <span class='ocrx_word' id='word_1_236' title='bbox 1142 4083 1266 4168; x_wconf 88' lang='lat' dir='ltr'><strong>pateris</strong></span> <span class='ocrx_word' id='word_1_237' title='bbox 1289 4083 1456 4168; x_wconf 87' lang='lat' dir='ltr'><strong>pertriste,</strong></span> <span class='ocrx_word' id='word_1_238' title='bbox 1480 4082 1643 4161; x_wconf 89' lang='lat' dir='ltr'><strong>sacerdos,</strong></span> 
     </span>
     <span class='ocr_line' id='line_1_37' title="bbox 706 4185 1666 4271; baseline 0.004 -25"><span class='ocrx_word' id='word_1_239' title='bbox 706 4209 732 4246; x_wconf 72' lang='grc' dir='ltr'><strong>ιο</strong></span> <span class='ocrx_word' id='word_1_240' title='bbox 875 4186 1023 4267; x_wconf 88' lang='lat' dir='ltr'><strong>Inclitus,</strong></span> <span class='ocrx_word' id='word_1_241' title='bbox 1053 4193 1208 4271; x_wconf 87' lang='lat' dir='ltr'><strong>expertus</strong></span> <span class='ocrx_word' id='word_1_242' title='bbox 1231 4187 1366 4269; x_wconf 89' lang='lat' dir='ltr'><strong>praesul</strong></span> <span class='ocrx_word' id='word_1_243' title='bbox 1387 4185 1512 4249; x_wconf 88' lang='lat' dir='ltr'><strong>inorme</strong></span> <span class='ocrx_word' id='word_1_244' title='bbox 1535 4185 1666 4251; x_wconf 90' lang='lat' dir='ltr'><strong>malum.</strong></span> 
     </span>
     <span class='ocr_line' id='line_1_38' title="bbox 793 4286 1589 4375; baseline -0.005 -21"><span class='ocrx_word' id='word_1_245' title='bbox 793 4289 970 4354; x_wconf 87' lang='lat' dir='ltr'><strong>Nonnullis</strong></span> <span class='ocrx_word' id='word_1_246' title='bbox 993 4288 1151 4375; x_wconf 86' lang='lat' dir='ltr'><strong>prodesse</strong></span> <span class='ocrx_word' id='word_1_247' title='bbox 1175 4289 1260 4352; x_wconf 84' lang='lat' dir='ltr'><strong>solet</strong></span> <span class='ocrx_word' id='word_1_248' title='bbox 1281 4286 1455 4374; x_wconf 87' lang='lat' dir='ltr'><strong>prudentia</strong></span> <span class='ocrx_word' id='word_1_249' title='bbox 1477 4287 1589 4367; x_wconf 90' lang='lat' dir='ltr'><strong>multa,</strong></span> 
     </span>
     <span class='ocr_line' id='line_1_39' title="bbox 875 4391 1644 4478; baseline -0.001 -21"><span class='ocrx_word' id='word_1_250' title='bbox 875 4393 1002 4457; x_wconf 89' lang='lat' dir='ltr'><strong>Laesus</strong></span> <span class='ocrx_word' id='word_1_251' title='bbox 1025 4393 1066 4457; x_wconf 89' lang='lat' dir='ltr'><strong>ab</strong></span> <span class='ocrx_word' id='word_1_252' title='bbox 1090 4392 1222 4477; x_wconf 86' lang='lat' dir='ltr'><strong>ingenio</strong></span> <span class='ocrx_word' id='word_1_253' title='bbox 1247 4413 1295 4468; x_wconf 88' lang='lat' dir='ltr'><strong>es,</strong></span> <span class='ocrx_word' id='word_1_254' title='bbox 1319 4398 1413 4478; x_wconf 88' lang='lat' dir='ltr'><strong>pater</strong></span> <span class='ocrx_word' id='word_1_255' title='bbox 1435 4392 1531 4470; x_wconf 90' lang='lat' dir='ltr'><strong>alme,</strong></span> <span class='ocrx_word' id='word_1_256' title='bbox 1554 4391 1644 4456; x_wconf 80' lang='lat' dir='ltr'><strong>tuo⁵.</strong></span> 
     </span>
     <span class='ocr_line' id='line_1_40' title="bbox 789 4497 1549 4584; baseline -0.005 -20"><span class='ocrx_word' id='word_1_257' title='bbox 789 4499 973 4584; x_wconf 89' lang='lat' dir='ltr'><strong>Praecipue</strong></span> <span class='ocrx_word' id='word_1_258' title='bbox 996 4505 1054 4562; x_wconf 89' lang='lat' dir='ltr'><strong>tua</strong></span> <span class='ocrx_word' id='word_1_259' title='bbox 1076 4519 1195 4583; x_wconf 89' lang='lat' dir='ltr'><strong>magna</strong></span> <span class='ocrx_word' id='word_1_260' title='bbox 1218 4497 1279 4562; x_wconf 91' lang='lat' dir='ltr'><strong>tibi</strong></span> <span class='ocrx_word' id='word_1_261' title='bbox 1302 4497 1465 4584; x_wconf 88' lang='lat' dir='ltr'><strong>sapientia</strong></span> <span class='ocrx_word' id='word_1_262' title='bbox 1487 4497 1549 4561; x_wconf 93' lang='lat' dir='ltr'><strong>soli</strong></span> 
     </span>
     <span class='ocr_line' id='line_1_41' title="bbox 872 4597 1672 4686; baseline -0.003 -21"><span class='ocrx_word' id='word_1_263' title='bbox 872 4601 997 4681; x_wconf 84' lang='lat' dir='ltr'><strong>Obluit,</strong></span> <span class='ocrx_word' id='word_1_264' title='bbox 1022 4608 1054 4664; x_wconf 91' lang='lat' dir='ltr'><strong>ct</strong></span> <span class='ocrx_word' id='word_1_265' title='bbox 1077 4597 1163 4684; x_wconf 92' lang='lat' dir='ltr'><strong>quod</strong></span> <span class='ocrx_word' id='word_1_266' title='bbox 1185 4599 1289 4663; x_wconf 87' lang='lat' dir='ltr'><strong>habos</strong></span> <span class='ocrx_word' id='word_1_267' title='bbox 1313 4600 1406 4664; x_wconf 90' lang='lat' dir='ltr'><strong>triste</strong></span> <span class='ocrx_word' id='word_1_268' title='bbox 1429 4599 1557 4686; x_wconf 87' lang='lat' dir='ltr'><strong>paravit</strong></span> <span class='ocrx_word' id='word_1_269' title='bbox 1581 4621 1672 4665; x_wconf 90' lang='lat' dir='ltr'><strong>onus.</strong></span> 
     </span>
    </p>
   </div>
   <div class='ocr_carea' id='block_1_5' title="bbox 1049 4799 1969 4807">
    <p class='ocr_par' dir='ltr' id='par_1_5' title="bbox 1049 4799 1969 4807">
     <span class='ocr_line' id='line_1_42' title="bbox 1049 4799 1969 4807; baseline 0 -1"><span class='ocrx_word' id='word_1_270' title='bbox 1049 4801 1547 4806; x_wconf 64' lang='grc'><em>.,..-..-..-..-...-.-.---.-.,--,---...-.</em></span> <span class='ocrx_word' id='word_1_271' title='bbox 1557 4799 1969 4807; x_wconf 70' lang='lat'><strong>-—.-—-.--.————-.</strong></span> 
     </span>
    </p>
   </div>
   <div class='ocr_carea' id='block_1_6' title="bbox 425 4941 2078 5358">
    <p class='ocr_par' dir='ltr' id='par_1_6' title="bbox 425 4941 2078 5358">
     <span class='ocr_line' id='line_1_43' title="bbox 531 4941 2078 5012; baseline -0.003 -15"><span class='ocrx_word' id='word_1_272' title='bbox 531 4944 546 4997; x_wconf 77' lang='lat'>7</span> <span class='ocrx_word' id='word_1_273' title='bbox 573 4965 632 4998; x_wconf 85' lang='lat' dir='ltr'><strong>nam</strong></span> <span class='ocrx_word' id='word_1_274' title='bbox 657 4948 744 4999; x_wconf 58' lang='lat' dir='ltr'><strong>mnu</strong></span> <span class='ocrx_word' id='word_1_275' title='bbox 864 4945 881 4995; x_wconf 87' lang='grc'>8</span> <span class='ocrx_word' id='word_1_276' title='bbox 905 4947 969 5012; x_wconf 85' lang='lat' dir='ltr'><strong>lyfin</strong></span> <span class='ocrx_word' id='word_1_277' title='bbox 983 4947 1013 5008; x_wconf 77' lang='lat'><strong>0,</strong></span> <span class='ocrx_word' id='word_1_278' title='bbox 1039 4945 1166 5011; x_wconf 81' lang='lat' dir='ltr'><strong>TipbisS</strong></span> <span class='ocrx_word' id='word_1_279' title='bbox 1285 4943 1301 4994; x_wconf 89' lang='lat'>9</span> <span class='ocrx_word' id='word_1_280' title='bbox 1328 4962 1430 5011; x_wconf 88' lang='lat' dir='ltr'><strong>quoquo</strong></span> <span class='ocrx_word' id='word_1_281' title='bbox 1447 4947 1531 4996; x_wconf 64' lang='lat' dir='ltr'><strong>onai}</strong></span> <span class='ocrx_word' id='word_1_282' title='bbox 1649 4944 1680 4996; x_wconf 94' lang='lat' dir='ltr'><strong>ll</strong></span> <span class='ocrx_word' id='word_1_283' title='bbox 1698 4945 1797 5012; x_wconf 76' lang='lat' dir='ltr'><strong>aputtl</strong></span> <span class='ocrx_word' id='word_1_284' title='bbox 1922 4941 1954 4994; x_wconf 84' lang='lat'><strong>12</strong></span> <span class='ocrx_word' id='word_1_285' title='bbox 1971 4941 2078 4994; x_wconf 82' lang='lat' dir='ltr'><strong>nilorS</strong></span> 
     </span>
     <span class='ocr_line' id='line_1_44' title="bbox 427 5029 2075 5098; baseline -0.002 -17"><span class='ocrx_word' id='word_1_286' title='bbox 427 5029 460 5082; x_wconf 86' lang='grc'>13</span> <span class='ocrx_word' id='word_1_287' title='bbox 477 5033 627 5098; x_wconf 76' lang='lat' dir='ltr'><strong>epystolaG</strong></span> <span class='ocrx_word' id='word_1_288' title='bbox 714 5030 748 5083; x_wconf 88' lang='grc'><strong>14</strong></span> <span class='ocrx_word' id='word_1_289' title='bbox 765 5031 884 5082; x_wconf 84' lang='lat' dir='ltr'><strong>Carmina</strong></span> <span class='ocrx_word' id='word_1_290' title='bbox 896 5033 945 5081; x_wconf 88' lang='lat' dir='ltr'><strong>iam</strong></span> <span class='ocrx_word' id='word_1_291' title='bbox 964 5032 1077 5082; x_wconf 89' lang='lat' dir='ltr'><strong>numeris</strong></span> <span class='ocrx_word' id='word_1_292' title='bbox 1096 5031 1207 5081; x_wconf 84' lang='lat' dir='ltr'><strong>scribare</strong></span> <span class='ocrx_word' id='word_1_293' title='bbox 1225 5030 1402 5096; x_wconf 80' lang='lat' dir='ltr'><strong>disparibusS</strong></span> <span class='ocrx_word' id='word_1_294' title='bbox 1487 5029 1521 5082; x_wconf 83' lang='lat'><strong>15</strong></span> <span class='ocrx_word' id='word_1_295' title='bbox 1538 5048 1596 5096; x_wconf 77' lang='lat' dir='ltr'><strong>cara</strong></span> <span class='ocrx_word' id='word_1_296' title='bbox 1611 5033 1634 5080; x_wconf 70' lang='lat' dir='ltr'><strong>(l</strong></span> <span class='ocrx_word' id='word_1_297' title='bbox 1722 5029 1756 5081; x_wconf 78' lang='lat'><strong>18</strong></span> <span class='ocrx_word' id='word_1_298' title='bbox 1772 5031 1922 5082; x_wconf 74' lang='lat' dir='ltr'><strong>commissus</strong></span> <span class='ocrx_word' id='word_1_299' title='bbox 1940 5029 1976 5079; x_wconf 85' lang='lat' dir='ltr'><strong>od</strong></span> <span class='ocrx_word' id='word_1_300' title='bbox 1992 5045 2075 5094; x_wconf 74' lang='lat' dir='ltr'><strong>marg.</strong></span> 
     </span>
     <span class='ocr_line' id='line_1_45' title="bbox 426 5112 2077 5183; baseline -0.002 -16"><span class='ocrx_word' id='word_1_301' title='bbox 426 5125 485 5168; x_wconf 85' lang='lat' dir='ltr'><strong>anta</strong></span> <span class='ocrx_word' id='word_1_302' title='bbox 498 5118 629 5169; x_wconf 81' lang='lat' dir='ltr'><strong>missustl</strong></span> <span class='ocrx_word' id='word_1_303' title='bbox 709 5115 742 5167; x_wconf 91' lang='grc'><strong>21</strong></span> <span class='ocrx_word' id='word_1_304' title='bbox 756 5125 830 5183; x_wconf 87' lang='lat' dir='ltr'><strong>poeta</strong></span> <span class='ocrx_word' id='word_1_305' title='bbox 842 5133 909 5168; x_wconf 80' lang='lat' dir='ltr'><strong>corr.</strong></span> <span class='ocrx_word' id='word_1_306' title='bbox 927 5117 1036 5182; x_wconf 76' lang='lat' dir='ltr'><strong>poeteG</strong></span> <span class='ocrx_word' id='word_1_307' title='bbox 1122 5113 1156 5166; x_wconf 93' lang='grc'><strong>22</strong></span> <span class='ocrx_word' id='word_1_308' title='bbox 1174 5117 1250 5167; x_wconf 89' lang='lat' dir='ltr'><strong>didici</strong></span> <span class='ocrx_word' id='word_1_309' title='bbox 1270 5117 1336 5167; x_wconf 81' lang='lat' dir='ltr'><strong>deG</strong></span> <span class='ocrx_word' id='word_1_310' title='bbox 1422 5114 1456 5168; x_wconf 86' lang='grc'>23</span> <span class='ocrx_word' id='word_1_311' title='bbox 1474 5119 1550 5168; x_wconf 78' lang='lat' dir='ltr'><strong>otiam</strong></span> <span class='ocrx_word' id='word_1_312' title='bbox 1568 5117 1656 5167; x_wconf 66' lang='lat' dir='ltr'><strong>omo</strong></span> <span class='ocrx_word' id='word_1_313' title='bbox 1741 5113 1776 5167; x_wconf 78' lang='grc'>25</span> <span class='ocrx_word' id='word_1_314' title='bbox 1792 5116 1868 5168; x_wconf 75' lang='lat' dir='ltr'><strong>Ars</strong></span> <span class='ocrx_word' id='word_1_315' title='bbox 1950 5112 1985 5164; x_wconf 86' lang='grc'>29</span> <span class='ocrx_word' id='word_1_316' title='bbox 2003 5113 2077 5165; x_wconf 86' lang='lat' dir='ltr'><strong>thau-</strong></span> 
     </span>
     <span class='ocr_line' id='line_1_46' title="bbox 425 5199 2078 5269; baseline -0.002 -15"><span class='ocrx_word' id='word_1_317' title='bbox 425 5202 525 5254; x_wconf 76' lang='lat' dir='ltr'><strong>tulleG</strong></span> <span class='ocrx_word' id='word_1_318' title='bbox 607 5201 642 5255; x_wconf 86' lang='lat'><strong>30</strong></span> <span class='ocrx_word' id='word_1_319' title='bbox 659 5202 810 5269; x_wconf 56' lang='lat' dir='ltr'><strong>‹lcrrspactnaSy</strong></span> <span class='ocrx_word' id='word_1_320' title='bbox 886 5199 920 5252; x_wconf 85' lang='lat'><strong>35</strong></span> <span class='ocrx_word' id='word_1_321' title='bbox 937 5220 1031 5268; x_wconf 79' lang='lat' dir='ltr'><strong>queror</strong></span> <span class='ocrx_word' id='word_1_322' title='bbox 1046 5202 1071 5252; x_wconf 83' lang='grc' dir='ltr'><em>Τ</em></span> <span class='ocrx_word' id='word_1_323' title='bbox 1143 5200 1178 5253; x_wconf 81' lang='grc'><strong>38</strong></span> <span class='ocrx_word' id='word_1_324' title='bbox 1195 5203 1297 5269; x_wconf 86' lang='lat' dir='ltr'><strong>praesul</strong></span> <span class='ocrx_word' id='word_1_325' title='bbox 1307 5202 1443 5254; x_wconf 83' lang='lat' dir='ltr'><strong>bonoreS</strong></span> <span class='ocrx_word' id='word_1_326' title='bbox 1519 5199 1555 5252; x_wconf 86' lang='lat'><strong>40</strong></span> <span class='ocrx_word' id='word_1_327' title='bbox 1572 5203 1669 5266; x_wconf 73' lang='lat' dir='ltr'><strong>inorme</strong></span> <span class='ocrx_word' id='word_1_328' title='bbox 1687 5201 1712 5251; x_wconf 84' lang='lat' dir='ltr'><strong>&#39;I&#39;</strong></span> <span class='ocrx_word' id='word_1_329' title='bbox 1723 5203 1745 5252; x_wconf 76' lang='lat' dir='ltr'><em>G</em></span> <span class='ocrx_word' id='word_1_330' title='bbox 1822 5199 1855 5253; x_wconf 84' lang='lat'><strong>41</strong></span> <span class='ocrx_word' id='word_1_331' title='bbox 1875 5201 1997 5253; x_wconf 89' lang='lat' dir='ltr'><strong>Nonnulli</strong></span> <span class='ocrx_word' id='word_1_332' title='bbox 2019 5199 2078 5251; x_wconf 75' lang='lat' dir='ltr'><strong>To</strong></span> 
     </span>
     <span class='ocr_line' id='line_1_47' title="bbox 427 5287 1417 5358; baseline -0.001 -17"><span class='ocrx_word' id='word_1_333' title='bbox 427 5287 462 5341; x_wconf 84' lang='grc'>42</span> <span class='ocrx_word' id='word_1_334' title='bbox 480 5289 547 5352; x_wconf 74' lang='lat' dir='ltr'><strong>ulma</strong></span> <span class='ocrx_word' id='word_1_335' title='bbox 562 5289 593 5353; x_wconf 81' lang='lat' dir='ltr'><strong>G,</strong></span> <span class='ocrx_word' id='word_1_336' title='bbox 610 5297 682 5358; x_wconf 78' lang='lat' dir='ltr'><strong>pater</strong></span> <span class='ocrx_word' id='word_1_337' title='bbox 699 5289 764 5340; x_wconf 86' lang='lat' dir='ltr'><strong>alma</strong></span> <span class='ocrx_word' id='word_1_338' title='bbox 782 5299 827 5342; x_wconf 91' lang='lat' dir='ltr'><strong>tuo</strong></span> <span class='ocrx_word' id='word_1_339' title='bbox 845 5299 916 5357; x_wconf 81' lang='lat' dir='ltr'><strong>pater</strong></span> <span class='ocrx_word' id='word_1_340' title='bbox 933 5289 961 5353; x_wconf 80' lang='grc' dir='ltr'><strong>Τ,</strong></span> <span class='ocrx_word' id='word_1_341' title='bbox 979 5306 1038 5342; x_wconf 83' lang='lat' dir='ltr'><strong>acca</strong></span> <span class='ocrx_word' id='word_1_342' title='bbox 1055 5291 1142 5341; x_wconf 72' lang='lat' dir='ltr'><strong>tuob&#39;</strong></span> <span class='ocrx_word' id='word_1_343' title='bbox 1243 5287 1278 5340; x_wconf 79' lang='lat'><strong>44</strong></span> <span class='ocrx_word' id='word_1_344' title='bbox 1295 5290 1417 5341; x_wconf 70' lang='lat' dir='ltr'><strong>bonust]</strong></span> 
     </span>
    </p>
   </div>
   <div class='ocr_carea' id='block_1_7' title="bbox 425 5467 2081 5746">
    <p class='ocr_par' dir='ltr' id='par_1_7' title="bbox 425 5467 2081 5746">
     <span class='ocr_line' id='line_1_48' title="bbox 530 5467 2078 5540; baseline -0.003 -16"><span class='ocrx_word' id='word_1_345' title='bbox 530 5472 556 5538; x_wconf 87' lang='lat'><strong>1)</strong></span> <span class='ocrx_word' id='word_1_346' title='bbox 577 5471 621 5540; x_wconf 82' lang='lat' dir='ltr'><strong>Cf.</strong></span> <span class='ocrx_word' id='word_1_347' title='bbox 640 5473 688 5526; x_wconf 88' lang='lat' dir='ltr'><strong>Oo.</strong></span> <span class='ocrx_word' id='word_1_348' title='bbox 707 5473 767 5526; x_wconf 70' lang='lat' dir='ltr'><strong>And.</strong></span> <span class='ocrx_word' id='word_1_349' title='bbox 786 5475 920 5535; x_wconf 79' lang='lat' dir='ltr'><strong>Am.1‚6;</strong></span> <span class='ocrx_word' id='word_1_350' title='bbox 941 5472 1020 5540; x_wconf 63' lang='lat' dir='ltr'><strong>Vera.</strong></span> <span class='ocrx_word' id='word_1_351' title='bbox 1038 5472 1099 5526; x_wconf 86' lang='lat' dir='ltr'><strong>Ecl.</strong></span> <span class='ocrx_word' id='word_1_352' title='bbox 1118 5473 1221 5536; x_wconf 63' lang='lat'><strong>11234.</strong></span> <span class='ocrx_word' id='word_1_353' title='bbox 1284 5473 1312 5540; x_wconf 83' lang='grc'>2)</span> <span class='ocrx_word' id='word_1_354' title='bbox 1333 5471 1417 5525; x_wconf 80' lang='lat' dir='ltr'><strong>Trist.</strong></span> <span class='ocrx_word' id='word_1_355' title='bbox 1431 5472 1471 5534; x_wconf 87' lang='grc' dir='ltr'><strong>ΙΙ,</strong></span> <span class='ocrx_word' id='word_1_356' title='bbox 1482 5471 1534 5524; x_wconf 84' lang='grc'>424</span> <span class='ocrx_word' id='word_1_357' title='bbox 1549 5469 1703 5524; x_wconf 84' lang='lat' dir='ltr'><strong>arterudis.</strong></span> <span class='ocrx_word' id='word_1_358' title='bbox 1763 5470 1791 5536; x_wconf 85' lang='grc'><strong>3)</strong></span> <span class='ocrx_word' id='word_1_359' title='bbox 1805 5468 1855 5523; x_wconf 74' lang='lat' dir='ltr'><strong>Ex</strong></span> <span class='ocrx_word' id='word_1_360' title='bbox 1866 5467 2008 5531; x_wconf 77' lang='lat' dir='ltr'><strong>PontoIL</strong></span> <span class='ocrx_word' id='word_1_361' title='bbox 2026 5467 2078 5532; x_wconf 81' lang='lat' dir='ltr'><strong>o‚1</strong></span> 
     </span>
     <span class='ocr_line' id='line_1_49' title="bbox 425 5569 2081 5643; baseline -0.002 -16"><span class='ocrx_word' id='word_1_362' title='bbox 425 5571 582 5642; x_wconf 86' lang='lat' dir='ltr'><strong>disparibus</strong></span> <span class='ocrx_word' id='word_1_363' title='bbox 600 5573 731 5632; x_wconf 88' lang='lat' dir='ltr'><strong>numeris.</strong></span> <span class='ocrx_word' id='word_1_364' title='bbox 802 5575 829 5642; x_wconf 76' lang='lat'><strong>4)</strong></span> <span class='ocrx_word' id='word_1_365' title='bbox 851 5573 895 5641; x_wconf 81' lang='lat' dir='ltr'><strong>Of.</strong></span> <span class='ocrx_word' id='word_1_366' title='bbox 912 5589 1001 5643; x_wconf 80' lang='lat' dir='ltr'><strong>supro</strong></span> <span class='ocrx_word' id='word_1_367' title='bbox 1014 5575 1107 5643; x_wconf 67' lang='lat' dir='ltr'><strong>palili</strong></span> <span class='ocrx_word' id='word_1_368' title='bbox 1124 5591 1149 5628; x_wconf 86' lang='lat' dir='ltr'><strong>o.</strong></span> <span class='ocrx_word' id='word_1_369' title='bbox 1176 5574 1235 5628; x_wconf 84' lang='grc'>229,</span> <span class='ocrx_word' id='word_1_370' title='bbox 1316 5573 1344 5640; x_wconf 80' lang='lat' dir='ltr'><strong>b)</strong></span> <span class='ocrx_word' id='word_1_371' title='bbox 1376 5572 1424 5626; x_wconf 81' lang='lat' dir='ltr'><strong>Oc.</strong></span> <span class='ocrx_word' id='word_1_372' title='bbox 1458 5571 1543 5626; x_wconf 82' lang='lat' dir='ltr'><strong>Triat.</strong></span> <span class='ocrx_word' id='word_1_373' title='bbox 1559 5572 1641 5638; x_wconf 83' lang='grc' dir='ltr'>·Ι],2</span> <span class='ocrx_word' id='word_1_374' title='bbox 1670 5572 1787 5642; x_wconf 87' lang='lat' dir='ltr'><strong>Ingenio</strong></span> <span class='ocrx_word' id='word_1_375' title='bbox 1817 5570 1888 5641; x_wconf 85' lang='lat' dir='ltr'><strong>perii</strong></span> <span class='ocrx_word' id='word_1_376' title='bbox 1918 5569 1966 5639; x_wconf 89' lang='lat' dir='ltr'><strong>qui</strong></span> <span class='ocrx_word' id='word_1_377' title='bbox 1996 5569 2081 5624; x_wconf 86' lang='lat' dir='ltr'><strong>miser</strong></span> 
     </span>
     <span class='ocr_line' id='line_1_50' title="bbox 426 5674 1261 5746; baseline 0.005 -19"><span class='ocrx_word' id='word_1_378' title='bbox 426 5674 487 5744; x_wconf 88' lang='lat' dir='ltr'><strong>ipse</strong></span> <span class='ocrx_word' id='word_1_379' title='bbox 504 5691 579 5739; x_wconf 85' lang='lat' dir='ltr'><strong>meo;</strong></span> <span class='ocrx_word' id='word_1_380' title='bbox 598 5678 657 5743; x_wconf 88' lang='lat' dir='ltr'><strong>III,</strong></span> <span class='ocrx_word' id='word_1_381' title='bbox 669 5677 694 5741; x_wconf 89' lang='grc'><strong>3,</strong></span> <span class='ocrx_word' id='word_1_382' title='bbox 705 5676 738 5730; x_wconf 83' lang='grc'><strong>74</strong></span> <span class='ocrx_word' id='word_1_383' title='bbox 770 5676 887 5746; x_wconf 89' lang='lat' dir='ltr'><strong>Ingenio</strong></span> <span class='ocrx_word' id='word_1_384' title='bbox 909 5676 980 5746; x_wconf 89' lang='lat' dir='ltr'><strong>perii</strong></span> <span class='ocrx_word' id='word_1_385' title='bbox 997 5676 1072 5731; x_wconf 87' lang='lat' dir='ltr'><strong>Naso</strong></span> <span class='ocrx_word' id='word_1_386' title='bbox 1090 5679 1175 5746; x_wconf 88' lang='lat' dir='ltr'><strong>pocta</strong></span> <span class='ocrx_word' id='word_1_387' title='bbox 1192 5692 1261 5731; x_wconf 90' lang='lat' dir='ltr'><strong>meo.</strong></span> 
     </span>
    </p>
   </div>
   <div class='ocr_carea' id='block_1_8' title="bbox 0 0 2310 6412">
    <p class='ocr_par' dir='ltr' id='par_1_8' title="bbox 0 0 2310 6412">
     <span class='ocr_line' id='line_1_51' title="bbox 0 0 2310 6412; baseline 0 0"><span class='ocrx_word' id='word_1_388' title='bbox 0 0 2310 6412; x_wconf 95' lang='lat' dir='ltr'><strong> </strong></span> 
     </span>
    </p>
   </div>
  </div>
 </body>
</html>
