4628 6428
400 1453 1151 1618 ANGILBERTI
1224 1453 1758 1638 (HOMERI)

788 1699 1382 1866 CARMINA.

363 2099 585 2214 Anaitbertus
613 2131 677 2196 sice
698 2132 918 2214 Enpctbcrtus,
947 2154 986 2196 en
1013 2134 1112 2197 nobiti
1133 2134 1333 2197 Francorum
1358 2151 1468 2213 peu-cre
1494 2133 1590 2193 nattis
1599 2131 1619 2207 ¹,
1642 2129 1679 2192 in
1699 2129 1778 2192 aula
1803 2128 1912 2193 Caroli

252 2235 370 2316 diripui
392 2258 413 2300 a
433 2255 530 2316 pulcro
551 2235 699 2299 educatam
724 2239 784 2312 est,
811 2237 914 2316 ibique
937 2241 1002 2299 tam
1026 2235 1154 2300 Petrum
1177 2234 1334 2298 Pisanum
1355 2239 1383 2296 et
1406 2232 1591 2310 Paulinum,
1620 2251 1716 2312 quiam
1737 2231 1911 2294 Alcuinum

252 2340 417 2420 niaaistras
439 2338 613 2418 amicosque
635 2339 761 2404 cainiti
806 2337 976 2419 Postquam
1003 2341 1067 2403 iam
1089 2341 1125 2402 in
1148 2339 1268 2419 capella
1289 2341 1319 2400 ct
1334 2336 1459 2418 palatio
1480 2335 1562 2417 repis
1581 2334 1745 2416 punicani
1766 2331 1913 2396 niorrienti

251 2444 324 2524 fnit,
344 2446 471 2523 propter
489 2441 598 2506 Caroli
619 2441 811 2522 mripularcm
833 2444 1006 2506 amicitiam
1023 2444 1205 2524 Pi'pminnm,
1226 2442 1329 2523 filium
1344 2442 1420 2517 eins,
1443 2441 1479 2502 in
1494 2439 1627 2504 ltaliam
1640 2441 1769 2516 secutus,
1786 2437 1913 2518 minias

251 2548 287 2610 in
314 2546 443 2608 consilio
469 2545 552 2627 repis
580 2545 702 2608 iriocnis
728 2551 835 2626 partes
862 2547 958 2627 epissc
990 2547 1144 2612 1111111111.
1203 2545 1284 2610 Inde
1311 2546 1348 2606 in
1375 2563 1505 2626 reanum
1533 2542 1734 2607 Francorum
1760 2559 1911 2617 reversae,

255 2649 364 2714 Caroli
385 2648 489 2725 iussu,
519 2647 606 2727 apud
633 2669 723 2728 quem
750 2668 871 2712 sunima
892 2651 1077 2714 auctoritato
1103 2651 1139 2712 in
1161 2649 1341 2730 republica
1361 2645 1619 2710 administranda
1640 2664 1759 2724 semper
1780 2644 1912 2719 ualebat,

252 2756 311 2828 ter,
339 2752 437 2814 annis
464 2752 579 2815 scilieet
603 2754 673 2829 102,
698 2754 769 2828 104,
794 2755 869 2829 796,
898 2753 1049 2834 locatione
1069 2753 1256 2834 pravissima
1283 2751 1328 2814 ad
1347 2772 1462 2831 papam
1484 2750 1663 2814 Romanum
1680 2748 1813 2833 traiectus
1834 2749 1911 2824 cst‘,

251 2878 273 2918 a
296 2874 364 2934 quo,
387 2874 454 2916 cum
477 2873 562 2917 anno
584 2856 647 2918 800
668 2874 769 2936 reycm
790 2855 952 2919 comitatus
974 2860 1086 2936 qrmrto
1107 2855 1241 2919 Romam
1262 2855 1402 2931 acuisset,
1424 2854 1474 2916 die
1496 2853 1705 2917 coronationis
1726 2852 1794 2916 eius
1811 2851 1913 2932 prini-

252 2958 366 3039 lepium
399 2957 586 3021 monastario
617 2957 797 3022 Centidemi
830 2979 1004 3023 concessurus
1037 2959 1205 3023 obtinuisse
1235 2957 1351 3022 dicitiir
1359 2960 1381 3020 ⁵.
1430 2956 1508 3021 Cani
1541 2957 1618 3020 aliis
1650 2955 1730 3019 ciris
1761 2954 1913 3037 dianitatc

251 3063 429 3143 insipnibus
450 3063 544 3126 ctiam
565 3064 744 3125 tcstanrcnto
765 3063 964 3143 imperatoris
985 3082 1071 3126 anno
1093 3066 1152 3127 811
1177 3061 1261 3142 sacto
1283 3061 1467 3141 subscripsit
1477 3063 1498 3124 ⁰.

363 3165 506 3242 Carolus,
529 3167 565 3228 ut
586 3164 708 3246 cyrcm'a
730 3165 911 3246 Anaitbcrti
936 3166 1049 3228 nicrita
1076 3165 1170 3247 diano
1187 3166 1331 3244 praemio
1353 3167 1623 3238 remuneraretur,
1654 3161 1720 3224 iam
1740 3179 1827 3223 anno
1850 3163 1911 3224 100

251 3268 428 3332 coenobium
448 3268 551 3332 sancti
572 3266 720 3330 Ricbarii
746 3267 929 3332 Centulcnsc
950 3267 1155 3344 ditissimum,
1179 3267 1224 3330 ad
1245 3266 1396 3330 Somnum
1414 3266 1547 3344 1111111111
1568 3265 1672 3340 sitnm,
1694 3263 1862 3344 numadum
1883 3263 1912 3325 ei

252 3370 410 3435 trad-iditl.
457 3370 607 3451 Quamuis
636 3389 708 3432 ocra
736 3369 877 3433 tabitam
904 3371 1080 3449 cultumque
1108 3370 1260 3434 laicorum
1290 3389 1354 3433 non
1382 3368 1576 3448 deposuerit8
1597 3370 1690 3446 atque
1712 3366 1748 3430 ob
1778 3365 1913 3428 ninnium

251 3473 495 3554 spectaculorum
524 3490 660 3534 amorem
684 3471 778 3533 etiam
811 3454 945 3535 ritcuini
973 3473 1231 3552 vituperationem
1259 3472 1377 3535 subiret
1387 3473 1407 3548 ⁹,
1438 3470 1475 3533 de
1500 3469 1688 3534 nmnasteria
1719 3473 1823 3531 tanen
1852 3467 1914 3531 sibi

251 3577 410 3640 commisso
437 3575 548 3654 optime
573 3573 700 3651 meruit,
733 3573 860 3638 ccclesia
895 3597 916 3640 a
942 3573 1158 3654 summatenus
1195 3573 1403 3638 construenda
1436 3577 1529 3654 atquc
1562 3571 1647 3634 omni
1679 3570 1782 3634 diuini
1811 3570 1914 3634 uoltus

608 3731 722 3738 m-..
750 3732 773 3736 —
786 3732 867 3738 ..-...,.
889 3732 891 3736 .
958 3732 964 3736 -
988 3732 1162 3738 .-..—-.--,-.
1181 3733 1286 3739 ..--.---
1298 3733 1553 3739 -—..-—-—-

356 3835 381 3899 1)
405 3831 540 3886 Nitlrardi
563 3831 673 3885 Hister.
697 3833 714 3886 1.
732 3831 781 3885 IV
800 3847 822 3884 c.
846 3831 863 3882 5
891 3830 965 3884 haud
993 3831 1106 3900 ignotae
1133 3831 1263 3885 lamiliae.
1313 3831 1534 3901 Madhelgaudus
1561 3834 1669 3895 autem,
1697 3827 1853 3884 Richardus
1883 3828 1912 3880 et

253 3937 298 3991 hic
317 3953 373 3990 una
391 3935 524 4004 progenie
543 3935 631 3998 fuere,
655 3939 684 3987 et
701 3934 776 4006 apud
799 3952 933 4004 magnum
951 3935 1083 3988 Karalum
1108 3935 1208 3988 merito
1231 3935 1327 4004 magni
1346 3934 1530 3990 habebantur.
1616 3935 1644 4003 2)
1664 3932 1808 3988 Hadriani
1831 3930 1911 4000 epist.

252 4040 290 4094 ad
318 4039 407 4094 Garat.
433 4056 490 4109 rep.
516 4039 604 4106 (Mau.
628 4039 737 4091 Alcuiu.
753 4055 784 4108 p.
803 4038 880 4106 246);
908 4038 958 4106 qui
985 4045 1034 4102 (sc.
1052 4038 1245 4107 Eupilbertus)
1269 4057 1340 4108 pene
1367 4039 1402 4093 ab
1429 4039 1497 4109 ipsis
1524 4039 1661 4093 infantiae
1688 4035 1855 4092 rudimentis
1882 4035 1912 4088 in

253 4142 360 4212 palatio
388 4145 479 4196 vestro
504 4141 642 4195 enutritus
673 4144 701 4195 et
730 4141 760 4195 in
785 4141 913 4196 omnibus
940 4141 1063 4195 consiliis
1091 4142 1189 4196 vestris
1216 4147 1352 4212 receptus.
1400 4144 1444 4196 De
1468 4143 1566 4208 Petro,
1593 4143 1747 4213 Ampildmti
1773 4141 1913 4210 mapistro,

252 4247 289 4314 cs.
312 4263 401 4316 supra
424 4263 455 4316 p.
478 4246 524 4306 29:
552 4247 586 4300 de
612 4247 732 4300 Atacino
759 4246 837 4316 epist.
864 4246 902 4300 ad
931 4247 1048 4300 Leonem
1073 4264 1177 4316 papam
1203 4247 1295 4301 datam
1322 4247 1417 4314 (1182
1440 4263 1470 4316 p.
1486 4247 1538 4300 358
1564 4247 1709 4314 cdlaffi)
1737 4261 1786 4314 pcr
1813 4243 1912 4312 Augil-

252 4349 378 4404 bcrctum
403 4351 490 4404 filium
518 4349 685 4404 eruditionis
712 4354 823 4403 nostrae
847 4357 909 4412 clc.,·
931 4350 964 4403 de
987 4351 1108 4404 Paulino
1131 4352 1275 4419 epistolam
1293 4351 1406 4404 Alcnini
1429 4350 1466 4404 ad
1488 4366 1548 4403 eum
1570 4350 1663 4405 datam
1688 4347 1912 4417 (1111211280),

252 4454 283 4506 in
313 4472 368 4524 qua
386 4453 568 4524 Angilbertus
598 4455 671 4510 lilius
701 4455 854 4509 communis
884 4459 978 4510 noster
1007 4460 1119 4510 vacatur
1149 4457 1200 4525 (cs.
1226 4474 1315 4526 supra
1340 4475 1369 4526 p.
1394 4457 1465 4524 123).
1570 4457 1597 4522 3)
1620 4455 1734 4510 Alcuiui
1757 4454 1834 4522 epist.
1856 4452 1913 4520 4,b

250 4575 280 4626 p.
300 4559 445 4612 148-149.
532 4560 849 4628 4)0[.Μο11.111111111.
873 4577 903 4628 p.
922 4561 1076 4624 244-246,
1096 4563 1161 4624 281;
1189 4562 1266 4614 Mon.
1286 4561 1376 4615 Caret.
1395 4561 1459 4624 353,
1477 4558 1542 4618 304;
1567 4562 1640 4612 Ann.
1665 4559 1794 4612 Laurise.
1816 4556 1913 4610 maior.

254 4662 312 4724 192,
331 4663 390 4715 isa.
426 4662 638 4732 Angilberctum
656 4664 815 4716 manualem
838 4667 949 4717 nostrae
971 4665 1174 4718 fanriliam'tatis
1196 4664 1393 4719 auricularium
1419 4668 1497 4718 cocat
1520 4678 1580 4715 enm
1600 4661 1730 4724 Ceratum
1755 4660 1798 4713 vir
1824 4659 1914 4714 fidelis

253 4767 282 4818 et
300 4765 420 4834 prudens
439 4765 473 4820 ab
492 4768 611 4820 Alcuiuo
631 4767 743 4821 dicitur.
807 4768 833 4834 5)
854 4769 992 4822 Mabillon
1011 4774 1084 4823 111111.
1104 4771 1147 4834 II,
1165 4771 1216 4823 340
1234 4769 1414 4838 suggestione
1433 4811 1439 4822 .
1458 4809 1465 4821 .
1485 4807 1491 4820 .
1510 4763 1670 4835 engilberti
1688 4763 1807 4818 abbatis.
1839 4764 1914 4832 Iaffe'

253 4869 330 4938 (Rea.
346 4872 423 4939 pont.
443 4869 522 4923 Rom.
542 4870 620 4938 1913)
644 4869 694 4924 troc
707 4869 897 4940 priviteaimu,
922 4872 996 4940 quod
1013 4873 1195 4927 Mlitdbacbcr
1218 4874 1363 4944 (Reyeeten
1388 4873 1436 4926 der
1459 4870 1557 4925 Karai.
1578 4869 1834 4939 puerperium
1857 4883 1914 4922 ecee

254 4973 401 5040 contendit,
420 4972 496 5026 baud
513 4981 585 5028 recte
600 4990 654 5043 pro
672 4975 776 5028 inedito
792 4975 899 5030 babuit.
956 4977 983 5043 0)
1000 4976 1062 5030 Vita
1080 4976 1182 5030 Karoti
1200 4976 1239 5030 M.
1258 4993 1280 5030 c.
1298 4976 1340 5030 33.
1402 4976 1427 5042 1)
1448 4975 1491 5042 Os.
1509 4973 1543 5028 dc
1561 4988 1633 5027 anuo
1651 4972 1764 5026 Aleuiui
1781 4971 1860 5040 epiri.
1881 4972 1913 5024 11

250 5091 281 5144 p.
301 5075 358 5128 113.
428 5077 454 5142 8)
475 5077 641 5133 Hadrianus
661 5097 740 5149 papa
762 5085 842 5134 vocat
866 5097 925 5133 enin
947 5080 1105 5134 ministrum
1129 5081 1254 5150 capellae
1278 5087 1362 5150 atquc
1384 5081 1414 5133 in
1432 5079 1520 5132 ltalia
1535 5078 1594 5147 snit
1617 5075 1791 5146 primicerius
1813 5075 1914 5144 palatii

256 5177 351 5246 Pipini
369 5178 452 5246 regis,
470 5181 508 5248 cf.
527 5180 707 5236 ll'attenbacb
726 5183 911 5252 Gescbicbtsq.
930 5184 955 5246 I,
976 5183 1034 5236 141.
1096 5185 1124 5250 0)
1143 5184 1255 5237 Alcuini
1278 5184 1356 5252 epist.
1376 5183 1426 5236 110
1444 5181 1482 5234 ad
1498 5179 1690 5234 Adulterium
1709 5180 1789 5234 data:
1811 5178 1915 5232 Vereor

255 5298 290 5335 ne
309 5281 443 5335 Homerus
471 5282 607 5337 1111111111
632 5287 729 5339 contra
755 5289 861 5340 cartam
888 5285 1081 5354 prohibentem
1110 5287 1269 5354 spectacula
1292 5289 1321 5340 et
1338 5285 1479 5339 diabolica
1496 5284 1643 5354 figmenta
1669 5284 1718 5336 111
1742 5282 1780 5336 ad
1797 5281 1914 5336 Adulter

254 5385 333 5452 Quod
367 5386 401 5440 de
432 5389 587 5442 emendatis
617 5390 739 5444 moribus
766 5391 878 5444 Homeri
910 5391 964 5444 niel
996 5389 1130 5459 scripsisti
1163 5389 1231 5442 satis
1263 5389 1371 5458 placuit
1398 5388 1485 5443 oculis
1515 5387 1583 5441 meis
1609 5427 1616 5440 .
1638 5428 1644 5440 .
1672 5386 1765 5440 Unum
1796 5384 1851 5439 fuit
1879 5385 1914 5440 de

253 5490 442 5554 histrionibus,
462 5507 579 5560 quorum
594 5492 768 5546 vanitatibus
787 5494 907 5547 sciebam
926 5509 981 5547 non
1001 5511 1117 5562 parvum
1136 5492 1246 5546 animae
1265 5510 1331 5546 suae
1350 5492 1504 5562 periculum
1523 5489 1667 5554 inminere,
1687 5489 1761 5558 quod
1774 5488 1843 5542 mihi
1856 5505 1913 5543 non

253 5596 361 5665 placuit
379 5597 422 5664 (p.
440 5597 501 5654 419.
519 5596 589 5663 621).
628 5597 677 5650 En
696 5599 820 5652 oucibus
838 5599 873 5652 ab
892 5598 1010 5651 Atacino
1028 5596 1066 5650 ad
1084 5597 1273 5666 Anqitbertum
1295 5597 1400 5656 missis,
1423 5611 1490 5664 quos
1513 5610 1602 5663 supra
1621 5596 1664 5664 (p.
1682 5594 1745 5660 213)
1770 5591 1914 5660 edidimus,

252 5706 364 5754 mentem
382 5701 441 5753 11111
456 5716 509 5770 per
527 5699 664 5769 quoddam
682 5703 786 5770 tempus
804 5703 840 5755 ab
858 5701 906 5754 illo
924 5702 1042 5754 alienam
1056 5701 1152 5768 fuisse
1176 5700 1269 5754 elucet.

1640 5793 1694 5847 45¹
