4546 6406
971 517 1157 576 APPENDIX
1176 521 1224 574 AD
1243 513 1500 575 THEODULFUM.

1061 748 1082 790 v
1117 725 1408 791 ARITMETICA.

754 847 834 912 Sum
857 848 967 913 tenuis
989 847 1085 928 facie,
1109 848 1286 933 multisque
1310 848 1482 933 fugacibus
1504 848 1587 911 alis:

838 950 903 1026 Qui
925 975 977 1018 mo
1001 974 1099 1018 nosse
1122 954 1212 1034 velit,
1236 975 1367 1042 semper
1389 951 1528 1018 amando
1551 952 1648 1017 colat.

753 1055 880 1121 Nascon
903 1056 1085 1141 inaequalis
1108 1056 1208 1121 miras
1229 1057 1378 1143 positura
1399 1057 1531 1141 figures,

839 1160 1079 1246 Germanisque
1103 1160 1210 1224 tribus
1233 1160 1306 1225 fons
1330 1167 1363 1226 et
1386 1161 1479 1247 origo
1502 1179 1650 1224 manens.

1082 1406 1113 1450 vi
1149 1385 1388 1451 RETORIOA.

754 1507 885 1593 Lingua
906 1508 1014 1595 perita
1034 1507 1135 1572 michi
1157 1528 1277 1574 nomen
1300 1507 1391 1573 dedit
1412 1515 1512 1594 etque
1534 1507 1675 1594 loquela,

842 1609 908 1676 Sed
931 1615 1042 1677 tamen
1065 1609 1217 1678 indoctos
1239 1611 1338 1678 visito
1361 1631 1462 1698 saepe
1485 1611 1583 1678 viros.

756 1713 841 1778 Nem
864 1735 924 1800 per
947 1734 999 1779 me
1023 1722 1167 1802 superat,
1191 1714 1247 1801 qui
1270 1736 1323 1780 me
1346 1737 1412 1780 non
1435 1715 1562 1781 viderat
1584 1736 1748 1800 umquam,

841 1816 947 1892 Quem
969 1817 1074 1904 magis
1098 1818 1154 1884 ille
1177 1818 1256 1884 iacit
1278 1820 1333 1904 qui
1355 1841 1430 1886 mea
1452 1820 1524 1885 iura
1546 1819 1651 1906 sapit?

1085 1947 1392 1956 ἰ’-ῃ...-

1054 2063 1096 2108 νιι
1132 2041 1420 2111 DIALEOTICA.

756 2162 811 2228 Nil
835 2162 934 2229 dubie
958 2161 1103 2228 concedo
1126 2163 1227 2249 loqui,
1250 2163 1309 2230 sed
1331 2171 1422 2232 certa
1445 2165 1588 2248 recludo,

843 2267 982 2335 Femina
1003 2268 1072 2333 lata
1094 2267 1168 2332 citis
1192 2269 1355 2354 stringere
1378 2269 1475 2334 docta
1497 2270 1589 2334 locis.

757 2371 888 2459 Quippe
911 2371 944 2436 in
967 2375 1112 2458 quinque
1135 2372 1242 2437 modis
1265 2378 1370 2438 totum
1394 2372 1577 2440 determino
1600 2371 1687 2458 quod
1710 2377 1770 2453 est,
1802 2401 1804 2406 ·

843 2474 915 2544 Nec
938 2475 1047 2541 minus
1069 2481 1127 2541 aut
1149 2475 1272 2558 maius,
1296 2482 1348 2542 est
1371 2476 1430 2542 sed
1452 2483 1489 2542 ut
1508 2497 1604 2542 omne
1628 2497 1759 2542 canens.

1038 2719 1092 2764 vin
1127 2697 1441 2765 GRAMMATIOA.

758 2820 902 2886 Pulchra
924 2819 1055 2887 medela
1077 2820 1119 2886 fio
1142 2821 1249 2887 balbis
1272 2821 1349 2886 dum
1370 2820 1473 2886 reddo
1497 2822 1655 2907 loquelas,

845 2923 921 2990 Oris
944 2926 1032 2990 enim
1054 2925 1144 2990 vitiis
1170 2946 1243 2990 sum
1266 2925 1428 2991 medicina
1449 2925 1576 3012 potens.

759 3029 827 3094 Sex
850 3029 950 3095 etiam
973 3029 1062 3094 loliis
1085 3036 1217 3115 gustum
1240 3050 1400 3116 compono
1424 3051 1570 3110 suavem,

842 3133 966 3199 Postea
988 3133 1077 3198 mille
1101 3134 1206 3199 modis
1229 3134 1314 3200 addo
1338 3134 1453 3200 salutis
1476 3156 1569 3221 opus.

758 3579 974 3668 Omnipotens
997 3580 1147 3646 dominus
1170 3581 1267 3647 dccet
1288 3589 1326 3646 ut
1348 3581 1434 3668 quod
1457 3582 1537 3648 iecit
1559 3604 1706 3668 agamus.

754 3681 876 3749 Desint
899 3683 1073 3748 iuratori:
1103 3683 1222 3749 teritur
1245 3685 1293 3750 sic
1316 3685 1433 3751 semite
1456 3684 1588 3750 Christi.

757 3783 822 3859 Qui
842 3791 937 3872 pstor
960 3806 1008 3868 es,
1031 3784 1138 3852 soboli
1161 3785 1304 3873 spatium
1325 3785 1447 3871 largire
1471 3787 1632 3872 sequenti,

758 3887 805 3954 Ut
827 3893 884 3954 tue
907 3889 1069 3974 contiguis
1092 3895 1228 3977 pateant
1249 3889 1391 3976 vestigia
1412 3890 1544 3977 plantis,
1706 3875 1711 3888 ⁸

694 4013 705 4051 s
758 3989 803 4056 Et
826 4011 923 4076 seges
946 3998 1106 4079 erumpat,
1130 3991 1207 4058 dum
1228 4013 1295 4057 non
1319 3991 1406 4078 quod
1428 3993 1566 4081 protulit
1589 3994 1706 4060 obstat.

760 4093 898 4161 Subdita
919 4097 1077 4162 maternis
1100 4101 1232 4183 torpent
1254 4097 1447 4163 vitulamina
1470 4098 1580 4180 ramis,

757 4200 896 4267 Praesto
919 4201 1024 4266 fluunt
1046 4206 1178 4268 veteres
1200 4200 1243 4266 ad
1265 4201 1381 4268 florum
1404 4203 1553 4288 germina
1575 4202 1708 4268 frondes

757 4305 937 4391 Herbaquo
961 4305 1133 4370 sectricem
1157 4311 1254 4371 vocat
1277 4311 1348 4371 orto
1372 4307 1497 4372 semine
1520 4307 1648 4373 falcem.

757 4409 925 4497 Incipiens
947 4409 1049 4495 igitur
1071 4415 1203 4476 terreno
1228 4411 1354 4497 cespite
1376 4412 1455 4476 velli

681 4536 706 4574 ιο
758 4513 1013 4601 Transplautore
1037 4513 1123 4600 polo,
1147 4535 1223 4601 spes
1246 4515 1323 4580 hinc
1345 4515 1488 4582 animata
1510 4516 1662 4597 virescat,

744 4616 814 4683 'Sic
836 4615 930 4681 radix
953 4614 1061 4682 cordis
1085 4616 1170 4683 caeli
1193 4638 1229 4682 se
1254 4619 1432 4684 transierat
1455 4621 1551 4701 arvis,

756 4719 802 4785 Ut
823 4741 889 4786 non
911 4721 1064 4806 lapsurus
1087 4727 1282 4808 prorumpat
1303 4722 1337 4786 in
1361 4723 1478 4789 arbore
1502 4723 1639 4788 fructus.

523 4881 689 4888 -.——-·.-.-.
896 4880 1960 4888 mmmm—mm

516 4980 582 5049 vn,2
600 4985 662 5035 iocis
678 4983 742 5048 Vct,
759 4983 822 5035 locis
840 4982 919 5036 Simo.

517 5068 528 5133 ΙΙ
543 5071 710 5138 Omnipotens
721 5075 862 5123 -lructus
881 5087 929 5122 em.
950 5069 1028 5121 Sis-m.
1138 5069 1152 5121 1
1172 5087 1279 5138 agamus
1296 5071 1370 5124 docet
1387 5081 1417 5125 ut
1434 5087 1452 5136 q
1470 5070 1525 5121 l'at.
1630 5069 1647 5121 2
1665 5073 1766 5122 Desunt
1781 5069 1835 5122 l'ot.
