4756 6412
856 424 995 480 VERSUS
1014 425 1162 480 CONTRA
1181 427 1330 482 runicus

632 598 721 683 Ergo
745 598 886 678 studeto,
909 619 1037 684 precor,
1060 599 1218 664 furiosum
1241 602 1366 687 pellere
1389 602 1548 683 morbum,

712 701 767 768 Me
789 701 974 768 medicante
996 702 1066 768 fero
1089 705 1225 769 vulnere
1248 725 1346 770 sanus
1370 706 1446 770 eris.

536 825 574 862 aas
633 805 727 869 Illius
749 807 835 871 aima
857 828 973 872 manus
997 828 1070 872 cum
1093 813 1127 872 te
1151 810 1315 874 sanaverit
1336 831 1483 895 aegrum,

716 909 755 973 In
776 916 811 974 te
834 911 917 976 haee
939 918 1067 996 regnet,
1090 921 1144 976 eat
1166 912 1270 998 pestis
1293 913 1413 978 acerba
1435 915 1559 1000 procul.

632 1012 715 1078 Cum
737 1021 770 1078 te
793 1034 964 1078 causarum
988 1022 1083 1079 vocat
1106 1014 1147 1080 ad
1169 1016 1240 1080 fora
1261 1016 1393 1082 turbida
1415 1017 1559 1103 clangor,

639 1183 642 1189 ,
714 1117 840 1202 Estque
863 1117 1037 1184 ministerii
1059 1139 1112 1182 res
1135 1118 1325 1204 peragenda
1345 1120 1404 1200 tui,

630 1221 797 1308 Principio
821 1224 894 1288 loca
917 1230 1032 1288 saneta
1053 1223 1161 1288 iibens
1184 1222 1334 1289 adeunda
1356 1226 1496 1309 require,

535 1346 574 1386 sao
717 1326 810 1400 Quae
831 1334 919 1413 pete,
942 1326 1083 1411 dumque
1105 1326 1202 1413 petis,
1225 1327 1276 1392 fer
1298 1328 1353 1413 pia
1375 1335 1451 1392 vota
1473 1326 1554 1402 de0;

630 1428 674 1493 Et
697 1430 835 1516 supplex
858 1451 1003 1516 exposce
1027 1439 1099 1495 tuos
1121 1438 1159 1495 ut
1181 1430 1303 1517 dirigat
1325 1439 1428 1512 actus,

708 1533 779 1598 Nec
802 1533 889 1597 sinat
911 1535 978 1598 ulla
1000 1534 1071 1619 geri
1093 1534 1127 1597 ni
1148 1535 1310 1620 placitura
1331 1534 1404 1600 sibi.

631 1636 715 1700 Nam
738 1635 854 1701 modus
878 1645 930 1701 est
953 1638 1079 1702 eunctis
1104 1637 1305 1702 servandus¹
1328 1638 1362 1702 iu
1385 1639 1514 1704 actibus
1538 1640 1611 1718 iste,

715 1737 797 1804 Cum
820 1760 872 1803 res
895 1739 1062 1825 quaelibet
1085 1747 1136 1805 est
1158 1740 1345 1826 incipienda
1367 1742 1438 1806 tibi.

535 1865 572 1903 se
631 1842 687 1908 Ius
711 1863 913 1929 regnumque
936 1843 989 1908 dei
1012 1865 1186 1909 censemur
1207 1865 1366 1930 quaerere
1389 1847 1540 1932 primum,

713 1947 833 2012 Omnia
856 1955 891 2012 ut
913 1948 974 2012 hac
996 1948 1092 2012 uobis
1114 1947 1298 2013 adiciantur
1320 1971 1391 2037 ope.

632 2051 796 2116 Marmore
821 2051 848 2115 si
871 2051 930 2115 tali
952 2052 1054 2115 iacias
1076 2050 1267 2116 fundamina
1289 2053 1404 2138 prima,

649 2225 656 2250 ,
719 2154 863 2219 Firmius
887 2177 982 2220 omne
1005 2156 1095 2241 pium
1117 2154 1193 2220 hino
1216 2155 1302 2220 bene
1324 2157 1429 2243 surgit
1451 2179 1544 2243 opus.

631 2260 660 2324 Ο
685 2259 799 2340 semel,
822 2257 841 2322 ό
864 2266 989 2344 quater,
1012 2259 1031 2323 ὀ
1055 2260 1180 2324 numeri
1205 2261 1280 2324 sine·
1298 2261 1374 2344 lege
1393 2261 1537 2342 beatum,

535 2384 574 2423 uo
719 2361 816 2437 Quod
839 2362 908 2443 tibi,
933 2362 1080 2444 Christe,
1104 2363 1188 2450 lapis
1212 2363 1323 2428 inolita
1346 2363 1483 2430 adheret
1505 2387 1598 2453 opus.

629 2468 708 2534 Mox
731 2469 772 2534 de
796 2487 888 2534 mora
911 2467 973 2532 fori
997 2470 1086 2534 celer
1108 2475 1228 2555 appete
1253 2469 1397 2534 claustra
1419 2469 1541 2553 sonori,

711 2571 783 2645 Quo
807 2580 841 2637 te
862 2571 930 2636 fors
954 2578 1083 2657 spectat
1105 2571 1250 2656 litigiosa
1273 2572 1400 2638 cohors.

630 2677 718 2742 Dum
741 2674 830 2742 redis
852 2675 972 2762 isque²,
996 2681 1092 2741 sonet
1114 2676 1142 2740 si
1164 2676 1266 2741 verba
1288 2678 1457 2763 precantia
1478 2700 1613 2767 pauper,

709 2779 774 2855 Qui
797 2801 833 2846 se
856 2785 931 2866 post
952 2779 1040 2845 dicat
1062 2801 1127 2845 non
1149 2779 1209 2844 tibi
1232 2801 1330 2866 posse
1353 2781 1454 2867 loqui,

534 2907 572 2945 au
630 2885 713 2950 Cum
736 2885 857 2970 populo
880 2885 1018 2970 stipatus
1042 2904 1098 2948 eas
1121 2883 1290 2949 foribusve
1313 2885 1475 2972 superbis,

712 2987 816 3053 Plebe
839 2986 988 3052 inhiante
1010 2987 1102 3066 ioris,
1126 2987 1198 3073 ipse
1221 2994 1374 3075 receptus
1399 2989 1476 3054 eris.

629 3091 677 3157 Te
699 3111 803 3177 prope
825 3089 910 3155 fidus
934 3097 987 3154 eat
1009 3091 1181 3175 iustusque
1204 3090 1345 3176 piusque
1366 3092 1527 3175 minister,

713 3191 891 3268 Quo'duee
913 3200 989 3280 post
1010 3194 1138 3258 tibimet
1161 3215 1287 3281 pauper
1308 3195 1426 3263 adesse
1449 3207 1558 3283 queat.

630 3297 692 3363 Oui
714 3297 820 3362 dieas:
857 3296 1035 3362 Hominem
1058 3299 1289 3384 conspectibus
1311 3297 1421 3366 addito
1444 3305 1575 3384 uostris,

532 3423 572 3462 aso
715 3400 837 3486 Magus
857 3401 1052 3486 quarellosis
1074 3402 1129 3486 qui
1151 3399 1252 3466 dabat
1273 3423 1350 3467 orsa
1371 3404 1482 3470 sonis’.

628 3504 673 3569 Et
695 3503 844 3569 residens
868 3504 938 3569 eius
961 3504 1101 3590 primum
1124 3503 1209 3569 bene
1231 3504 1360 3572 discute
1383 3528 1528 3590 causam,

712 3606 836 3673 Ordine
858 3615 933 3695 post
955 3615 1086 3672 currant
1108 3608 1239 3692 singula
1260 3629 1408 3696 quaeque
1431 3631 1501 3676 suo.

629 3712 683 3777 Ad
704 3712 775 3776 fora
797 3712 865 3776 fors
888 3711 1019 3797 quaeris
1042 3710 1195 3776 veniendi
1216 3719 1346 3799 tempus
1370 3721 1404 3780 et
1425 3714 1559 3780 horam?

708 3816 833 3902 Accipe
857 3815 1042 3894 consilium,
1065 3819 1171 3880 ‘mane
1194 3816 1326 3898 venito’,
1350 3818 1484 3882 menm'.

533 3943 571 3981 se
628 3921 758 4006 Perque
780 3918 868 3984 diem
891 3925 997 3983 totum
1019 3939 1085 3983 non
1107 3926 1140 3984 te
1162 3920 1256 3985 labor
1277 3919 1340 3984 iste
1363 3922 1524 4006 gravabit,

707 4022 795 4088 Hinc
819 4044 916 4108 seges
938 4029 990 4088 est
1011 4023 1124 4104 maior,
1148 4043 1212 4108 quo
1234 4044 1330 4109 mage
1354 4024 1501 4111 quisquis
1523 4033 1604 4092 arat.

628 4127 693 4201 Qui
715 4129 824 4213 legem
846 4133 883 4191 ut
906 4133 1048 4213 caperet,
1071 4126 1195 4192 ieiunia
1217 4147 1335 4212 magna
1357 4128 1497 4213 peregit,

708 4232 827 4298 Fertur
849 4232 882 4296 in
905 4232 966 4296 hoe
989 4238 1065 4296 actu
1088 4231 1297 4296 continuasse
1319 4231 1402 4300 dies.

628 4335 707 4400 Vidi
730 4357 792 4421 ego
816 4356 970 4400 censores
993 4334 1035 4399 ad
1057 4335 1137 4401 iuris
1161 4336 1271 4400 munia
1293 4333 1414 4416 tardos,

534 4463 574 4502 aaa
715 4439 863 4519 Munera,
885 4460 961 4504 nam
982 4439 1099 4520 fateor,
1123 4437 1163 4504 ad
1186 4439 1346 4526 capienda
1368 4440 1460 4507 citos.

629 4543 723 4608 Hora
744 4541 863 4607 adsum
885 4542 1009 4628 quinta,
1031 4549 1150 4607 norunt
1171 4542 1343 4608 discedere
1366 4562 1462 4625 nona,

713 4646 826 4711 Tertia
849 4647 877 4711 si
898 4645 1048 4724 adducat,
1072 4653 1167 4711 sexta
1189 4645 1316 4712 reducit
1338 4667 1404 4712 eos.

628 4750 713 4815 Nam
735 4749 813 4817 dare
837 4751 865 4815 si
888 4750 1022 4834 debent,
1043 4771 1143 4826 uona;
1167 4747 1388 4836 adprendere,
1410 4749 1517 4837 prima

710 4853 851 4935 Adsunt,
876 4861 991 4940 estque
1014 4855 1108 4934 citus,
1131 4855 1186 4939 qui
1209 4853 1306 4918 modo
1329 4871 1424 4919 serus
1446 4861 1527 4919 erat.

364 5131 416 5186 353
442 5135 542 5186 studete
558 5133 584 5184 P
672 5135 739 5202 palla
766 5137 876 5187 uerbum
895 5135 928 5184 M
1062 5133 1114 5186 aba
1137 5152 1217 5201 quum
1237 5133 1270 5184 M
1404 5129 1457 5183 356
1484 5148 1578 5183 aeonia
1592 5129 1660 5183 PM
1665 5171 1673 5198 ,
1699 5151 1767 5185 corr.
1788 5135 1817 5186 ia
1839 5137 1871 5189 ba
1892 5138 1916 5189 L

262 5217 313 5273 357
331 5223 418 5285 Quum
428 5219 495 5272 Pu
577 5218 627 5272 361
647 5220 775 5288 suplaxP
858 5217 910 5272 363
927 5221 977 5272 iste
989 5239 1036 5272 orn.
1051 5219 1077 5271 P
1160 5217 1212 5272 364
1224 5217 1386 5284 QuumLM
1468 5214 1521 5269 365
1538 5218 1635 5270 ΙῐηεΜ
1717 5216 1770 5272 370
1781 5221 1920 5290 inelytedI

261 5304 311 5358 371
339 5309 420 5359 sorori
435 5307 469 5357 d!
586 5305 638 5358 372
664 5309 725 5360 soris
741 5307 767 5359 P
885 5305 936 5358 374
965 5315 1049 5373 potest
1073 5308 1141 5359 dicat
1154 5307 1188 5357 d!
1308 5302 1360 5356 375
1390 5305 1539 5371 foribusque
1554 5303 1592 5384 Μὶ
1704 5301 1756 5358 376
1782 5308 1879 5362 iuiaute
1893 5309 1919 5361 P

260 5389 313 5444 378
330 5393 468 5445 ubimstdi
520 5393 632 5461 quastL
725 5391 777 5446 379
792 5395 832 5445 Cu
849 5392 954 5444 dicasP
1001 5392 1107 5444 additP
1200 5389 1254 5444 330
1270 5391 1371 5444 osssdI
1461 5388 1626 5444 tutioriff
1708 5389 1760 5445 366
1777 5402 1817 5448 est
1834 5397 1919 5450 mr

261 5475 312 5530 387
324 5479 466 5548 caparatM
568 5476 619 5530 391
643 5488 670 5532 et
692 5487 788 5530 uerunt
804 5479 917 5530 sdiscme
931 5476 958 5528 P
1053 5476 1105 5531 393
1123 5481 1179 5530 Nun
1194 5476 1220 5528 P
1320 5474 1373 5529 394
1390 5493 1470 5544 aequa
1487 5477 1553 5529 citus
1564 5475 1597 5542 P,
1614 5478 1660 5546 qui
1677 5479 1744 5531 citur
1761 5487 1801 5533 out
1811 5479 1843 5532 Μ

366 5633 393 5700 l)
420 5631 498 5702 Vere.
521 5635 589 5686 Aca.
612 5629 714 5695 XM
739 5631 775 5684 Et
795 5647 905 5685 servare
927 5631 1049 5685 modum.
1136 5630 1165 5699 2)
1185 5629 1232 5685 Oc.
1256 5630 1323 5684 Met.
1348 5629 1454 5694 ΙΙ,409
1480 5629 1553 5685 Dum
1575 5629 1649 5686 redit
1671 5629 1752 5700 itque
1777 5631 1915 5702 neqnem

262 5736 291 5805 3)
312 5735 360 5790 Oc.
378 5733 456 5790 Beria
474 5736 527 5790 992
544 5734 655 5804 Accipe,
674 5733 820 5790 consilium
838 5735 914 5804 quod
932 5735 970 5788 sit
987 5735 1018 5792 in
1035 5735 1103 5790 urbe
1120 5751 1221 5790 meum.
