<?xml version="1.0" encoding="UTF-8"?>
<!DOCTYPE html PUBLIC "-//W3C//DTD XHTML 1.0 Transitional//EN"
    "http://www.w3.org/TR/xhtml1/DTD/xhtml1-transitional.dtd">
<html xmlns="http://www.w3.org/1999/xhtml" xml:lang="en" lang="en">
 <head>
  <title>
</title>
<meta http-equiv="Content-Type" content="text/html;charset=utf-8" />
  <meta name='ocr-system' content='tesseract 3.04.00' />
  <meta name='ocr-capabilities' content='ocr_page ocr_carea ocr_par ocr_line ocrx_word'/>
</head>
<body>
  <div class='ocr_page' id='page_1' title='image "./monumentagerman01unkngoog/monumentagerman01unkngoog_0607.png"; bbox 0 0 4612 6414; ppageno 0'>
   <div class='ocr_carea' id='block_1_1' title="bbox 1083 416 1480 472">
    <p class='ocr_par' dir='ltr' id='par_1_1' title="bbox 1083 416 1480 472">
     <span class='ocr_line' id='line_1_1' title="bbox 1083 416 1480 472; baseline -0.003 -2"><span class='ocrx_word' id='word_1_1' title='bbox 1083 417 1302 472; x_wconf 76' lang='lat' dir='ltr'>AEDILVULFI</span> <span class='ocrx_word' id='word_1_2' title='bbox 1321 416 1480 470; x_wconf 78' lang='lat' dir='ltr'>CARMEN.</span> 
     </span>
    </p>
   </div>
   <div class='ocr_carea' id='block_1_2' title="bbox 718 589 1835 5125">
    <p class='ocr_par' dir='ltr' id='par_1_2' title="bbox 718 589 1835 5125">
     <span class='ocr_line' id='line_1_2' title="bbox 821 589 1667 678; baseline -0.001 -24"><span class='ocrx_word' id='word_1_3' title='bbox 821 590 1028 674; x_wconf 88' lang='lat' dir='ltr'>Degrediens</span> <span class='ocrx_word' id='word_1_4' title='bbox 1052 589 1172 654; x_wconf 90' lang='lat' dir='ltr'>mundo</span> <span class='ocrx_word' id='word_1_5' title='bbox 1195 611 1312 676; x_wconf 91' lang='lat' dir='ltr'>passus</span> <span class='ocrx_word' id='word_1_6' title='bbox 1337 590 1557 678; x_wconf 14' lang='lat' dir='ltr'>componityiu</span> <span class='ocrx_word' id='word_1_7' title='bbox 1581 589 1667 654; x_wconf 86' lang='lat' dir='ltr'>arvis</span> 
     </span>
     <span class='ocr_line' id='line_1_3' title="bbox 752 691 1662 782; baseline -0.005 -22"><span class='ocrx_word' id='word_1_8' title='bbox 752 718 763 753; x_wconf 76' lang='lat' dir='ltr'>s</span> <span class='ocrx_word' id='word_1_9' title='bbox 822 695 896 760; x_wconf 88' lang='lat' dir='ltr'>Non</span> <span class='ocrx_word' id='word_1_10' title='bbox 919 695 1006 760; x_wconf 91' lang='lat' dir='ltr'>notis</span> <span class='ocrx_word' id='word_1_11' title='bbox 1030 694 1164 782; x_wconf 81' lang='lat' dir='ltr'>pavido:</span> <span class='ocrx_word' id='word_1_12' title='bbox 1187 694 1316 760; x_wconf 77' lang='lat' dir='ltr'>servent</span> <span class='ocrx_word' id='word_1_13' title='bbox 1338 693 1522 780; x_wconf 90' lang='lat' dir='ltr'>penetralia</span> <span class='ocrx_word' id='word_1_14' title='bbox 1544 691 1662 772; x_wconf 79' lang='lat' dir='ltr'>cordis,</span> 
     </span>
     <span class='ocr_line' id='line_1_4' title="bbox 819 795 1719 881; baseline -0.002 -21"><span class='ocrx_word' id='word_1_15' title='bbox 819 796 872 861; x_wconf 87' lang='lat' dir='ltr'>Ac</span> <span class='ocrx_word' id='word_1_16' title='bbox 893 795 990 860; x_wconf 89' lang='lat' dir='ltr'>timor</span> <span class='ocrx_word' id='word_1_17' title='bbox 1012 796 1180 861; x_wconf 90' lang='lat' dir='ltr'>inmensus</span> <span class='ocrx_word' id='word_1_18' title='bbox 1204 796 1354 881; x_wconf 90' lang='lat' dir='ltr'>quatiens</span> <span class='ocrx_word' id='word_1_19' title='bbox 1377 796 1552 881; x_wconf 81' lang='lat' dir='ltr'>vultusque</span> <span class='ocrx_word' id='word_1_20' title='bbox 1575 796 1719 860; x_wconf 80' lang='lat' dir='ltr'>minaces</span> 
     </span>
     <span class='ocr_line' id='line_1_5' title="bbox 818 899 1710 987; baseline -0.001 -22"><span class='ocrx_word' id='word_1_21' title='bbox 818 900 885 965; x_wconf 89' lang='lat' dir='ltr'>Per</span> <span class='ocrx_word' id='word_1_22' title='bbox 907 900 1061 965; x_wconf 88' lang='lat' dir='ltr'>tenebras</span> <span class='ocrx_word' id='word_1_23' title='bbox 1083 901 1225 964; x_wconf 89' lang='lat' dir='ltr'>animam</span> <span class='ocrx_word' id='word_1_24' title='bbox 1248 901 1417 966; x_wconf 88' lang='lat' dir='ltr'>terrebant</span> <span class='ocrx_word' id='word_1_25' title='bbox 1438 899 1568 987; x_wconf 83' lang='lat' dir='ltr'>agmine</span> <span class='ocrx_word' id='word_1_26' title='bbox 1593 901 1710 987; x_wconf 90' lang='lat' dir='ltr'>spisso,</span> 
     </span>
     <span class='ocr_line' id='line_1_6' title="bbox 819 1001 1679 1088; baseline -0.007 -22"><span class='ocrx_word' id='word_1_27' title='bbox 819 1002 1036 1088; x_wconf 81' lang='lat' dir='ltr'>Diversisque</span> <span class='ocrx_word' id='word_1_28' title='bbox 1059 1001 1165 1067; x_wconf 90' lang='lat' dir='ltr'>modis</span> <span class='ocrx_word' id='word_1_29' title='bbox 1189 1002 1358 1088; x_wconf 78' lang='lat' dir='ltr'><strong>agitabant</strong></span> <span class='ocrx_word' id='word_1_30' title='bbox 1379 1001 1509 1067; x_wconf 89' lang='lat' dir='ltr'>turbida</span> <span class='ocrx_word' id='word_1_31' title='bbox 1531 1003 1643 1068; x_wconf 88' lang='lat' dir='ltr'>flabra.</span> <span class='ocrx_word' id='word_1_32' title='bbox 1676 1055 1679 1060; x_wconf 87' lang='lat'><em>.</em></span> 
     </span>
     <span class='ocr_line' id='line_1_7' title="bbox 821 1095 1714 1193; baseline 0.001 -23"><span class='ocrx_word' id='word_1_33' title='bbox 821 1095 968 1191; x_wconf 80' lang='lat' dir='ltr'>Cumque</span> <span class='ocrx_word' id='word_1_34' title='bbox 992 1105 1047 1170; x_wconf 92' lang='lat' dir='ltr'>diu</span> <span class='ocrx_word' id='word_1_35' title='bbox 1070 1104 1219 1193; x_wconf 89' lang='lat' dir='ltr'>trepidus</span> <span class='ocrx_word' id='word_1_36' title='bbox 1243 1127 1303 1192; x_wconf 90' lang='lat' dir='ltr'>per</span> <span class='ocrx_word' id='word_1_37' title='bbox 1325 1106 1437 1170; x_wconf 77' lang='lat' dir='ltr'>tristes</span> <span class='ocrx_word' id='word_1_38' title='bbox 1462 1107 1510 1170; x_wconf 90' lang='lat' dir='ltr'>ire</span> <span class='ocrx_word' id='word_1_39' title='bbox 1533 1106 1714 1193; x_wconf 86' lang='lat' dir='ltr'>phalanges</span> 
     </span>
     <span class='ocr_line' id='line_1_8' title="bbox 823 1193 1664 1298; baseline 0 -24"><span class='ocrx_word' id='word_1_40' title='bbox 823 1209 969 1295; x_wconf 85' lang='lat' dir='ltr'>Oogitur,</span> <span class='ocrx_word' id='word_1_41' title='bbox 992 1230 1033 1274; x_wconf 91' lang='lat' dir='ltr'>en</span> <span class='ocrx_word' id='word_1_42' title='bbox 1058 1209 1166 1274; x_wconf 91' lang='lat' dir='ltr'>subito</span> <span class='ocrx_word' id='word_1_43' title='bbox 1190 1209 1301 1274; x_wconf 91' lang='lat' dir='ltr'>nitidis</span> <span class='ocrx_word' id='word_1_44' title='bbox 1324 1209 1417 1294; x_wconf 90' lang='lat' dir='ltr'>quasi</span> <span class='ocrx_word' id='word_1_45' title='bbox 1439 1193 1595 1298; x_wconf 72' lang='lat' dir='ltr'>vultibus‘</span> <span class='ocrx_word' id='word_1_46' title='bbox 1608 1210 1664 1274; x_wconf 91' lang='lat' dir='ltr'>olli</span> 
     </span>
     <span class='ocr_line' id='line_1_9' title="bbox 820 1310 1631 1398; baseline -0.001 -21"><span class='ocrx_word' id='word_1_47' title='bbox 820 1311 1015 1398; x_wconf 87' lang='lat' dir='ltr'>Apparuere</span> <span class='ocrx_word' id='word_1_48' title='bbox 1039 1310 1111 1392; x_wconf 87' lang='lat' dir='ltr'>viri,</span> <span class='ocrx_word' id='word_1_49' title='bbox 1134 1318 1248 1376; x_wconf 89' lang='lat' dir='ltr'>tenero</span> <span class='ocrx_word' id='word_1_50' title='bbox 1272 1332 1353 1396; x_wconf 91' lang='lat' dir='ltr'>quos</span> <span class='ocrx_word' id='word_1_51' title='bbox 1377 1333 1513 1398; x_wconf 88' lang='lat' dir='ltr'>corpore</span> <span class='ocrx_word' id='word_1_52' title='bbox 1536 1319 1631 1377; x_wconf 91' lang='lat' dir='ltr'>natos</span> 
     </span>
     <span class='ocr_line' id='line_1_10' title="bbox 821 1413 1664 1500; baseline 0.001 -20"><span class='ocrx_word' id='word_1_53' title='bbox 821 1415 892 1480; x_wconf 91' lang='lat' dir='ltr'>Iam</span> <span class='ocrx_word' id='word_1_54' title='bbox 914 1414 1048 1480; x_wconf 79' lang='lat' dir='ltr'>morbus</span> <span class='ocrx_word' id='word_1_55' title='bbox 1073 1413 1235 1500; x_wconf 90' lang='lat' dir='ltr'>quondam</span> <span class='ocrx_word' id='word_1_56' title='bbox 1258 1416 1347 1480; x_wconf 91' lang='lat' dir='ltr'>vitae</span> <span class='ocrx_word' id='word_1_57' title='bbox 1371 1415 1512 1480; x_wconf 84' lang='lat' dir='ltr'>detrusit</span> <span class='ocrx_word' id='word_1_58' title='bbox 1534 1415 1575 1481; x_wconf 87' lang='lat' dir='ltr'>ab</span> <span class='ocrx_word' id='word_1_59' title='bbox 1599 1417 1664 1481; x_wconf 90' lang='lat' dir='ltr'>oris</span> 
     </span>
     <span class='ocr_line' id='line_1_11' title="bbox 822 1518 1553 1606; baseline 0.001 -22"><span class='ocrx_word' id='word_1_60' title='bbox 822 1518 980 1585; x_wconf 77' lang='lat' dir='ltr'>Instantis</span> <span class='ocrx_word' id='word_1_61' title='bbox 1002 1520 1121 1584; x_wconf 87' lang='lat' dir='ltr'>tinctos</span> <span class='ocrx_word' id='word_1_62' title='bbox 1144 1540 1258 1606; x_wconf 81' lang='lat' dir='ltr'>nuper,</span> <span class='ocrx_word' id='word_1_63' title='bbox 1283 1519 1341 1584; x_wconf 90' lang='lat' dir='ltr'>sed</span> <span class='ocrx_word' id='word_1_64' title='bbox 1364 1520 1431 1585; x_wconf 84' lang='lat' dir='ltr'>vita</span> <span class='ocrx_word' id='word_1_65' title='bbox 1454 1521 1553 1586; x_wconf 92' lang='lat' dir='ltr'>beata</span> 
     </span>
     <span class='ocr_line' id='line_1_12' title="bbox 822 1615 1625 1710; baseline 0.002 -23"><span class='ocrx_word' id='word_1_66' title='bbox 822 1623 919 1689; x_wconf 85' lang='lat' dir='ltr'>Albis</span> <span class='ocrx_word' id='word_1_67' title='bbox 942 1615 1257 1708; x_wconf 59' lang='lat' dir='ltr'>indutos&#39;gremium</span> <span class='ocrx_word' id='word_1_68' title='bbox 1280 1624 1435 1710; x_wconf 80' lang='lat' dir='ltr'>produxit</span> <span class='ocrx_word' id='word_1_69' title='bbox 1457 1624 1491 1688; x_wconf 93' lang='lat' dir='ltr'>in</span> <span class='ocrx_word' id='word_1_70' title='bbox 1513 1625 1625 1690; x_wconf 90' lang='lat' dir='ltr'>altum.</span> 
     </span>
     <span class='ocr_line' id='line_1_13' title="bbox 827 1726 1579 1812; baseline 0.004 -21"><span class='ocrx_word' id='word_1_71' title='bbox 827 1726 891 1791; x_wconf 92' lang='lat' dir='ltr'>His</span> <span class='ocrx_word' id='word_1_72' title='bbox 914 1726 1014 1812; x_wconf 89' lang='lat' dir='ltr'>igitur</span> <span class='ocrx_word' id='word_1_73' title='bbox 1036 1728 1126 1809; x_wconf 86' lang='lat' dir='ltr'>visis,</span> <span class='ocrx_word' id='word_1_74' title='bbox 1149 1728 1257 1792; x_wconf 90' lang='lat' dir='ltr'>animo</span> <span class='ocrx_word' id='word_1_75' title='bbox 1281 1730 1484 1794; x_wconf 81' lang='lat' dir='ltr'>constantior</span> <span class='ocrx_word' id='word_1_76' title='bbox 1506 1750 1579 1794; x_wconf 90' lang='lat' dir='ltr'>esse</span> 
     </span>
     <span class='ocr_line' id='line_1_14' title="bbox 825 1821 1687 1922; baseline 0.003 -28"><span class='ocrx_word' id='word_1_77' title='bbox 825 1829 990 1916; x_wconf 79' lang='lat' dir='ltr'>Coeperat</span> <span class='ocrx_word' id='word_1_78' title='bbox 1013 1837 1046 1894; x_wconf 91' lang='lat' dir='ltr'>et</span> <span class='ocrx_word' id='word_1_79' title='bbox 1069 1821 1175 1895; x_wconf 89' lang='lat' dir='ltr'>laetus</span> <span class='ocrx_word' id='word_1_80' title='bbox 1197 1832 1321 1918; x_wconf 88' lang='lat' dir='ltr'>pariter</span> <span class='ocrx_word' id='word_1_81' title='bbox 1343 1832 1518 1898; x_wconf 81' lang='lat' dir='ltr'>comitatus</span> <span class='ocrx_word' id='word_1_82' title='bbox 1534 1833 1687 1922; x_wconf 75' lang='lat' dir='ltr'>eosdem,</span> 
     </span>
     <span class='ocr_line' id='line_1_15' title="bbox 822 1932 1708 2024; baseline 0.006 -28"><span class='ocrx_word' id='word_1_83' title='bbox 822 1933 898 2024; x_wconf 81' lang='lat' dir='ltr'>Ibat</span> <span class='ocrx_word' id='word_1_84' title='bbox 919 1932 961 1997; x_wconf 92' lang='lat' dir='ltr'>ad</span> <span class='ocrx_word' id='word_1_85' title='bbox 983 1933 1149 2014; x_wconf 86' lang='lat' dir='ltr'>iudicium,</span> <span class='ocrx_word' id='word_1_86' title='bbox 1172 1941 1305 2021; x_wconf 87' lang='lat' dir='ltr'>praetor</span> <span class='ocrx_word' id='word_1_87' title='bbox 1326 1935 1413 2021; x_wconf 90' lang='lat' dir='ltr'>quod</span> <span class='ocrx_word' id='word_1_88' title='bbox 1435 1938 1596 2022; x_wconf 85' lang='lat' dir='ltr'>maximus</span> <span class='ocrx_word' id='word_1_89' title='bbox 1620 1939 1708 2002; x_wconf 92' lang='lat' dir='ltr'>omni</span> 
     </span>
     <span class='ocr_line' id='line_1_16' title="bbox 824 2034 1621 2121; baseline 0.005 -21"><span class='ocrx_word' id='word_1_90' title='bbox 824 2034 1019 2121; x_wconf 85' lang='lat' dir='ltr'>Egredienti</span> <span class='ocrx_word' id='word_1_91' title='bbox 1042 2037 1173 2102; x_wconf 89' lang='lat' dir='ltr'>animae</span> <span class='ocrx_word' id='word_1_92' title='bbox 1197 2037 1356 2104; x_wconf 89' lang='lat' dir='ltr'>discernit</span> <span class='ocrx_word' id='word_1_93' title='bbox 1378 2038 1511 2105; x_wconf 90' lang='lat' dir='ltr'>sedibus</span> <span class='ocrx_word' id='word_1_94' title='bbox 1534 2041 1621 2104; x_wconf 91' lang='lat' dir='ltr'>altis.</span> 
     </span>
     <span class='ocr_line' id='line_1_17' title="bbox 823 2138 1676 2229; baseline 0.005 -26"><span class='ocrx_word' id='word_1_95' title='bbox 823 2138 922 2203; x_wconf 89' lang='lat' dir='ltr'>Hunc</span> <span class='ocrx_word' id='word_1_96' title='bbox 945 2138 1084 2223; x_wconf 87' lang='lat' dir='ltr'>genibus</span> <span class='ocrx_word' id='word_1_97' title='bbox 1107 2141 1203 2206; x_wconf 87' lang='lat' dir='ltr'>flexis</span> <span class='ocrx_word' id='word_1_98' title='bbox 1226 2142 1348 2228; x_wconf 87' lang='lat' dir='ltr'>rogitat</span> <span class='ocrx_word' id='word_1_99' title='bbox 1369 2144 1494 2229; x_wconf 87' lang='lat' dir='ltr'>pietate</span> <span class='ocrx_word' id='word_1_100' title='bbox 1517 2141 1676 2224; x_wconf 75' lang='lat' dir='ltr'>modesta,</span> 
     </span>
     <span class='ocr_line' id='line_1_18' title="bbox 741 2243 1625 2329; baseline 0.007 -23"><span class='ocrx_word' id='word_1_101' title='bbox 741 2267 753 2306; x_wconf 76' lang='lat' dir='ltr'>a</span> <span class='ocrx_word' id='word_1_102' title='bbox 827 2243 870 2308; x_wconf 91' lang='lat' dir='ltr'>Ut</span> <span class='ocrx_word' id='word_1_103' title='bbox 889 2243 957 2308; x_wconf 80' lang='lat' dir='ltr'>sibi</span> <span class='ocrx_word' id='word_1_104' title='bbox 979 2264 1043 2308; x_wconf 93' lang='lat' dir='ltr'>non</span> <span class='ocrx_word' id='word_1_105' title='bbox 1068 2243 1166 2329; x_wconf 91' lang='lat' dir='ltr'>digno</span> <span class='ocrx_word' id='word_1_106' title='bbox 1190 2248 1319 2312; x_wconf 87' lang='lat' dir='ltr'>veniam</span> <span class='ocrx_word' id='word_1_107' title='bbox 1343 2246 1490 2324; x_wconf 72' lang='lat' dir='ltr'>donaret,</span> <span class='ocrx_word' id='word_1_108' title='bbox 1514 2253 1547 2311; x_wconf 86' lang='lat' dir='ltr'>at</span> <span class='ocrx_word' id='word_1_109' title='bbox 1569 2247 1625 2312; x_wconf 91' lang='lat' dir='ltr'>ille</span> 
     </span>
     <span class='ocr_line' id='line_1_19' title="bbox 825 2345 1617 2435; baseline 0.003 -24"><span class='ocrx_word' id='word_1_110' title='bbox 825 2345 967 2412; x_wconf 83' lang='lat' dir='ltr'>Sedibus</span> <span class='ocrx_word' id='word_1_111' title='bbox 990 2369 1008 2413; x_wconf 92' lang='lat' dir='ltr'>e</span> <span class='ocrx_word' id='word_1_112' title='bbox 1033 2349 1167 2412; x_wconf 90' lang='lat' dir='ltr'>summis</span> <span class='ocrx_word' id='word_1_113' title='bbox 1190 2349 1395 2435; x_wconf 91' lang='lat' dir='ltr'>respondens</span> <span class='ocrx_word' id='word_1_114' title='bbox 1418 2351 1497 2415; x_wconf 91' lang='lat' dir='ltr'>talia</span> <span class='ocrx_word' id='word_1_115' title='bbox 1518 2350 1617 2414; x_wconf 88' lang='lat' dir='ltr'>fatur:</span> 
     </span>
     <span class='ocr_line' id='line_1_20' title="bbox 911 2441 1827 2542; baseline -0.001 -26"><span class='ocrx_word' id='word_1_116' title='bbox 911 2441 1013 2516; x_wconf 73' lang='lat' dir='ltr'>‘Cum¹</span> <span class='ocrx_word' id='word_1_117' title='bbox 1026 2459 1061 2517; x_wconf 95' lang='lat' dir='ltr'>tu</span> <span class='ocrx_word' id='word_1_118' title='bbox 1085 2452 1330 2538; x_wconf 87' lang='lat' dir='ltr'>transgrediens</span> <span class='ocrx_word' id='word_1_119' title='bbox 1352 2461 1533 2541; x_wconf 88' lang='lat' dir='ltr'>postponas</span> <span class='ocrx_word' id='word_1_120' title='bbox 1556 2454 1658 2542; x_wconf 76' lang='lat' dir='ltr'>uerba</span> <span class='ocrx_word' id='word_1_121' title='bbox 1680 2452 1827 2528; x_wconf 80' lang='lat' dir='ltr'>maritae,</span> 
     </span>
     <span class='ocr_line' id='line_1_21' title="bbox 804 2551 1739 2643; baseline -0.003 -21"><span class='ocrx_word' id='word_1_122' title='bbox 804 2551 1078 2643; x_wconf 17' lang='lat' dir='ltr'>eOonpaetaeque</span> <span class='ocrx_word' id='word_1_123' title='bbox 1101 2556 1198 2622; x_wconf 81' lang='lat' dir='ltr'>iidem</span> <span class='ocrx_word' id='word_1_124' title='bbox 1221 2557 1383 2624; x_wconf 77' lang='lat' dir='ltr'>thalamos</span> <span class='ocrx_word' id='word_1_125' title='bbox 1406 2556 1554 2623; x_wconf 90' lang='lat' dir='ltr'>iterando</span> <span class='ocrx_word' id='word_1_126' title='bbox 1577 2557 1739 2642; x_wconf 82' lang='lat' dir='ltr'>fugasses,</span> 
     </span>
     <span class='ocr_line' id='line_1_22' title="bbox 826 2651 1827 2747; baseline 0 -23"><span class='ocrx_word' id='word_1_127' title='bbox 826 2660 892 2725; x_wconf 84' lang='lat' dir='ltr'>Cur</span> <span class='ocrx_word' id='word_1_128' title='bbox 919 2659 981 2725; x_wconf 91' lang='lat' dir='ltr'>tibi</span> <span class='ocrx_word' id='word_1_129' title='bbox 1011 2680 1096 2724; x_wconf 91' lang='lat' dir='ltr'>nunc</span> <span class='ocrx_word' id='word_1_130' title='bbox 1119 2659 1248 2726; x_wconf 88' lang='lat' dir='ltr'>veniam</span> <span class='ocrx_word' id='word_1_131' title='bbox 1271 2660 1399 2745; x_wconf 88' lang='lat' dir='ltr'>gelidae</span> <span class='ocrx_word' id='word_1_132' title='bbox 1424 2661 1483 2726; x_wconf 92' lang='lat' dir='ltr'>sub</span> <span class='ocrx_word' id='word_1_133' title='bbox 1507 2668 1655 2747; x_wconf 89' lang='lat' dir='ltr'>tempore</span> <span class='ocrx_word' id='word_1_134' title='bbox 1676 2651 1827 2724; x_wconf 68' lang='lat' dir='ltr'>mortius·</span> 
     </span>
     <span class='ocr_line' id='line_1_23' title="bbox 745 2763 1775 2851; baseline 0.003 -28"><span class='ocrx_word' id='word_1_135' title='bbox 745 2785 765 2823; x_wconf 81' lang='lat' dir='ltr'>a</span> <span class='ocrx_word' id='word_1_136' title='bbox 828 2764 893 2828; x_wconf 90' lang='lat' dir='ltr'>Hic</span> <span class='ocrx_word' id='word_1_137' title='bbox 916 2763 1017 2827; x_wconf 90' lang='lat' dir='ltr'>tribui</span> <span class='ocrx_word' id='word_1_138' title='bbox 1038 2763 1158 2848; x_wconf 83' lang='lat' dir='ltr'>poscis,</span> <span class='ocrx_word' id='word_1_139' title='bbox 1182 2763 1299 2827; x_wconf 85' lang='lat' dir='ltr'>veniae</span> <span class='ocrx_word' id='word_1_140' title='bbox 1322 2785 1387 2848; x_wconf 88' lang='lat' dir='ltr'>quo</span> <span class='ocrx_word' id='word_1_141' title='bbox 1410 2771 1559 2851; x_wconf 90' lang='lat' dir='ltr'>tempora</span> <span class='ocrx_word' id='word_1_142' title='bbox 1580 2785 1646 2828; x_wconf 91' lang='lat' dir='ltr'>non</span> <span class='ocrx_word' id='word_1_143' title='bbox 1670 2763 1775 2828; x_wconf 81' lang='lat' dir='ltr'>sunt‘t&#39;</span> 
     </span>
     <span class='ocr_line' id='line_1_24' title="bbox 825 2865 1602 2960; baseline -0.001 -28"><span class='ocrx_word' id='word_1_144' title='bbox 825 2867 889 2932; x_wconf 86' lang='lat' dir='ltr'>Ast</span> <span class='ocrx_word' id='word_1_145' title='bbox 911 2866 1005 2952; x_wconf 91' lang='lat' dir='ltr'>pueri</span> <span class='ocrx_word' id='word_1_146' title='bbox 1029 2865 1169 2960; x_wconf 84' lang='lat' dir='ltr'>genibus</span> <span class='ocrx_word' id='word_1_147' title='bbox 1192 2865 1287 2930; x_wconf 78' lang='lat' dir='ltr'>flexis</span> <span class='ocrx_word' id='word_1_148' title='bbox 1311 2867 1434 2952; x_wconf 89' lang='lat' dir='ltr'>pietate</span> <span class='ocrx_word' id='word_1_149' title='bbox 1457 2868 1602 2932; x_wconf 86' lang='lat' dir='ltr'>vicissim</span> 
     </span>
     <span class='ocr_line' id='line_1_25' title="bbox 826 2961 1710 3058; baseline -0.001 -23"><span class='ocrx_word' id='word_1_150' title='bbox 826 2970 880 3035; x_wconf 77' lang='lat' dir='ltr'>Ad</span> <span class='ocrx_word' id='word_1_151' title='bbox 901 2961 1031 3035; x_wconf 80' lang='lat' dir='ltr'>veniam</span> <span class='ocrx_word' id='word_1_152' title='bbox 1054 2969 1156 3055; x_wconf 89' lang='lat' dir='ltr'>patris</span> <span class='ocrx_word' id='word_1_153' title='bbox 1180 2990 1350 3054; x_wconf 86' lang='lat' dir='ltr'>procerem</span> <span class='ocrx_word' id='word_1_154' title='bbox 1373 2969 1517 3036; x_wconf 83' lang='lat' dir='ltr'>vocitare</span> <span class='ocrx_word' id='word_1_155' title='bbox 1540 2970 1710 3058; x_wconf 87' lang='lat' dir='ltr'>parabant.</span> 
     </span>
     <span class='ocr_line' id='line_1_26' title="bbox 826 3070 1628 3156; baseline -0.001 -17"><span class='ocrx_word' id='word_1_156' title='bbox 826 3074 888 3139; x_wconf 89' lang='lat' dir='ltr'>Ille</span> <span class='ocrx_word' id='word_1_157' title='bbox 913 3072 972 3137; x_wconf 92' lang='lat' dir='ltr'>sed</span> <span class='ocrx_word' id='word_1_158' title='bbox 995 3072 1117 3136; x_wconf 87' lang='lat' dir='ltr'>inmitis</span> <span class='ocrx_word' id='word_1_159' title='bbox 1141 3070 1303 3137; x_wconf 90' lang='lat' dir='ltr'>dominam</span> <span class='ocrx_word' id='word_1_160' title='bbox 1327 3073 1460 3139; x_wconf 89' lang='lat' dir='ltr'>visitare</span> <span class='ocrx_word' id='word_1_161' title='bbox 1484 3074 1628 3156; x_wconf 80' lang='lat' dir='ltr'>iubebat,</span> 
     </span>
     <span class='ocr_line' id='line_1_27' title="bbox 825 3174 1734 3266; baseline 0.001 -25"><span class='ocrx_word' id='word_1_162' title='bbox 825 3175 1017 3260; x_wconf 90' lang='lat' dir='ltr'>Iudicioque</span> <span class='ocrx_word' id='word_1_163' title='bbox 1041 3196 1100 3239; x_wconf 92' lang='lat' dir='ltr'>suo</span> <span class='ocrx_word' id='word_1_164' title='bbox 1123 3174 1254 3239; x_wconf 80' lang='lat' dir='ltr'>veniam</span> <span class='ocrx_word' id='word_1_165' title='bbox 1277 3176 1330 3240; x_wconf 83' lang='lat' dir='ltr'>vel</span> <span class='ocrx_word' id='word_1_166' title='bbox 1354 3196 1482 3242; x_wconf 92' lang='lat' dir='ltr'>sumere</span> <span class='ocrx_word' id='word_1_167' title='bbox 1506 3198 1645 3264; x_wconf 91' lang='lat' dir='ltr'>poenam</span> <span class='ocrx_word' id='word_1_168' title='bbox 1732 3257 1734 3266; x_wconf 25' lang='grc' dir='ltr'>Ι</span> 
     </span>
     <span class='ocr_line' id='line_1_28' title="bbox 745 3265 1668 3368; baseline 0.004 -27"><span class='ocrx_word' id='word_1_169' title='bbox 745 3304 771 3342; x_wconf 84' lang='lat' dir='ltr'>so</span> <span class='ocrx_word' id='word_1_170' title='bbox 830 3279 998 3364; x_wconf 77' lang='lat' dir='ltr'>Coniugis,</span> <span class='ocrx_word' id='word_1_171' title='bbox 1022 3286 1073 3343; x_wconf 90' lang='lat' dir='ltr'>ast</span> <span class='ocrx_word' id='word_1_172' title='bbox 1096 3279 1188 3365; x_wconf 90' lang='lat' dir='ltr'>pueri</span> <span class='ocrx_word' id='word_1_173' title='bbox 1212 3278 1329 3365; x_wconf 86' lang='lat' dir='ltr'>pavido</span> <span class='ocrx_word' id='word_1_174' title='bbox 1353 3265 1529 3346; x_wconf 88' lang='lat' dir='ltr'>comitante</span> <span class='ocrx_word' id='word_1_175' title='bbox 1552 3282 1668 3368; x_wconf 72' lang='lat' dir='ltr'>manto</span> 
     </span>
     <span class='ocr_line' id='line_1_29' title="bbox 826 3381 1740 3469; baseline 0.001 -21"><span class='ocrx_word' id='word_1_176' title='bbox 826 3383 897 3448; x_wconf 90' lang='lat' dir='ltr'>Iam</span> <span class='ocrx_word' id='word_1_177' title='bbox 920 3381 1040 3468; x_wconf 89' lang='lat' dir='ltr'>trepidi</span> <span class='ocrx_word' id='word_1_178' title='bbox 1063 3382 1197 3446; x_wconf 90' lang='lat' dir='ltr'>nimium</span> <span class='ocrx_word' id='word_1_179' title='bbox 1221 3390 1398 3469; x_wconf 89' lang='lat' dir='ltr'>properant</span> <span class='ocrx_word' id='word_1_180' title='bbox 1420 3383 1461 3446; x_wconf 90' lang='lat' dir='ltr'>ad</span> <span class='ocrx_word' id='word_1_181' title='bbox 1484 3390 1571 3448; x_wconf 89' lang='lat' dir='ltr'>tecta</span> <span class='ocrx_word' id='word_1_182' title='bbox 1593 3384 1740 3464; x_wconf 72' lang='lat' dir='ltr'>maritae,</span> 
     </span>
     <span class='ocr_line' id='line_1_30' title="bbox 825 3486 1695 3572; baseline 0.001 -20"><span class='ocrx_word' id='word_1_183' title='bbox 825 3486 974 3552; x_wconf 85' lang='lat' dir='ltr'>Candida</span> <span class='ocrx_word' id='word_1_184' title='bbox 996 3507 1091 3572; x_wconf 91' lang='lat' dir='ltr'>quam</span> <span class='ocrx_word' id='word_1_185' title='bbox 1115 3488 1252 3551; x_wconf 92' lang='lat' dir='ltr'>multum</span> <span class='ocrx_word' id='word_1_186' title='bbox 1276 3488 1375 3551; x_wconf 90' lang='lat' dir='ltr'>celsis</span> <span class='ocrx_word' id='word_1_187' title='bbox 1399 3487 1440 3550; x_wconf 90' lang='lat' dir='ltr'>ad</span> <span class='ocrx_word' id='word_1_188' title='bbox 1464 3486 1573 3552; x_wconf 89' lang='lat' dir='ltr'>sidera</span> <span class='ocrx_word' id='word_1_189' title='bbox 1594 3489 1695 3553; x_wconf 90' lang='lat' dir='ltr'>muris</span> 
     </span>
     <span class='ocr_line' id='line_1_31' title="bbox 824 3591 1738 3679; baseline 0.001 -23"><span class='ocrx_word' id='word_1_190' title='bbox 824 3592 947 3657; x_wconf 83' lang='lat' dir='ltr'>Montis</span> <span class='ocrx_word' id='word_1_191' title='bbox 969 3591 1003 3654; x_wconf 93' lang='lat' dir='ltr'>in</span> <span class='ocrx_word' id='word_1_192' title='bbox 1026 3612 1101 3656; x_wconf 88' lang='lat' dir='ltr'>arce</span> <span class='ocrx_word' id='word_1_193' title='bbox 1124 3591 1198 3676; x_wconf 91' lang='lat' dir='ltr'>piae</span> <span class='ocrx_word' id='word_1_194' title='bbox 1222 3597 1404 3657; x_wconf 90' lang='lat' dir='ltr'>monstrant</span> <span class='ocrx_word' id='word_1_195' title='bbox 1428 3594 1584 3658; x_wconf 87' lang='lat' dir='ltr'>cenacula</span> <span class='ocrx_word' id='word_1_196' title='bbox 1605 3599 1738 3679; x_wconf 89' lang='lat' dir='ltr'>nuptae.</span> 
     </span>
     <span class='ocr_line' id='line_1_32' title="bbox 909 3693 1740 3786; baseline 0.004 -28"><span class='ocrx_word' id='word_1_197' title='bbox 909 3693 1097 3780; x_wconf 88' lang='lat' dir='ltr'>Ingreditur</span> <span class='ocrx_word' id='word_1_198' title='bbox 1119 3696 1257 3779; x_wconf 84' lang='lat' dir='ltr'>genitor,</span> <span class='ocrx_word' id='word_1_199' title='bbox 1281 3696 1365 3760; x_wconf 90' lang='lat' dir='ltr'>uatis</span> <span class='ocrx_word' id='word_1_200' title='bbox 1390 3697 1621 3786; x_wconf 87' lang='lat' dir='ltr'>comitantibus</span> <span class='ocrx_word' id='word_1_201' title='bbox 1644 3697 1740 3776; x_wconf 85' lang='lat' dir='ltr'>albis,</span> 
     </span>
     <span class='ocr_line' id='line_1_33' title="bbox 743 3798 1667 3880; baseline 0.004 -19"><span class='ocrx_word' id='word_1_202' title='bbox 743 3817 768 3861; x_wconf 78' lang='lat' dir='ltr'>ss</span> <span class='ocrx_word' id='word_1_203' title='bbox 827 3800 958 3864; x_wconf 84' lang='lat' dir='ltr'>Corruit</span> <span class='ocrx_word' id='word_1_204' title='bbox 981 3804 1017 3863; x_wconf 92' lang='lat' dir='ltr'>et</span> <span class='ocrx_word' id='word_1_205' title='bbox 1038 3799 1165 3876; x_wconf 84' lang='lat' dir='ltr'>mulier,</span> <span class='ocrx_word' id='word_1_206' title='bbox 1188 3804 1283 3864; x_wconf 91' lang='lat' dir='ltr'>notos</span> <span class='ocrx_word' id='word_1_207' title='bbox 1306 3798 1383 3864; x_wconf 91' lang='lat' dir='ltr'>dum</span> <span class='ocrx_word' id='word_1_208' title='bbox 1407 3801 1511 3864; x_wconf 90' lang='lat' dir='ltr'>cernit</span> <span class='ocrx_word' id='word_1_209' title='bbox 1533 3801 1667 3880; x_wconf 67' lang='lat' dir='ltr'>ocellos,</span> 
     </span>
     <span class='ocr_line' id='line_1_34' title="bbox 826 3900 1698 3989; baseline 0.002 -22"><span class='ocrx_word' id='word_1_210' title='bbox 826 3901 920 3987; x_wconf 84' lang='lat' dir='ltr'>Eque</span> <span class='ocrx_word' id='word_1_211' title='bbox 943 3901 1042 3965; x_wconf 92' lang='lat' dir='ltr'>domn</span> <span class='ocrx_word' id='word_1_212' title='bbox 1064 3900 1198 3965; x_wconf 90' lang='lat' dir='ltr'>mandat</span> <span class='ocrx_word' id='word_1_213' title='bbox 1219 3902 1379 3988; x_wconf 86' lang='lat' dir='ltr'>pellacem</span> <span class='ocrx_word' id='word_1_214' title='bbox 1404 3909 1531 3968; x_wconf 86' lang='lat' dir='ltr'>vertere</span> <span class='ocrx_word' id='word_1_215' title='bbox 1554 3924 1698 3989; x_wconf 91' lang='lat' dir='ltr'>gressus.</span> 
     </span>
     <span class='ocr_line' id='line_1_35' title="bbox 824 4004 1613 4092; baseline 0.001 -23"><span class='ocrx_word' id='word_1_216' title='bbox 824 4006 864 4069; x_wconf 92' lang='lat' dir='ltr'>In</span> <span class='ocrx_word' id='word_1_217' title='bbox 888 4005 1005 4070; x_wconf 82' lang='lat' dir='ltr'>faeiem</span> <span class='ocrx_word' id='word_1_218' title='bbox 1029 4011 1175 4069; x_wconf 91' lang='lat' dir='ltr'>sanctam</span> <span class='ocrx_word' id='word_1_219' title='bbox 1198 4004 1358 4071; x_wconf 90' lang='lat' dir='ltr'>ruitantes</span> <span class='ocrx_word' id='word_1_220' title='bbox 1381 4006 1523 4092; x_wconf 89' lang='lat' dir='ltr'>timpora</span> <span class='ocrx_word' id='word_1_221' title='bbox 1545 4007 1613 4071; x_wconf 90' lang='lat' dir='ltr'>nati</span> 
     </span>
     <span class='ocr_line' id='line_1_36' title="bbox 825 4107 1673 4196; baseline 0.002 -24"><span class='ocrx_word' id='word_1_222' title='bbox 825 4107 974 4173; x_wconf 79' lang='lat' dir='ltr'>Fletibus</span> <span class='ocrx_word' id='word_1_223' title='bbox 999 4107 1210 4188; x_wconf 86' lang='lat' dir='ltr'>inmadidant,</span> <span class='ocrx_word' id='word_1_224' title='bbox 1234 4109 1314 4173; x_wconf 89' lang='lat' dir='ltr'>iram</span> <span class='ocrx_word' id='word_1_225' title='bbox 1338 4130 1494 4194; x_wconf 88' lang='lat' dir='ltr'>gemuere</span> <span class='ocrx_word' id='word_1_226' title='bbox 1516 4111 1673 4196; x_wconf 78' lang='lat' dir='ltr'>parentis,</span> 
     </span>
     <span class='ocr_line' id='line_1_37' title="bbox 826 4209 1722 4304; baseline 0.002 -28"><span class='ocrx_word' id='word_1_227' title='bbox 826 4212 1026 4277; x_wconf 88' lang='lat' dir='ltr'>Obsecrant:</span> <span class='ocrx_word' id='word_1_228' title='bbox 1057 4212 1183 4292; x_wconf 70' lang='lat' dir='ltr'>‘Maten</span> <span class='ocrx_word' id='word_1_229' title='bbox 1207 4212 1301 4277; x_wconf 89' lang='lat' dir='ltr'>nobis</span> <span class='ocrx_word' id='word_1_230' title='bbox 1325 4213 1494 4304; x_wconf 78' lang='lat' dir='ltr'>miserere,</span> <span class='ocrx_word' id='word_1_231' title='bbox 1518 4235 1699 4300; x_wconf 86' lang='lat' dir='ltr'>precamur,</span> <span class='ocrx_word' id='word_1_232' title='bbox 1721 4209 1722 4214; x_wconf 62' lang='grc'>’</span> 
     </span>
     <span class='ocr_line' id='line_1_38' title="bbox 745 4314 1669 4398; baseline 0.009 -25"><span class='ocrx_word' id='word_1_233' title='bbox 745 4335 771 4374; x_wconf 76' lang='lat' dir='ltr'>so</span> <span class='ocrx_word' id='word_1_234' title='bbox 830 4314 1067 4398; x_wconf 79' lang='lat' dir='ltr'>Coniunctique</span> <span class='ocrx_word' id='word_1_235' title='bbox 1090 4315 1139 4378; x_wconf 92' lang='lat' dir='ltr'>tui</span> <span class='ocrx_word' id='word_1_236' title='bbox 1162 4315 1287 4380; x_wconf 90' lang='lat' dir='ltr'>meritis</span> <span class='ocrx_word' id='word_1_237' title='bbox 1312 4317 1382 4380; x_wconf 90' lang='lat' dir='ltr'>sine</span> <span class='ocrx_word' id='word_1_238' title='bbox 1407 4315 1544 4380; x_wconf 88' lang='lat' dir='ltr'>crimine</span> <span class='ocrx_word' id='word_1_239' title='bbox 1567 4317 1669 4391; x_wconf 81' lang='lat' dir='ltr'>solve,</span> 
     </span>
     <span class='ocr_line' id='line_1_39' title="bbox 828 4416 1657 4510; baseline 0.002 -28"><span class='ocrx_word' id='word_1_240' title='bbox 828 4416 971 4484; x_wconf 85' lang='lat' dir='ltr'>Sedibus</span> <span class='ocrx_word' id='word_1_241' title='bbox 995 4438 1013 4482; x_wconf 90' lang='lat' dir='ltr'>e</span> <span class='ocrx_word' id='word_1_242' title='bbox 1038 4418 1173 4482; x_wconf 91' lang='lat' dir='ltr'>summis</span> <span class='ocrx_word' id='word_1_243' title='bbox 1197 4417 1336 4483; x_wconf 89' lang='lat' dir='ltr'>radianti</span> <span class='ocrx_word' id='word_1_244' title='bbox 1359 4419 1481 4485; x_wconf 93' lang='lat' dir='ltr'>lumine</span> <span class='ocrx_word' id='word_1_245' title='bbox 1504 4420 1657 4510; x_wconf 63' lang='lat' dir='ltr'>uibrans)</span> 
     </span>
     <span class='ocr_line' id='line_1_40' title="bbox 827 4521 1639 4609; baseline 0.004 -25"><span class='ocrx_word' id='word_1_246' title='bbox 827 4521 986 4587; x_wconf 85' lang='lat' dir='ltr'>Vestibus</span> <span class='ocrx_word' id='word_1_247' title='bbox 1009 4522 1169 4607; x_wconf 91' lang='lat' dir='ltr'>aurigeris</span> <span class='ocrx_word' id='word_1_248' title='bbox 1193 4523 1225 4587; x_wconf 91' lang='lat' dir='ltr'>in</span> <span class='ocrx_word' id='word_1_249' title='bbox 1248 4529 1325 4587; x_wconf 89' lang='lat' dir='ltr'>toto·</span> <span class='ocrx_word' id='word_1_250' title='bbox 1342 4544 1479 4609; x_wconf 88' lang='lat' dir='ltr'>corpore</span> <span class='ocrx_word' id='word_1_251' title='bbox 1503 4524 1611 4608; x_wconf 84' lang='lat' dir='ltr'>plena,</span> <span class='ocrx_word' id='word_1_252' title='bbox 1638 4551 1639 4554; x_wconf 41' lang='lat'>¹</span> 
     </span>
     <span class='ocr_line' id='line_1_41' title="bbox 829 4624 1605 4712; baseline 0 -23"><span class='ocrx_word' id='word_1_253' title='bbox 829 4624 966 4690; x_wconf 86' lang='lat' dir='ltr'>Femina</span> <span class='ocrx_word' id='word_1_254' title='bbox 990 4625 1170 4712; x_wconf 87' lang='lat' dir='ltr'>corripiens</span> <span class='ocrx_word' id='word_1_255' title='bbox 1194 4625 1348 4712; x_wconf 82' lang='lat' dir='ltr'>despexit</span> <span class='ocrx_word' id='word_1_256' title='bbox 1370 4627 1456 4691; x_wconf 86' lang='lat' dir='ltr'>iacta</span> <span class='ocrx_word' id='word_1_257' title='bbox 1478 4627 1605 4691; x_wconf 92' lang='lat' dir='ltr'>mariti:</span> 
     </span>
     <span class='ocr_line' id='line_1_42' title="bbox 827 4728 1746 4816; baseline 0.002 -24"><span class='ocrx_word' id='word_1_258' title='bbox 827 4728 920 4809; x_wconf 63' lang='lat' dir='ltr'>‘Oua</span> <span class='ocrx_word' id='word_1_259' title='bbox 944 4735 979 4793; x_wconf 92' lang='lat' dir='ltr'>tn</span> <span class='ocrx_word' id='word_1_260' title='bbox 1003 4729 1113 4810; x_wconf 74' lang='lat' dir='ltr'>stulte,</span> <span class='ocrx_word' id='word_1_261' title='bbox 1137 4728 1235 4793; x_wconf 85' lang='lat' dir='ltr'>fidem</span> <span class='ocrx_word' id='word_1_262' title='bbox 1259 4734 1431 4815; x_wconf 89' lang='lat' dir='ltr'>corruptus</span> <span class='ocrx_word' id='word_1_263' title='bbox 1455 4751 1602 4816; x_wconf 83' lang='lat' dir='ltr'>corpore,</span> <span class='ocrx_word' id='word_1_264' title='bbox 1626 4733 1746 4802; x_wconf 90' lang='lat' dir='ltr'>mente,</span> 
     </span>
     <span class='ocr_line' id='line_1_43' title="bbox 745 4831 1668 4917; baseline 0.007 -27"><span class='ocrx_word' id='word_1_265' title='bbox 745 4852 770 4891; x_wconf 78' lang='lat' dir='ltr'>o</span> <span class='ocrx_word' id='word_1_266' title='bbox 827 4831 925 4896; x_wconf 88' lang='lat' dir='ltr'>Irrita</span> <span class='ocrx_word' id='word_1_267' title='bbox 941 4839 1024 4914; x_wconf 30' lang='lat' dir='ltr'>,vota</span> <span class='ocrx_word' id='word_1_268' title='bbox 1045 4853 1164 4916; x_wconf 88' lang='lat' dir='ltr'>gerens</span> <span class='ocrx_word' id='word_1_269' title='bbox 1188 4833 1338 4917; x_wconf 86' lang='lat' dir='ltr'>copulam</span> <span class='ocrx_word' id='word_1_270' title='bbox 1361 4832 1559 4917; x_wconf 90' lang='lat' dir='ltr'>coniungere</span> <span class='ocrx_word' id='word_1_271' title='bbox 1582 4833 1668 4897; x_wconf 90' lang='lat' dir='ltr'>natis</span> 
     </span>
     <span class='ocr_line' id='line_1_44' title="bbox 718 4932 1835 5012; baseline -0.004 -12"><span class='ocrx_word' id='word_1_272' title='bbox 718 4960 723 4967; x_wconf 84' lang='lat'><strong>·</strong></span> <span class='ocrx_word' id='word_1_273' title='bbox 826 4935 937 5000; x_wconf 85' lang='lat' dir='ltr'>Ausus</span> <span class='ocrx_word' id='word_1_274' title='bbox 961 4957 1033 5000; x_wconf 91' lang='lat' dir='ltr'>eras</span> <span class='ocrx_word' id='word_1_275' title='bbox 1057 4937 1224 5000; x_wconf 91' lang='lat' dir='ltr'>maculans</span> <span class='ocrx_word' id='word_1_276' title='bbox 1247 4935 1400 5000; x_wconf 89' lang='lat' dir='ltr'>thalamis</span> <span class='ocrx_word' id='word_1_277' title='bbox 1423 4943 1481 5000; x_wconf 88' lang='lat' dir='ltr'>tua</span> <span class='ocrx_word' id='word_1_278' title='bbox 1503 4935 1649 5001; x_wconf 89' lang='lat' dir='ltr'>membra</span> <span class='ocrx_word' id='word_1_279' title='bbox 1673 4932 1835 5012; x_wconf 83' lang='lat' dir='ltr'>secundis,</span> 
     </span>
     <span class='ocr_line' id='line_1_45' title="bbox 827 5038 1772 5125; baseline -0.002 -22"><span class='ocrx_word' id='word_1_280' title='bbox 827 5038 978 5104; x_wconf 86' lang='lat' dir='ltr'>Foedera</span> <span class='ocrx_word' id='word_1_281' title='bbox 1001 5061 1073 5104; x_wconf 89' lang='lat' dir='ltr'>cum</span> <span class='ocrx_word' id='word_1_282' title='bbox 1097 5039 1248 5104; x_wconf 91' lang='lat' dir='ltr'>manibus</span> <span class='ocrx_word' id='word_1_283' title='bbox 1271 5038 1395 5104; x_wconf 91' lang='lat' dir='ltr'>domini</span> <span class='ocrx_word' id='word_1_284' title='bbox 1410 5053 1477 5125; x_wconf 70' lang='lat' dir='ltr'>&#39;per</span> <span class='ocrx_word' id='word_1_285' title='bbox 1499 5039 1632 5105; x_wconf 91' lang='lat' dir='ltr'>nomina</span> <span class='ocrx_word' id='word_1_286' title='bbox 1655 5038 1772 5103; x_wconf 91' lang='lat' dir='ltr'>summi</span> 
     </span>
    </p>
   </div>
   <div class='ocr_carea' id='block_1_3' title="bbox 462 5209 2119 5730">
    <p class='ocr_par' dir='ltr' id='par_1_3' title="bbox 462 5209 2119 5730">
     <span class='ocr_line' id='line_1_46' title="bbox 519 5209 2119 5298; baseline -0.003 -18"><span class='ocrx_word' id='word_1_287' title='bbox 519 5209 523 5220; x_wconf 45' lang='lat'><em>¹</em></span> <span class='ocrx_word' id='word_1_288' title='bbox 566 5227 584 5280; x_wconf 81' lang='lat'>4</span> <span class='ocrx_word' id='word_1_289' title='bbox 602 5231 777 5298; x_wconf 79' lang='lat' dir='ltr'>EgrediensC</span> <span class='ocrx_word' id='word_1_290' title='bbox 825 5233 852 5283; x_wconf 90' lang='lat' dir='ltr'>in</span> <span class='ocrx_word' id='word_1_291' title='bbox 869 5233 921 5282; x_wconf 90' lang='lat' dir='ltr'>oris</span> <span class='ocrx_word' id='word_1_292' title='bbox 935 5231 962 5296; x_wconf 72' lang='lat' dir='ltr'>tl,</span> <span class='ocrx_word' id='word_1_293' title='bbox 979 5233 1006 5282; x_wconf 91' lang='lat' dir='ltr'>in</span> <span class='ocrx_word' id='word_1_294' title='bbox 1023 5239 1081 5282; x_wconf 89' lang='lat' dir='ltr'>atus</span> <span class='ocrx_word' id='word_1_295' title='bbox 1099 5229 1131 5296; x_wconf 75' lang='lat' dir='ltr'>(l)</span> <span class='ocrx_word' id='word_1_296' title='bbox 1145 5231 1169 5281; x_wconf 86' lang='lat' dir='ltr'><em>L</em></span> <span class='ocrx_word' id='word_1_297' title='bbox 1261 5230 1276 5283; x_wconf 70' lang='lat' dir='ltr'>&#39;l</span> <span class='ocrx_word' id='word_1_298' title='bbox 1294 5229 1385 5298; x_wconf 86' lang='lat' dir='ltr'>spisso]</span> <span class='ocrx_word' id='word_1_299' title='bbox 1405 5232 1446 5282; x_wconf 88' lang='lat' dir='ltr'>uel</span> <span class='ocrx_word' id='word_1_300' title='bbox 1464 5231 1550 5281; x_wconf 83' lang='lat' dir='ltr'>‹lemso</span> <span class='ocrx_word' id='word_1_301' title='bbox 1566 5231 1589 5280; x_wconf 36' lang='lat' dir='ltr'>O*</span> <span class='ocrx_word' id='word_1_302' title='bbox 1678 5229 1695 5280; x_wconf 89' lang='grc'>8</span> <span class='ocrx_word' id='word_1_303' title='bbox 1711 5231 1814 5281; x_wconf 90' lang='lat' dir='ltr'>turbida</span> <span class='ocrx_word' id='word_1_304' title='bbox 1830 5247 1878 5280; x_wconf 82' lang='lat' dir='ltr'>om.</span> <span class='ocrx_word' id='word_1_305' title='bbox 1896 5229 1917 5280; x_wconf 94' lang='lat' dir='ltr'><em>O</em></span> <span class='ocrx_word' id='word_1_306' title='bbox 2010 5223 2044 5277; x_wconf 93' lang='lat'>10</span> <span class='ocrx_word' id='word_1_307' title='bbox 2054 5226 2082 5276; x_wconf 93' lang='lat' dir='ltr'>in</span> <span class='ocrx_word' id='word_1_308' title='bbox 2096 5224 2119 5276; x_wconf 82' lang='lat'><em>0</em></span> 
     </span>
     <span class='ocr_line' id='line_1_47' title="bbox 463 5312 2115 5387; baseline -0.004 -17"><span class='ocrx_word' id='word_1_309' title='bbox 463 5336 529 5386; x_wconf 86' lang='lat' dir='ltr'>quas</span> <span class='ocrx_word' id='word_1_310' title='bbox 541 5317 565 5370; x_wconf 81' lang='lat' dir='ltr'><em>L</em></span> <span class='ocrx_word' id='word_1_311' title='bbox 577 5318 599 5369; x_wconf 93' lang='lat'><strong><em>0</em></strong></span> <span class='ocrx_word' id='word_1_312' title='bbox 609 5318 636 5382; x_wconf 79' lang='lat'>0,</span> <span class='ocrx_word' id='word_1_313' title='bbox 653 5321 726 5386; x_wconf 90' lang='lat' dir='ltr'>quasi</span> <span class='ocrx_word' id='word_1_314' title='bbox 742 5320 815 5371; x_wconf 80' lang='lat' dir='ltr'>Waa.</span> <span class='ocrx_word' id='word_1_315' title='bbox 889 5318 945 5387; x_wconf 90' lang='lat' dir='ltr'>olli]</span> <span class='ocrx_word' id='word_1_316' title='bbox 963 5319 988 5370; x_wconf 92' lang='lat' dir='ltr'>id</span> <span class='ocrx_word' id='word_1_317' title='bbox 1006 5327 1045 5370; x_wconf 90' lang='lat' dir='ltr'>est</span> <span class='ocrx_word' id='word_1_318' title='bbox 1062 5319 1100 5369; x_wconf 91' lang='lat' dir='ltr'>illi</span> <span class='ocrx_word' id='word_1_319' title='bbox 1116 5319 1137 5369; x_wconf 91' lang='lat'><em>0</em></span> <span class='ocrx_word' id='word_1_320' title='bbox 1244 5317 1280 5370; x_wconf 85' lang='grc'>20</span> <span class='ocrx_word' id='word_1_321' title='bbox 1297 5328 1326 5370; x_wconf 90' lang='lat' dir='ltr'>ut</span> <span class='ocrx_word' id='word_1_322' title='bbox 1340 5319 1362 5369; x_wconf 85' lang='lat' dir='ltr'><em>L</em></span> <span class='ocrx_word' id='word_1_323' title='bbox 1375 5319 1396 5369; x_wconf 92' lang='lat'><em>0</em></span> <span class='ocrx_word' id='word_1_324' title='bbox 1469 5318 1527 5368; x_wconf 88' lang='lat' dir='ltr'>illue</span> <span class='ocrx_word' id='word_1_325' title='bbox 1539 5317 1563 5367; x_wconf 83' lang='lat' dir='ltr'><em>L</em></span> <span class='ocrx_word' id='word_1_326' title='bbox 1671 5315 1705 5368; x_wconf 95' lang='grc'>22</span> <span class='ocrx_word' id='word_1_327' title='bbox 1723 5333 1863 5384; x_wconf 83' lang='lat' dir='ltr'>praeponas</span> <span class='ocrx_word' id='word_1_328' title='bbox 1877 5315 1899 5366; x_wconf 81' lang='lat'><em>0</em></span> <span class='ocrx_word' id='word_1_329' title='bbox 1970 5314 2077 5366; x_wconf 87' lang='lat' dir='ltr'>meritae</span> <span class='ocrx_word' id='word_1_330' title='bbox 2094 5312 2115 5363; x_wconf 92' lang='lat'><em>0</em></span> 
     </span>
     <span class='ocr_line' id='line_1_48' title="bbox 463 5396 2116 5473; baseline -0.004 -16"><span class='ocrx_word' id='word_1_331' title='bbox 463 5404 497 5457; x_wconf 87' lang='grc'>23</span> <span class='ocrx_word' id='word_1_332' title='bbox 515 5397 733 5473; x_wconf 82' lang='lat' dir='ltr'>Ncnpactaeque</span> <span class='ocrx_word' id='word_1_333' title='bbox 749 5405 806 5458; x_wconf 80' lang='lat'>00</span> <span class='ocrx_word' id='word_1_334' title='bbox 872 5407 983 5458; x_wconf 89' lang='lat' dir='ltr'>thalamo</span> <span class='ocrx_word' id='word_1_335' title='bbox 1006 5407 1132 5457; x_wconf 85' lang='lat' dir='ltr'>seruando</span> <span class='ocrx_word' id='word_1_336' title='bbox 1147 5406 1169 5456; x_wconf 77' lang='lat'><em>0</em></span> <span class='ocrx_word' id='word_1_337' title='bbox 1269 5403 1303 5455; x_wconf 84' lang='grc'>24</span> <span class='ocrx_word' id='word_1_338' title='bbox 1328 5414 1441 5472; x_wconf 86' lang='lat' dir='ltr'>tempora</span> <span class='ocrx_word' id='word_1_339' title='bbox 1458 5403 1519 5453; x_wconf 55' lang='lat'>120</span> <span class='ocrx_word' id='word_1_340' title='bbox 1627 5400 1661 5453; x_wconf 90' lang='grc'>26</span> <span class='ocrx_word' id='word_1_341' title='bbox 1679 5405 1752 5454; x_wconf 87' lang='lat' dir='ltr'>flexis</span> <span class='ocrx_word' id='word_1_342' title='bbox 1774 5404 1884 5470; x_wconf 89' lang='lat' dir='ltr'>genibus</span> <span class='ocrx_word' id='word_1_343' title='bbox 1898 5402 1920 5451; x_wconf 79' lang='lat'><em>0</em></span> <span class='ocrx_word' id='word_1_344' title='bbox 2032 5396 2065 5448; x_wconf 82' lang='lat'>31</span> <span class='ocrx_word' id='word_1_345' title='bbox 2084 5398 2116 5450; x_wconf 87' lang='lat' dir='ltr'>ad</span> 
     </span>
     <span class='ocr_line' id='line_1_49' title="bbox 462 5486 2117 5557; baseline -0.004 -15"><span class='ocrx_word' id='word_1_346' title='bbox 462 5491 564 5543; x_wconf 77' lang='lat' dir='ltr'>lectaO</span> <span class='ocrx_word' id='word_1_347' title='bbox 681 5489 715 5542; x_wconf 84' lang='lat'>34</span> <span class='ocrx_word' id='word_1_348' title='bbox 737 5493 831 5544; x_wconf 85' lang='lat' dir='ltr'>altisO</span> <span class='ocrx_word' id='word_1_349' title='bbox 949 5490 984 5542; x_wconf 81' lang='lat'>35</span> <span class='ocrx_word' id='word_1_350' title='bbox 1009 5509 1041 5541; x_wconf 75' lang='lat' dir='ltr'>ca</span> <span class='ocrx_word' id='word_1_351' title='bbox 1062 5499 1139 5557; x_wconf 82' lang='lat' dir='ltr'>porte</span> <span class='ocrx_word' id='word_1_352' title='bbox 1166 5491 1317 5543; x_wconf 54' lang='lat' dir='ltr'>ascaridae</span> <span class='ocrx_word' id='word_1_353' title='bbox 1398 5499 1471 5542; x_wconf 86' lang='lat' dir='ltr'>natos</span> <span class='ocrx_word' id='word_1_354' title='bbox 1490 5490 1512 5540; x_wconf 81' lang='lat' dir='ltr'><em>C</em></span> <span class='ocrx_word' id='word_1_355' title='bbox 1590 5489 1708 5540; x_wconf 89' lang='lat' dir='ltr'>ceruitO</span> <span class='ocrx_word' id='word_1_356' title='bbox 1789 5491 1877 5541; x_wconf 90' lang='lat' dir='ltr'>ocellis</span> <span class='ocrx_word' id='word_1_357' title='bbox 1894 5487 1920 5553; x_wconf 81' lang='lat'>0,</span> <span class='ocrx_word' id='word_1_358' title='bbox 1938 5486 2117 5540; x_wconf 84' lang='lat' dir='ltr'>aecellosLO</span> 
     </span>
     <span class='ocr_line' id='line_1_50' title="bbox 462 5571 2117 5645; baseline -0.001 -17"><span class='ocrx_word' id='word_1_359' title='bbox 462 5574 496 5628; x_wconf 84' lang='grc'>37</span> <span class='ocrx_word' id='word_1_360' title='bbox 514 5585 628 5645; x_wconf 86' lang='lat' dir='ltr'>tempora</span> <span class='ocrx_word' id='word_1_361' title='bbox 647 5577 668 5628; x_wconf 92' lang='lat'><em>0</em></span> <span class='ocrx_word' id='word_1_362' title='bbox 683 5577 705 5628; x_wconf 81' lang='lat'><em>0</em></span> <span class='ocrx_word' id='word_1_363' title='bbox 770 5577 880 5629; x_wconf 82' lang='lat' dir='ltr'>natan</span> <span class='ocrx_word' id='word_1_364' title='bbox 981 5573 1015 5627; x_wconf 83' lang='lat'>38</span> <span class='ocrx_word' id='word_1_365' title='bbox 1042 5577 1099 5628; x_wconf 83' lang='lat' dir='ltr'>Flet</span> <span class='ocrx_word' id='word_1_366' title='bbox 1115 5575 1176 5626; x_wconf 89' lang='lat' dir='ltr'>LO</span> <span class='ocrx_word' id='word_1_367' title='bbox 1246 5608 1271 5627; x_wconf 84' lang='lat'>..</span> <span class='ocrx_word' id='word_1_368' title='bbox 1291 5577 1420 5627; x_wconf 74' lang='lat' dir='ltr'>madidans</span> <span class='ocrx_word' id='word_1_369' title='bbox 1431 5575 1456 5624; x_wconf 85' lang='lat' dir='ltr'><em>L</em></span> <span class='ocrx_word' id='word_1_370' title='bbox 1525 5576 1684 5641; x_wconf 80' lang='lat' dir='ltr'>pauentesO</span> <span class='ocrx_word' id='word_1_371' title='bbox 1782 5573 1817 5626; x_wconf 84' lang='grc'>42</span> <span class='ocrx_word' id='word_1_372' title='bbox 1834 5576 1957 5628; x_wconf 83' lang='lat' dir='ltr'>Testibus</span> <span class='ocrx_word' id='word_1_373' title='bbox 1973 5571 2117 5632; x_wconf 70' lang='lat' dir='ltr'>aunemsO</span> 
     </span>
     <span class='ocr_line' id='line_1_51' title="bbox 462 5657 1822 5730; baseline -0.001 -14"><span class='ocrx_word' id='word_1_374' title='bbox 462 5659 498 5716; x_wconf 79' lang='grc'>43</span> <span class='ocrx_word' id='word_1_375' title='bbox 516 5665 618 5715; x_wconf 86' lang='lat' dir='ltr'>Semina</span> <span class='ocrx_word' id='word_1_376' title='bbox 631 5664 653 5714; x_wconf 83' lang='lat' dir='ltr'><em>C</em></span> <span class='ocrx_word' id='word_1_377' title='bbox 720 5665 770 5716; x_wconf 84' lang='lat' dir='ltr'>lata</span> <span class='ocrx_word' id='word_1_378' title='bbox 784 5657 807 5715; x_wconf 81' lang='lat' dir='ltr'>C&#39;</span> <span class='ocrx_word' id='word_1_379' title='bbox 905 5661 942 5716; x_wconf 79' lang='lat'>45</span> <span class='ocrx_word' id='word_1_380' title='bbox 959 5665 1046 5730; x_wconf 88' lang='lat' dir='ltr'>nuptis</span> <span class='ocrx_word' id='word_1_381' title='bbox 1057 5663 1115 5715; x_wconf 87' lang='lat' dir='ltr'>LO</span> <span class='ocrx_word' id='word_1_382' title='bbox 1218 5661 1253 5715; x_wconf 78' lang='lat'>46</span> <span class='ocrx_word' id='word_1_383' title='bbox 1271 5665 1389 5716; x_wconf 86' lang='lat' dir='ltr'>thalamis</span> <span class='ocrx_word' id='word_1_384' title='bbox 1407 5663 1539 5714; x_wconf 72' lang='lat' dir='ltr'>ambulans</span> <span class='ocrx_word' id='word_1_385' title='bbox 1553 5661 1581 5725; x_wconf 77' lang='lat'>0,</span> <span class='ocrx_word' id='word_1_386' title='bbox 1598 5662 1715 5714; x_wconf 81' lang='lat' dir='ltr'>thalamis</span> <span class='ocrx_word' id='word_1_387' title='bbox 1733 5671 1784 5716; x_wconf 81' lang='lat' dir='ltr'>ram</span> <span class='ocrx_word' id='word_1_388' title='bbox 1801 5665 1822 5714; x_wconf 93' lang='lat' dir='ltr'><em>O</em></span> 
     </span>
    </p>
   </div>
   <div class='ocr_carea' id='block_1_4' title="bbox 568 5779 1427 5852">
    <p class='ocr_par' dir='ltr' id='par_1_4' title="bbox 568 5779 1427 5852">
     <span class='ocr_line' id='line_1_52' title="bbox 568 5779 1427 5852; baseline -0.001 -18"><span class='ocrx_word' id='word_1_389' title='bbox 568 5783 595 5852; x_wconf 87' lang='lat'>1)</span> <span class='ocrx_word' id='word_1_390' title='bbox 615 5781 663 5838; x_wconf 83' lang='lat' dir='ltr'>Oe.</span> <span class='ocrx_word' id='word_1_391' title='bbox 683 5779 824 5850; x_wconf 68' lang='lat' dir='ltr'>Mesua,</span> <span class='ocrx_word' id='word_1_392' title='bbox 834 5781 884 5836; x_wconf 76' lang='lat'>153</span> <span class='ocrx_word' id='word_1_393' title='bbox 901 5781 1011 5852; x_wconf 86' lang='lat' dir='ltr'>gelidae</span> <span class='ocrx_word' id='word_1_394' title='bbox 1089 5781 1198 5846; x_wconf 64' lang='lat' dir='ltr'>mortim</span> <span class='ocrx_word' id='word_1_395' title='bbox 1216 5785 1276 5844; x_wconf 87' lang='lat' dir='ltr'>Am.</span> <span class='ocrx_word' id='word_1_396' title='bbox 1295 5781 1427 5848; x_wconf 87' lang='grc' dir='ltr'><em>ΙΙ,9,41.</em></span> 
     </span>
    </p>
   </div>
   <div class='ocr_carea' id='block_1_5' title="bbox 0 0 2315 6404">
    <p class='ocr_par' dir='ltr' id='par_1_5' title="bbox 0 0 2315 6404">
     <span class='ocr_line' id='line_1_53' title="bbox 0 0 2315 6404; baseline 0 0"><span class='ocrx_word' id='word_1_397' title='bbox 0 0 2315 6404; x_wconf 95' lang='lat' dir='ltr'> </span> 
     </span>
    </p>
   </div>
  </div>
 </body>
</html>
