4574 6442
842 406 980 462 LAUDES
999 406 1228 462 VERONENSIS
1247 406 1437 462 CIVITATIS.
1900 412 1960 472 119

307 581 533 649 illastrondarn
555 597 719 664 oppressere
739 578 852 642 iterum
867 579 1037 643 Lobbiense
1059 579 1234 644 coenobium
1247 581 1357 658 literis
1380 580 1469 658 adiit,
1491 579 1574 644 ande
1594 601 1673 660 aare
1682 581 1828 662 petierd,
1851 579 1962 643 darana

309 683 412 748 Panlo
433 684 477 747 da
497 683 590 760 Bois,
619 683 805 746 monasterii
826 684 915 746 tertia
932 684 1058 763 priore,
1090 688 1286 764 procurante,
1308 686 1434 765 recepit,
1464 685 1523 748 bae
1544 683 1767 763 subscriptione
1789 687 1861 746 teste
1884 681 1963 768 (Dei

308 787 424 851 vescovi
445 808 462 851 e
482 787 679 870 poonrmtori
701 787 735 848 di
764 785 886 849 Verona
905 808 936 866 p.
964 786 1055 872 118);
1084 787 1315 874 Infrascriptus
1341 795 1481 853 attestor
1502 789 1564 852 bae
1585 787 1746 872 vigesima
1767 785 1961 851 Decembris

312 894 393 953 1752
416 911 531 955 versus
555 891 615 954 hos
641 889 682 954 de
705 889 838 954 Verona
862 890 1045 954 conformes
1069 889 1229 975 Originali
1256 899 1383 970 nostro,
1412 891 1497 978 quod
1527 896 1676 956 serretur
1702 891 1735 952 in
1757 889 1963 954 Bibliotheca

309 1002 421 1082 nostra
443 994 641 1058 Lobbiensis
663 993 862 1056 monasterii.
914 992 975 1057 Cui
998 1000 1108 1059 autem
1131 995 1347 1060 adscribenda
1370 995 1435 1059 sint
1456 994 1576 1059 menda
1597 1015 1639 1058 an
1662 992 1830 1078 scriptoris
1854 991 1960 1077 negli-

250 1141 252 1148 1
309 1099 456 1182 gemine,
484 1119 526 1161 an
548 1097 707 1161 Authoris
735 1097 937 1182 ignorantiae
964 1100 1086 1163 neseio.
1137 1099 1308 1180 Postpnarn
1336 1099 1416 1162 idern
1438 1099 1562 1163 Paalns
1589 1098 1633 1161 dn
1653 1097 1746 1174 Bois,
1773 1097 1838 1160 iarn
1865 1097 1963 1161 abbas

306 1203 424 1282 facins,
457 1199 576 1263 daobns
607 1199 717 1262 lustris
736 1203 810 1280 post
835 1200 1020 1265 Ballerinos
1046 1201 1165 1282 fratres
1194 1201 1231 1266 de
1257 1202 1404 1265 Ratberii
1434 1201 1587 1266 codicibus
1614 1200 1838 1264 Lobbr'ensibns
1870 1203 1963 1280 atqae

308 1305 402 1367 otram
423 1304 460 1367 de
483 1305 588 1368 nostro
609 1302 752 1366 certiores
769 1300 889 1385 fecerat
908 1301 1071 1384 (Ratlrerii
1093 1325 1162 1384 opp.
1179 1326 1215 1384 p.
1238 1304 1365 1386 XIII),
1387 1308 1586 1380 camenam,
1613 1305 1800 1368 monasterio
1822 1326 1852 1369 a.
1879 1305 1961 1366 1793

308 1406 440 1484 sabbato,
463 1406 569 1470 aanra
591 1425 696 1468 eornm
717 1404 876 1485 oestipie¹‚
898 1425 954 1469 neo
976 1406 1011 1468 in
1033 1426 1112 1486 quas
1132 1410 1233 1470 terras
1255 1407 1390 1486 dispersi
1407 1405 1540 1490 fuerint,
1564 1406 1725 1485 applorari
1740 1411 1798 1486 pot
1831 1411 1852 1470 t.

416 1510 562 1572 Alteram
583 1507 719 1571 nisibin
739 1508 891 1572 carminis
906 1509 1065 1589 eaernplar
1087 1509 1207 1573 exbibet
1228 1511 1317 1572 nobis
1339 1510 1433 1573 corba
1451 1509 1635 1572 Veronensis
1646 1509 1779 1593 capitali
1793 1507 1931 1575 OCXOI
1937 1509 1965 1572 V

309 1610 401 1699 (411)
425 1611 617 1688 elrartaeeas,
649 1609 785 1689 scriptas
806 1633 827 1674 a
851 1609 1021 1692 Pereprino
1045 1612 1083 1676 de
1105 1611 1287 1694 Perage-inis
1317 1613 1484 1676 Veronensi
1512 1612 1633 1675 saeado
1659 1611 1735 1675 XV.
1757 1613 1898 1690 imnnb,
1925 1613 1963 1676 in

308 1736 368 1797 ono
391 1714 448 1799 fol.
473 1715 600 1777 93—95
630 1712 704 1777 baec
733 1712 904 1776 babentar:
936 1715 1077 1780 Arimini
1106 1717 1138 1780 in
1169 1717 1306 1781 cenobio
1336 1718 1589 1781 coelestinorum
1621 1717 1654 1779 in
1682 1717 1847 1781 volumine
1876 1717 1960 1782 anti-

309 1821 464 1906 quissimo
496 1816 537 1882 de
559 1817 711 1882 laudibus
735 1839 887 1883 veronae.
932 1819 1053 1904 Magne
1076 1827 1109 1885 et
1130 1820 1305 1884 Praeclara
1329 1820 1407 1884 urbs
1430 1820 1521 1906 polet
1544 1857 1584 1864 -
1607 1826 1641 1883 et
1663 1819 1854 1905 resplendes
1878 1821 1963 1885 sieut

309 1923 419 1987 radius
443 1921 531 1985 solis.
576 1942 681 1986 amen.
727 1919 816 1984 Hace
837 1941 908 1984 nero
929 1923 1080 1986 camerinis
1101 1923 1202 1986 nostri
1223 1923 1337 2003 species
1357 1923 1493 1986 incertae
1514 1923 1638 1999 aetatis,
1661 1942 1757 2003 qrrarn
1776 1922 1963 1986 Bianeolini

307 2047 403 2107 aeqroe
425 2026 570 2108 cognonit,
592 2025 699 2104 differt
720 2029 878 2105 tarttmrere
900 2025 939 2088 ab
960 2027 1133 2106 eaerrtplari
1147 2025 1322 2102 Lobbiensi,
1345 2028 1380 2088 at
1401 2049 1422 2090 a
1444 2026 1546 2090 scriba
1568 2025 1732 2090 recentiori
1752 2045 1792 2088 eor
1805 2025 1963 2089 voluntate

308 2133 478 2195 retraetata
499 2148 564 2194 esse
585 2129 728 2192 oideatnr
749 2149 804 2192 nec
825 2130 1005 2192 varietatem
1027 2130 1095 2192 eins
1116 2134 1225 2193 notare
1247 2148 1323 2209 (prees
1345 2128 1418 2194 sit².
1471 2128 1720 2193 Sinrilitndinern
1749 2127 1963 2211 rbytbmoram

315 2233 501 2298 Veronensis
530 2237 559 2295 et
586 2231 836 2295 Mediolanensis
864 2232 930 2294 ianr
954 2253 976 2295 a
1001 2231 1183 2296 Maratorio
1210 2237 1238 2295 et
1266 2231 1400 2309 Moffbio
1428 2231 1620 2294 observatam
1649 2230 1814 2318 Gratiolns
1844 2230 1963 2295 daebas

307 2338 391 2400 inter
417 2355 449 2400 se
470 2335 657 2416 coraparatis
682 2336 861 2399 amaratins
889 2334 1112 2397 dernonstraait
1140 2333 1206 2416 (Dc
1225 2336 1404 2415 praenimis
1426 2333 1604 2398 Mediolani
1631 2334 1784 2414 aedificiis
1807 2355 1840 2415 p.
1871 2333 1962 2412 VII),

307 2441 361 2504 boe
382 2461 453 2504 aero
474 2441 602 2503 interest
623 2439 757 2503 alterurn
778 2438 878 2502 solnm
900 2437 1168 2501 Mediolanensem
1190 2437 1298 2500 adine
1320 2437 1499 2501 abecedario
1521 2437 1719 2518 corapositam
1740 2457 1813 2503 esse.

821 2839 1049 2913 VERSUS
1086 2839 1157 2914 DE
1192 2839 1444 2914 VERONA.

602 3012 629 3073 1.
653 3008 774 3094 Magna
797 3014 831 3072 et
852 3008 1001 3093 preclare
1024 3009 1127 3094 pollet
1147 3008 1225 3072 urbs
1249 3009 1331 3073 haee
1352 3009 1387 3071 in
1410 3006 1509 3070 Italia

650 3112 684 3175 in
706 3112 855 3197 partibus
880 3113 1105 3193 Venetiamm,
1128 3118 1164 3176 ut
1186 3112 1283 3176 docet
1304 3110 1452 3175 Isidorus
1465 3110 1488 3191 ³,

651 3236 714 3300 que
737 3214 871 3280 Verona
893 3216 1056 3280 vocitetur
1078 3216 1155 3280 olim
1179 3216 1220 3279 ab
1243 3215 1432 3301 antiquitus.

599 3373 629 3433 2.
651 3368 716 3433 Per
739 3368 898 3454 quadrum
921 3377 972 3435 est
995 3371 1234 3455 compaginata,
1257 3371 1440 3433 murificata
1461 3369 1612 3438 firmiter;

652 3472 868 3558 quadraginta
890 3481 924 3537 et
946 3481 1020 3537 oete
1043 3479 1150 3538 turres
1172 3473 1301 3558 fulgent
1323 3495 1382 3558 per
1405 3472 1584 3552 circuitum,

652 3597 695 3640 ex
718 3576 836 3660 quibus
860 3583 933 3640 octo
958 3582 1033 3640 sunt
1056 3577 1226 3652 excelsae,
1258 3597 1340 3661 qnae
1370 3575 1515 3639 eminent
1542 3574 1704 3638 omnibus.

597 3735 627 3794 3.
649 3731 762 3795 Habet
788 3731 891 3795 altum
914 3731 1145 3811 laberintnmt,
1168 3753 1322 3816 magnum
1345 3752 1403 3816 per
1427 3731 1608 3811 circuitum,

651 3835 684 3898 in
708 3856 771 3919 quo
794 3835 926 3899 nescius
949 3834 1118 3918 ingressus
1141 3856 1205 3899 non
1228 3835 1316 3899 valet
1340 3833 1507 3918 egredere,

648 3938 711 4001 nisi
735 3939 810 4023 igne
834 3959 907 4002 euru
930 3938 1063 4003 lucerne
1085 3939 1139 4003 rel
1161 3960 1180 4002 a
1203 3937 1256 4001 filo
1280 3939 1436 4022 glomere.

515 4135 580 4141 --
591 4137 602 4140 -
612 4135 635 4139 -·-
646 4136 687 4140 -—-
694 4135 772 4140 --·—--
787 4136 871 4140 ..,..—.
898 4137 1067 4142 —..—...-...
1076 4136 1206 4141 -—..-.--
1218 4135 1279 4140 ---.
1287 4135 1329 4140 -....
1339 4135 1430 4139 ---—
1438 4135 1443 4138 -
1455 4133 1858 4140 -----—.-—......--—.———-—-

413 4253 488 4321 Vde
517 4287 613 4321 nerone
641 4270 696 4320 cod.
720 4268 867 4319 Lobbiensis
889 4270 1014 4335 deperditi
1036 4268 1216 4335 apograpbnm
1240 4268 1381 4319 Veronense
1410 4266 1455 4330 (L)
1481 4275 1504 4317 et
1520 4266 1683 4330 Bianeolini‚
1712 4267 1813 4317 Vaccaei
1838 4283 1851 4317 e
1873 4283 1961 4331 pover-

303 4357 390 4407 notori
408 4357 436 4406 di
455 4356 556 4406 Verona
575 4353 825 4424 p.115-118(B)
955 4355 995 4420 1,1
1014 4357 1077 4407 lusae
1100 4356 1162 4406 add.
1180 4355 1309 4404 Mabillon
1334 4353 1424 4416 (Arcal.
1447 4362 1492 4403 eet.
1509 4350 1571 4416 409)
1698 4350 1879 4414 1,21sidorius
1897 4370 1963 4402 corr.

304 4442 393 4507 Maffbi
414 4441 470 4506 (Ist.
489 4443 593 4508 diplom.
615 4440 674 4506 178)
789 4439 831 4504 1,3
848 4443 881 4492 ab
905 4441 966 4492 acld.
987 4441 1085 4507 Mopthi,
1106 4441 1245 4506 antiqnitos
1264 4439 1295 4504 B,
1315 4457 1380 4489 corr.
1404 4439 1432 4487 in
1450 4445 1492 4488 tus
1509 4437 1534 4487 L
1636 4435 1680 4502 23
1700 4439 1782 4504 fulget
1800 4438 1833 4501 B,
1850 4456 1917 4488 corr.
1935 4439 1962 4488 in

302 4537 346 4580 ent
364 4528 401 4588 L,
431 4530 593 4596 praefulgent
610 4530 681 4578 Mab.
804 4525 847 4591 2‚3
864 4528 959 4579 excelsi
976 4529 1021 4595 qui
1039 4527 1071 4592 B,
1090 4545 1157 4578 corr.
1174 4544 1245 4578 ae-ae
1263 4526 1288 4576 L
1401 4523 1445 4589 33
1462 4542 1581 4591 egressus
1593 4523 1663 4574 Mae.
1746 4541 1878 4591 nunquam
1896 4524 1965 4575 valet

303 4613 377 4678 bfoff.
396 4615 516 4679 egredere
536 4613 569 4679 B,
587 4615 675 4680 egredi
693 4613 724 4678 L,
743 4614 817 4680 Maff.
921 4611 964 4678 3‚3
982 4631 1042 4665 eum
1059 4613 1121 4664 ofdd.
1134 4613 1208 4678 IlIaff.
1312 4629 1372 4662 eum
1390 4613 1427 4662 fili
1445 4611 1519 4677 Maff.

408 4817 435 4884 1)
456 4815 515 4883 Csr.
539 4815 628 4886 Vogel,
653 4817 805 4871 Ratberias
826 4831 880 4869 eon
903 4816 1012 4870 Verona
1031 4817 1220 4885 11‚4e-54;
1243 4818 1346 4871 Archiv
1369 4816 1453 4879 VIII,
1471 4815 1505 4868 et
1524 4816 1558 4868 A.
1577 4815 1606 4876 l;
1625 4813 1684 4865 553.
1771 4812 1800 4878 2)
1819 4810 1902 4864 Addo
1918 4813 1965 4866 tie

299 4920 420 4989 primam
438 4922 462 4970 et
480 4919 604 4971 nltimam
621 4920 706 4974 baias
720 4921 830 4988 ferreae
848 4922 1004 4990 stropham:

723 5023 827 5092 Magne
845 5026 874 5076 et
892 5024 1017 5092 preclara
1034 5021 1099 5075 urbs
1117 5023 1196 5092 polet
1212 5021 1243 5075 in
1261 5020 1345 5075 ltalia

723 5108 752 5161 in
772 5109 890 5175 Venetie
907 5109 1059 5178 provincia,
1078 5112 1111 5162 ut
1129 5108 1249 5163 Isidorus
1268 5106 1372 5168 scribit,

723 5211 795 5264 qnae
813 5198 930 5249 voantur
947 5195 1058 5248 Verona
1076 5194 1142 5248 olim
1161 5193 1197 5247 ab
1215 5191 1340 5259 antiquis
1358 5220 1390 5228 -

723 5316 821 5384 ltaque
839 5315 957 5384 gloriam
975 5314 1034 5384 regi
1054 5313 1189 5368 invisibili
1209 5328 1348 5368 canemus.

721 5402 770 5471 qui
789 5401 893 5455 talibus
912 5405 940 5454 te
958 5401 1069 5454 ornarit
1088 5400 1208 5462 floribus,
1227 5416 1243 5452 ο
1262 5398 1381 5460 Verona,
1401 5396 1524 5458 misticis,

722 5504 771 5556 per
789 5503 858 5554 qnos
877 5485 949 5538 nites
968 5489 996 5539 et
1013 5483 1172 5553 resplendes
1190 5484 1262 5537 sieut
1282 5481 1375 5534 radius
1394 5480 1466 5534 solie.
1503 5481 1600 5533 Arnen.

408 5593 436 5658 3)
457 5592 502 5645 De
516 5591 623 5644 Verona
640 5589 710 5643 nitrd
720 5590 800 5644 isabel
815 5590 953 5644 Isidorus.
1005 5589 1033 5658 4)
1051 5590 1172 5642 Arenom
1184 5587 1392 5650 celeberrimam,
1404 5585 1441 5653 ct'.
1454 5585 1584 5639 Ratberii
1601 5597 1664 5652 opp.
1677 5582 1737 5636 edd.
1751 5582 1890 5635 Ballrrini
1901 5581 1967 5646 3923

301 5701 373 5752 Ana.
394 5696 485 5750 Altab.
508 5695 590 5752 1041:
618 5694 746 5766 Clrronie.
768 5695 865 5748 Gorec.
883 5694 905 5746 I
920 5707 941 5746 c.
959 5694 994 5745 23
1018 5693 1084 5762 (SS.
1103 5692 1140 5754 X,
1160 5691 1230 5750 1491.
