4574 6442
955 389 1106 448 PAULINI
1126 390 1377 459 AQUILEIENSIS
1396 391 1571 447 CARMINA.

891 567 984 633 Haec
1008 574 1059 632 est
1080 588 1160 631 vera
1181 565 1273 638 fides,
1296 567 1418 651 frangit
1441 587 1523 650 quae
1548 566 1632 631 colla
1655 565 1780 634 celidri.

800 670 894 736 Haec
916 671 1073 734 mundum
1097 671 1200 734 vincit
1209 671 1230 750 ¹,
1253 671 1381 756 peccati
1404 671 1539 734 crimina
1561 670 1664 738 tollit:

800 775 874 838 Hac
897 775 1016 840 Petrus
1038 775 1072 839 in
1096 775 1182 838 clavi
1205 774 1369 838 caelorum
1392 774 1506 837 limina
1527 772 1641 858 pandit

800 878 911 943 Aurea
933 878 1093 942 ruriculas
1116 899 1268 943 reserans
1292 877 1334 940 ad
1356 897 1459 961 regna
1481 876 1662 962 phalanges

719 1005 743 1040 ss
801 982 912 1062 Mittit,
937 982 1043 1047 ethis
1066 982 1182 1046 niveae
1206 980 1369 1065 depromit
1392 979 1512 1064 gaudis
1535 981 1630 1044 vitae.

801 1084 982 1174 Agniculos
1005 1085 1080 1148 albo
1104 1091 1236 1149 teneros
1259 1105 1333 1148 cum
1355 1085 1478 1148 vellere
1500 1089 1596 1147 natos

798 1189 921 1254 Lactea
943 1211 1004 1276 per
1027 1195 1157 1254 centum
1181 1208 1359 1274 suspensos
1382 1187 1485 1256 ubera
1507 1194 1657 1266 matrum,

800 1292 853 1357 Ad
876 1314 1018 1379 campos,
1042 1291 1193 1369 Iordane,
1216 1298 1301 1371 tuos,
1325 1291 1512 1375 cinctosque
1536 1292 1664 1372 rosetis,

800 1396 995 1462 Gramineas
1020 1403 1151 1481 segetes
1174 1402 1310 1482 propter
1331 1400 1472 1478 myrteta
1493 1395 1647 1473 virentes,

718 1520 743 1558 ευ
799 1501 886 1564 Lilia
908 1501 1012 1564 mixta
1033 1501 1117 1564 rosis
1140 1500 1290 1564 florentia
1311 1519 1434 1584 pascua
1456 1497 1560 1562 frctus

801 1601 944 1688 Carpere
967 1604 1056 1667 mille
1079 1609 1191 1666 monet
1214 1602 1388 1665 ruminanti
1411 1601 1505 1665 fauce
1528 1601 1689 1667 bidentes.

799 1707 873 1772 Illic
896 1708 983 1793 picta
1005 1706 1125 1770 rubent
1148 1727 1264 1771 croceo
1287 1705 1329 1770 de
1352 1706 1431 1769 flore
1454 1707 1593 1772 virecta:

799 1808 983 1874 Candidulo
1006 1809 1113 1875 rident
1135 1811 1272 1896 pulchre
1295 1809 1336 1873 de
1359 1811 1506 1894 germine
1530 1811 1647 1891 cincta,

799 1913 935 1999 Frigore
959 1934 1041 1998 quae
1064 1934 1250 1998 numquam,
1272 1912 1364 1978 radio
1387 1934 1448 1978 nec
1471 1913 1550 1977 solis
1573 1921 1735 1980 arescunt.

717 2037 742 2074 a
801 2017 1008 2082 Marcescunt
1030 2037 1207 2102 numquam
1230 2015 1349 2102 gelidis
1372 2016 1495 2080 infecta
1515 2017 1651 2101 pruinis,

799 2123 870 2188 Nec
892 2124 1011 2210 pluviis
1035 2123 1168 2209 perfusa
1191 2121 1322 2207 quidem
1345 2120 1530 2185 madefacta
1552 2123 1737 2194 tabcscunt,

801 2226 867 2291 Sed
891 2248 1031 2312 semper,
1054 2225 1226 2312 paradyso,
1249 2233 1323 2290 tuos
1345 2225 1530 2290 redolentia
1551 2225 1692 2310 fraglant

799 2330 919 2394 Messis
942 2331 1139 2395 aromaticae
1161 2329 1325 2415 permixto
1350 2330 1526 2393 chrismate
1549 2328 1676 2394 odores.

799 2433 988 2518 virgultum
1010 2433 1098 2498 foliis
1120 2433 1285 2518 geminato
1309 2432 1426 2496 robore
1448 2431 1601 2517 produnt,

718 2558 743 2594 ro
802 2535 897 2610 Quod
919 2558 1095 2621 numquam
1118 2536 1205 2600 foliis
1228 2535 1396 2600 viduatum
1418 2541 1511 2621 turpe
1534 2535 1672 2608 vilescit,

798 2641 924 2704 Punica
945 2642 1049 2704 mixta
1072 2641 1168 2704 simul
1189 2639 1276 2704 foliis
1300 2638 1359 2704 sed
1380 2660 1478 2725 poma
1499 2645 1651 2710 retentat,

798 2742 890 2816 Quae
915 2764 1044 2829 semper
1066 2741 1206 2827 liquidos
1230 2741 1348 2806 sudant
1371 2741 1411 2807 de
1435 2743 1557 2807 cortice
1582 2763 1695 2806 sucos:

799 2845 1045 2910 Transfundunt
1067 2844 1179 2910 dulces
1202 2845 1387 2910 mandentis
1410 2846 1444 2909 in
1468 2867 1523 2910 ore
1548 2867 1692 2932 sapores.

798 2949 852 3012 Ad
874 2949 999 3013 fontem
1022 2949 1172 3013 salientis
1195 2969 1299 3034 aquae
1323 2947 1378 3033 qui
1401 2949 1476 3011 viva
1498 2948 1621 3013 fluenta

716 3073 740 3110 rs
798 3051 920 3132 Influit,
944 3059 977 3117 et
998 3074 1090 3117 rores
1113 3074 1178 3117 uno
1201 3052 1243 3117 de
1266 3053 1395 3138 gurgite
1418 3051 1509 3116 fusos

796 3155 929 3220 Divisos
952 3156 1093 3241 spargit;
1115 3157 1236 3242 pariles
1258 3177 1318 3242 per
1341 3161 1495 3239 quattuor
1515 3177 1629 3220 amnes

796 3259 959 3324 Albentes
982 3259 1131 3346 perducit
1153 3281 1242 3341 oves,
1266 3260 1341 3323 hinc
1363 3261 1482 3346 pocula
1504 3261 1593 3344 cogit

797 3361 945 3442 Sumere,
969 3384 1033 3448 quo
1056 3385 1232 3449 numquam
1256 3364 1420 3449 spumanti
1442 3363 1538 3428 fauce
1560 3364 1709 3428 balantes

796 3465 942 3530 Alterius
965 3466 1065 3532 fontis
1089 3468 1239 3532 sitientes
1262 3468 1396 3530 flumina
1417 3473 1565 3552 poscant.
1667 3487 1669 3490 ·

715 3591 741 3628 so
842 3568 983 3634 Percelli
1007 3571 1098 3657 pravi
1120 3570 1266 3635 fautores
1289 3570 1451 3655 dogmatis
1474 3591 1598 3646 omnes,

799 3672 928 3738 Censeo
951 3673 1142 3759 falsiloquos
1165 3675 1332 3760 geminato
1355 3674 1563 3738 anathemate
1586 3674 1690 3754 Pauli,

794 3776 948 3842 Doctoris
971 3778 1094 3858 mundi,
1119 3778 1254 3842 Galatas
1278 3799 1342 3863 quo
1364 3778 1448 3842 forte
1471 3778 1613 3842 rebelles

794 3877 963 3945 Terruit²t
988 3882 1165 3946 autetiam
1188 3902 1304 3946 croceo
1327 3882 1514 3945 succinctus
1537 3882 1658 3945 amictu

795 3982 944 4068 Angelus
967 3985 1127 4068 altivagas
1150 3985 1297 4069 quisquis
1320 3985 1480 4048 iaculatus
1503 3983 1536 4048 in
1559 4005 1655 4048 auras

713 4109 738 4145 o
799 4086 1004 4152 Grandisono
1027 4088 1176 4153 referens
1198 4089 1294 4152 aliter
1317 4108 1468 4152 sermone
1491 4088 1646 4173 profatur,

794 4186 900 4261 Quam
923 4189 1082 4255 Gabrihel
1104 4191 1192 4275 regis
1215 4190 1380 4276 praedixit
1401 4192 1537 4255 nuntius
1559 4192 1627 4270 alti,

795 4289 901 4364 Quam
924 4292 1035 4357 docuit
1057 4294 1186 4375 Petrus,
1209 4295 1305 4359 Pauli
1329 4316 1425 4379 quam
1449 4294 1562 4359 scribit
1584 4293 1718 4368 arundo,

793 4393 955 4468 Quattuor
977 4402 1011 4460 et
1033 4417 1186 4482 proceres
1208 4397 1305 4482 parili
1328 4419 1424 4482 quam
1446 4419 1527 4462 voce
1550 4397 1703 4475 fatentur,

792 4495 901 4560 Huius
925 4497 987 4561 erit
1009 4497 1110 4562 bibici
1133 4497 1301 4563 feriendus
1323 4498 1469 4563 fulminis
1492 4500 1568 4562 ictu.
1644 4521 1648 4530 ·

711 4623 736 4660 so
792 4600 1004 4686 Principium,
1029 4607 1126 4686 caput
1149 4622 1244 4666 omne
1267 4603 1355 4682 mali,
1378 4602 1472 4666 nefas
1496 4623 1602 4675 omne,
1627 4602 1779 4667 Ocrintus
1859 4601 1861 4604 ’

793 4704 973 4769 Ultricibus
995 4705 1093 4770 fomis
1116 4706 1255 4769 flammis
1279 4705 1418 4770 infertur
1441 4706 1585 4770 obustus.

791 4807 914 4872 Infelix
936 4807 1053 4893 Ebyon
1076 4809 1152 4872 huic
1175 4829 1240 4872 non
1263 4807 1373 4893 dispar
1395 4810 1429 4871 in
1452 4808 1539 4872 omni

685 4993 688 5002 Ι
793 4911 967 4998 Impietate
991 4913 1077 4977 iacet
1100 4913 1208 4976 socius
1233 4913 1293 4975 sub
1318 4913 1451 4975 vulnere
1474 4932 1611 4996 poenae.

792 5015 909 5080 Arrius
931 5016 965 5079 in
988 5007 1126 5094 foveam,
1150 5015 1245 5080 fodiit
1268 5036 1364 5101 quam
1387 5014 1531 5100 perfidus
1555 5015 1637 5099 ipse,

529 5345 564 5397 bb
590 5321 765 5416 depromet?
897 5344 928 5397 [il
956 5347 1037 5397 ruouit
1054 5345 1125 5411 PH,
1144 5355 1230 5397 monet
1250 5345 1294 5396 Cli.
1431 5342 1465 5394 63
1492 5344 1580 5410 pulcro
1597 5344 1630 5393 Η
1712 5347 1810 5399 cinctae
1825 5365 1891 5399 corr.
1911 5349 2038 5399 incincta
2051 5349 2085 5398 H

425 5433 458 5484 bl
477 5437 591 5501 paradise
610 5436 635 5486 P
711 5438 820 5502 flagrant
838 5432 864 5481 P
981 5431 1015 5482 69
1032 5441 1159 5500 gemmato
1178 5433 1204 5482 P
1322 5429 1355 5482 73
1372 5448 1441 5483 mora
1459 5431 1485 5480 P
1602 5430 1636 5480 89
1654 5433 1732 5482 bibici
1747 5433 1776 5496 P,
1796 5434 1872 5500 bipici
1888 5434 1921 5496 H,
1941 5435 2028 5484 biblici
2041 5437 2081 5485 rel

425 5521 495 5572 bifidi
514 5523 578 5572 corti,
592 5523 735 5572 dfarlriaiua
753 5539 788 5570 arr
806 5520 903 5585 typici?
1024 5518 1056 5570 91
1070 5521 1169 5572 obustis
1187 5537 1253 5569 corr.
1266 5520 1292 5568 in
1311 5520 1419 5568 obustus
1432 5518 1465 5567 Η

529 5692 554 5758 1)
573 5693 588 5746 1
608 5693 668 5747 lob.
686 5691 712 5754 b,
728 5691 747 5744 4
769 5691 838 5744 baec
857 5691 899 5744 cst
917 5690 1033 5746 victoria
1052 5708 1124 5760 quae
1142 5689 1232 5744 vincit
1249 5687 1391 5742 mundum.
1461 5689 1489 5758 2)
1509 5689 1572 5742 Gal.
1592 5691 1616 5756 1,
1634 5691 1659 5755 8,
1677 5690 1701 5744 9.
