4756 6412
732 497 734 500 Ι
848 421 985 476 VERSUS
1004 421 1152 478 CONTRA
1172 423 1321 479 IUDlCES.

524 617 561 654 aaa
621 594 638 659 I
661 595 735 676 aito,
758 595 837 676 fare,
859 616 951 681 puer,
974 594 1015 660 de
1038 596 1186 682 pluribus
1209 597 1296 682 elige
1319 597 1489 682 quosdam,

697 699 762 774 Qui
783 699 858 763 loea
879 699 1024 764 finitimis
1047 722 1112 764 non
1134 701 1289 787 propiora
1311 701 1431 780 oolunt,

618 802 748 887 Proque
772 803 840 867 suis
863 803 972 867 eausis
995 803 1070 868 istie
1093 825 1225 884 venere,
1248 803 1301 867 vel
1324 803 1409 884 illos,

703 905 767 980 Qui
790 926 984 991 quamquam
1007 927 1109 992 prope
1133 907 1208 984 sint,
1231 907 1325 992 plebs
1348 913 1458 971 tamen
1481 913 1573 972 extat
1595 909 1699 995 inops.

619 1009 700 1088 Quis
724 1010 752 1073 si
774 1009 897 1073 mixtus
920 1009 983 1072 erit
1004 1010 1166 1096 proprius,
1189 1029 1230 1073 ne
1254 1010 1375 1096 proice,
1399 1012 1489 1091 aivis,

705 1111 785 1176 Eius
815 1133 916 1177 eausa
939 1118 1043 1192 sonet,
1067 1113 1207 1197 quilibet
1229 1114 1317 1178 intus
1341 1115 1412 1178 erit.

617 1215 668 1280 Ne
691 1215 720 1280 si
741 1215 884 1302 proicias
907 1214 1037 1280 rediens
1060 1217 1270 1281 venientibus
1294 1218 1413 1295 obstet,

696 1317 806 1402 Atque
832 1318 894 1382 sibi
916 1317 1086 1403 inpediant
1107 1319 1185 1383 dum
1207 1319 1260 1384 hie
1284 1321 1309 1384 it
1332 1326 1365 1385 et
1388 1322 1444 1384 ille
1466 1318 1560 1385 redit.

616 1421 761 1486 Diseute.
778 1426 968 1486 ounetorum
990 1422 1140 1507 vigilanti
1162 1423 1316 1508 indagine
1340 1445 1465 1503 causas,

700 1524 773 1597 Quo
795 1523 889 1587 finire
913 1544 1014 1608 queas
1037 1525 1151 1590 ordine
1175 1547 1336 1612 quamque
1360 1548 1430 1591 suo.

528 1650 560 1686 a
617 1627 688 1691 Has
710 1626 796 1691 bene
818 1625 908 1690 disee
932 1628 1032 1712 priua,
1056 1635 1212 1713 quantum
1235 1628 1295 1693 has
1318 1628 1446 1693 discere
1469 1628 1581 1708 debes,

696 1729 757 1794 Iob
779 1729 841 1793 tibi
863 1730 897 1793 in
921 1732 1109 1816 exemplum
1131 1732 1235 1797 verba
1256 1739 1431 1817 parantur;
1454 1733 1537 1797 ait¹:

617 1834 755 1899 ‘Lumen
777 1837 866 1898 eram
890 1853 999 1915 oaeoo,
1023 1855 1156 1919 gressus
1182 1835 1361 1900 moderatio
1386 1836 1511 1916 elaudo,

698 1937 829 2023 Pauper
852 1945 885 2001 et
907 1938 1041 2002 invento
1063 1959 1116 2003 me
1139 1947 1233 2024 patre
1256 1946 1345 2004 tutus
1369 1945 1449 2004 erat.
1507 1937 1510 1942 “

615 2038 822 2113 Quaerebam
844 2039 976 2123 ignotae
1000 2040 1116 2106 sollers
1141 2043 1323 2106 sinuamina
1346 2063 1474 2123 causae,

707 2144 788 2219 Quis
811 2153 960 2230 poteram
984 2144 1110 2221 studiis,
1134 2167 1197 2230 quo
1220 2146 1301 2211 mihi
1324 2154 1402 2213 nota
1422 2146 1528 2213 foret'

616 2248 686 2314 Neo
711 2249 777 2312 eito
800 2248 937 2313 festines
960 2247 1003 2312 ad
1025 2269 1145 2314 causae
1168 2249 1304 2314 tendere
1326 2250 1435 2330 finem,

698 2351 769 2416 Neo
792 2351 882 2415 lento
906 2356 963 2414 aut
984 2351 1121 2415 nimium
1144 2352 1228 2415 hano
1252 2351 1336 2437 pede
1359 2354 1454 2416 volve
1476 2353 1580 2438 piger.

615 2457 667 2522 Ne
689 2457 814 2522 lentum
837 2463 958 2543 torpor,
983 2458 1125 2522 celerem
1149 2463 1181 2522 te
1205 2456 1333 2522 nubilet
1355 2479 1455 2540 error,

694 2561 786 2626 Inter
807 2568 981 2647 utrumque
1005 2564 1126 2626 malum
1149 2584 1208 2649 pes
1232 2563 1291 2627 tibi
1313 2568 1404 2627 tutus
1427 2569 1491 2629 eat.

615 2663 721 2748 Finge
744 2662 843 2744 aliud,
869 2662 946 2728 dum
970 2684 1070 2728 eausa
1092 2665 1182 2742 latet,
1206 2686 1285 2729 mox
1308 2685 1407 2729 eausa
1429 2670 1587 2750 patescet,

697 2765 749 2830 Na
772 2767 857 2830 male
880 2766 1014 2846 fallaris,
1038 2767 1181 2831 tubane
1204 2767 1281 2832 falle
1304 2768 1404 2853 prius.

614 2869 688 2934 Nex
710 2869 794 2934 falsa
816 2869 949 2933 infantis
972 2870 1074 2934 falsae
1098 2870 1263 2935 mendatio
1284 2869 1418 2936 matris²

697 2973 856 3059 Propulit,
881 2979 915 3038 et
938 2994 1048 3037 earum
1070 2995 1149 3038 vera
1172 2975 1296 3060 recepit
1317 2996 1411 3040 onus.

613 3076 707 3141 Haeo
730 3076 994 3142 Salomoniaoam
1015 3099 1068 3142 ros
1092 3079 1183 3143 vexit
1206 3077 1247 3142 ad
1269 3079 1372 3143 ardua
1392 3080 1522 3160 famam,

700 3179 817 3265 Fitque
842 3182 938 3245 timor
960 3181 1090 3267 populis
1114 3189 1147 3245 et
1169 3183 1223 3245 via
1245 3181 1351 3248 laudis
1374 3186 1416 3248 ei.

615 3284 722 3369 Saepe
746 3305 822 3348 suas
847 3305 1042 3371 semperque
1067 3285 1175 3348 solent
1197 3286 1392 3351 convolvere
1416 3307 1532 3350 causas

696 3385 819 3469 Magni,
844 3406 917 3450 oum
940 3387 1071 3472 propria
1093 3407 1128 3450 re
1152 3386 1222 3450 sine
1246 3408 1371 3472 pauper
1394 3394 1458 3454 eat.

613 3487 685 3551 Hos
708 3487 768 3552 tibi
791 3494 826 3552 tu
849 3489 954 3553 soeios
978 3490 1011 3552 in
1035 3490 1142 3553 oensis
1165 3489 1249 3554 adde
1273 3491 1444 3570 minorum,

695 3590 959 3676 Postpositisque
984 3593 1052 3656 suis
1076 3599 1107 3656 te
1130 3593 1215 3657 bene
1238 3594 1376 3680 quisque
1400 3595 1499 3660 iuvet.

615 3693 679 3768 Qui
702 3703 794 3780 patre
818 3715 878 3759 seu
902 3702 1005 3760 matre
1030 3696 1172 3774 orbatur,
1196 3697 1249 3761 vel
1273 3697 1301 3760 si
1323 3718 1388 3783 qua
1410 3697 1535 3776 marito,

696 3796 839 3862 Istorum
863 3819 978 3862 causas
1001 3801 1043 3863 sit
1065 3805 1121 3863 tua
1144 3821 1221 3863 eura
1245 3802 1346 3886 sequi.

611 3899 740 3966 Horum
763 3901 957 3982 causiloous,
979 3903 1094 3967 horum
1116 3903 1219 3967 tutela
1241 3916 1380 3983 manete,

694 4004 776 4069 Pars
799 4005 882 4070 haee
906 4012 946 4069 te.
961 4012 1108 4086 matrem,
1133 4008 1261 4071 noverit
1281 4007 1341 4070 illa
1360 4007 1476 4070 virum.

611 4107 752 4189 Debilis,
774 4108 947 4190 invalidus,
971 4131 1062 4195 puer,
1086 4131 1195 4194 aeger,
1219 4131 1353 4192 anusve,
1378 4130 1520 4176 senexve

519 4234 558 4272 aaa
704 4211 742 4277 Si
764 4213 907 4293 veniant,
932 4213 1100 4298 serapem
1124 4215 1175 4277 his
1198 4213 1383 4278 miserando
1406 4214 1504 4300 piam.

609 4317 686 4398 Fae,
710 4316 834 4398 sedeat,
857 4318 1023 4402 quietare
1047 4319 1170 4401 nequit,
1195 4319 1250 4402 qui
1274 4339 1408 4403 surgere
1431 4317 1565 4404 prende,

694 4418 756 4483 Cui
778 4441 834 4485 eor
856 4441 986 4504 voxque
1010 4421 1129 4500 tremit,
1153 4441 1254 4506 pesve
1278 4441 1445 4500 manusve,
1468 4421 1552 4486 iuva.

610 4521 788 4588 Deiectum
811 4524 921 4591 verbis
944 4525 1067 4604 releva,
1091 4524 1205 4589 sedato
1229 4525 1401 4614 minacem,

691 4625 756 4700 Qui
779 4628 883 4706 timet,
907 4627 983 4691 huie
1006 4628 1110 4705 vires3
1135 4629 1189 4714 qui
1213 4627 1300 4708 furit,
1324 4627 1407 4692 adde
1432 4635 1564 4692 metum.

356 4803 736 4813 ——--.—.-———-———-·
744 4803 1420 4810 --—-——-—-..--—--—------.-.
1431 4805 1796 4814 -—-—--————-—.—.

348 4921 400 4976 596
416 4925 546 4992 propriora
559 4922 615 4976 SP
725 4920 776 4973 597
794 4923 845 4976 illis
859 4921 885 4972 P
990 4919 1042 4974 598
1059 4939 1136 4988 quam
1154 4940 1232 4990 prope
1245 4921 1270 4972 P
1354 4923 1409 4989 ples
1422 4922 1448 4972 P
1556 4921 1608 4974 599
1626 4925 1734 4992 propriis
1752 4943 1818 4976 corr.
1837 4941 1869 4976 us
1879 4926 1905 4976 P

244 5011 315 5061 einos
332 5011 406 5062 codd·
519 5008 694 5075 GOOeauseP
805 5008 854 5059 601
874 5010 895 5060 si
914 5027 961 5059 oar.
975 5008 1001 5058 P
1072 5008 1263 5061 ueneritibusP
1370 5006 1422 5060 603
1440 5009 1574 5062 DisciteP
1679 5009 1731 5061 604
1749 5010 1905 5078 quanqueP

244 5093 295 5146 607
314 5113 389 5148 eoaoo
399 5097 433 5147 M
515 5094 567 5149 609
584 5099 671 5165 ignote
684 5098 711 5147 in
723 5113 775 5146 raa.
786 5095 812 5145 P
891 5093 943 5146 610
955 5103 1015 5146 nota
1027 5103 1094 5147 seret
1104 5095 1129 5144 P
1171 5098 1199 5146 R.
1214 5096 1251 5145 ad
1263 5113 1344 5160 morq.
1423 5093 1476 5145 612
1489 5096 1556 5146 uelle
1569 5097 1641 5162 piger
1652 5095 1677 5146 P
1752 5095 1804 5147 613
1816 5096 1904 5148 NeoP

243 5183 407 5234 oaelaromL
536 5181 588 5235 615
610 5184 675 5234 aliut
692 5182 718 5232 P
795 5182 858 5233 latet
880 5198 947 5232 corr.
977 5181 1039 5232 laL
1160 5179 1210 5231 617
1235 5183 1288 5233 Nee
1311 5185 1378 5232 l'assa
1395 5181 1425 5244 P,
1447 5184 1502 5232 Rex
1517 5182 1549 5231 M
1633 5183 1697 5233 falsa
1723 5184 1851 5234 mandatio
1871 5184 1905 5233 a!

243 5266 296 5319 618
312 5271 422 5321 Protulit
436 5269 461 5318 P
535 5271 619 5321 honus
629 5267 655 5318 P
772 5267 823 5321 619
841 5269 1057 5320 salomoniaoham
1075 5268 1176 5320 rsuaxit
1189 5267 1215 5317 P
1333 5266 1384 5319 622
1407 5278 1462 5321 erat
1474 5267 1500 5318 P
1609 5265 1660 5318 627
1681 5285 1772 5320 causas
1793 5271 1902 5335 loquens

243 5372 310 5406 corr.
332 5355 533 5422 causiloquusP
644 5353 696 5407 628
719 5358 751 5408 Et
775 5373 834 5424 pars
856 5357 905 5420 hee
930 5353 989 5420 (oar.
1008 5357 1043 5418 re)
1059 5353 1090 5418 P,
1118 5353 1255 5406 tedoad!
1341 5356 1476 5422 patremL
1601 5352 1652 5406 629
1674 5372 1782 5408 aenesue
1798 5355 1822 5406 L
1836 5355 1866 5406 M
1879 5355 1905 5405 P

242 5438 293 5491 631
318 5442 407 5508 prendi
422 5441 452 5492 M
467 5440 492 5491 Ρ

347 5626 373 5692 1)
398 5626 455 5680 Iob.
473 5625 516 5690 29,
529 5626 563 5679 15
585 5625 687 5680 Oculus
709 5626 749 5680 fui
768 5643 850 5682 caeeo
872 5627 901 5678 et
928 5641 976 5694 pes
1004 5625 1112 5680 claudo.
1158 5627 1191 5680 16
1214 5625 1297 5678 Pater
1323 5641 1397 5678 eram
1423 5640 1592 5694 pauperum,
1615 5629 1644 5680 et
1668 5641 1793 5690 eausam,
1817 5644 1900 5695 quam

242 5727 406 5792 nesciebam,
425 5727 640 5797 diligentissime
659 5729 871 5800 investigabam.
941 5730 968 5796 2)
987 5729 1004 5783 3
1023 5731 1126 5800 Rapit,
1144 5731 1184 5785 10.
