4538 6428
544 395 784 453 GODESSCALOI
803 397 848 453 ΕΤ
870 397 1028 452 WIGBODI
1048 397 1185 454 VERSUS
1205 400 1253 453 AD
1272 399 1455 456 CAROLUM.

536 569 609 634 Hoc
633 593 715 657 opus
740 573 896 636 eximium
919 573 1143 640 Franchorum
1166 577 1310 640 scribere
1335 553 1462 641 Oarlus'

535 672 608 736 Rex
631 676 716 759 pius,
742 677 875 761 egregia
898 677 1082 762 Ilildgarda
1105 700 1177 743 cum
1201 681 1350 763 coniuge,
1374 681 1482 745 iussit:

536 775 681 849 Quorum
704 779 849 842 salvifico
874 787 1004 844 tueatur
1027 783 1158 846 nomine
1181 784 1265 846 vitas
1336 847 1338 852 ,
1470 853 1477 864 ,

468 902 478 937 s
536 879 610 943 Rex
634 902 748 966 regum
772 882 931 962 dominus,
955 885 1119 949 caelorum
1142 887 1257 968 gloria,
1282 886 1441 950 Christus.

535 983 678 1048 Ultimus
703 984 764 1049 hoc
788 986 929 1050 famulus
953 987 1077 1052 studuit
1101 990 1264 1074 complere
1289 988 1489 1054 Godesscalc

537 1086 698 1172 Tempore
722 1090 857 1166 vernali,
882 1092 1082 1154 transcensis
1106 1091 1246 1177 Alpibus
1269 1093 1341 1178 ipse

536 1190 661 1256 Urbem
684 1190 879 1256 Romuleam
902 1194 1006 1257 voluit
1031 1216 1093 1279 quc
1117 1195 1225 1259 visere
1249 1196 1374 1280 consul,

536 1293 581 1357 Ut
604 1293 739 1358 Petrum
763 1294 940 1379 sedemque
963 1297 1052 1359 Petri
1076 1317 1135 1360 rex
1159 1305 1317 1376 cerneret,
1340 1305 1437 1382 atque

455 1419 489 1455 a.
538 1396 684 1461 Plurima
707 1398 906 1461 celsithrono
929 1397 1073 1464 deferret
1097 1421 1230 1464 munera
1253 1399 1395 1466 Christe.

537 1499 641 1563 Multa
664 1501 868 1585 peraegrinis
892 1503 1056 1565 concessit
1078 1502 1164 1566 dona
1186 1503 1333 1582 misellis,

537 1603 657 1666 Annua
680 1610 757 1668 tunc
782 1603 903 1667 ibidem
928 1604 1098 1669 celebrans
1123 1607 1282 1670 solemnia
1305 1607 1457 1691 paschae.

536 1705 704 1790 Praesulis
728 1707 836 1770 officio
861 1719 929 1771 tum
952 1708 1116 1773 Adrianus
1140 1711 1275 1774 functus
1294 1711 1327 1774 in
1351 1712 1435 1775 arvis

538 1809 677 1873 Culmen
700 1811 919 1895 apostolicum
942 1812 1092 1877 Romana
1114 1815 1200 1877 rexit
1223 1815 1257 1877 in
1281 1815 1372 1880 urbe.

456 1931 480 1968 a
536 1911 698 1997 Principis
723 1913 775 1976 hic
801 1912 911 1977 Caroli
936 1913 1032 1978 elaris
1055 1916 1221 1980 natalibus
1246 1923 1349 1980 ortam

538 2014 769 2079 Carlmannum
794 2016 951 2096 sobolem,
975 2025 1099 2080 mutato
1123 2019 1254 2083 nomine
1277 2019 1406 2106 Pippin,

537 2116 642 2181 Fonte
666 2126 906 2198 renascentem,
930 2128 964 2183 et
987 2141 1079 2184 sacro
1103 2121 1300 2206 baptismate
1323 2124 1435 2201 lotum,

535 2218 664 2282 Extulit
686 2220 830 2284 albatum
854 2223 989 2286 sacratis
1014 2230 1171 2307 conpater
1193 2223 1289 2287 undis
1301 2227 1320 2287 ¹.

443 2383 446 2389 .
538 2321 670 2407 Septies
694 2324 846 2408 expletus
870 2324 978 2388 fuerat
1003 2327 1210 2390 cantissimus
1235 2347 1350 2408 annus,

454 2448 480 2484 a»
533 2425 646 2490 Octies
671 2427 703 2488 in
728 2425 854 2490 decimo
879 2428 928 2490 sol
952 2450 1089 2512 eumque
1114 2437 1302 2493 cucurrerat
1324 2451 1419 2500 anno,

537 2529 676 2614 Exque
701 2529 852 2594 Christus
876 2529 972 2596 Iesus
997 2533 1107 2596 saecla
1130 2532 1286 2597 beaverat
1309 2532 1412 2608 ortu²,
1483 2527 1486 2534 ’

537 2632 702 2697 Exsuerat
725 2640 828 2696 totum
854 2641 887 2697 et
909 2641 996 2698 tetra
1019 2636 1161 2719 ealigine
1184 2633 1350 2700 mundum.

952 3082 1046 3147 vin.

171 3224 395 3298 CAROLUS
429 3224 527 3295 REX
560 3223 863 3297 FRANCORUM
896 3226 956 3297 ΕΤ
994 3225 1434 3298 LANGOBARDORUM
1469 3225 1531 3297 AC
1569 3222 1826 3297 PATRICIUS
1865 3251 1867 3256 ·

215 3343 528 3417 ROMANORUM
555 3344 685 3416 HUNC
714 3344 922 3417 CODICEM
950 3345 1014 3417 AD
1044 3346 1168 3418 OPUS
1196 3346 1326 3419 SUUM
1354 3345 1589 3418 SCRIBERE
1617 3344 1782 3417 IUSSIT.

859 3510 977 3574 nnus
1001 3510 1136 3575 aneis

721 3612 978 3678 innocuum
1002 3614 1064 3677 an
1088 3614 1272 3678 aranon.

539 3732 619 3806 Quis
644 3733 742 3818 digne
767 3733 916 3798 indoctus
939 3743 1117 3799 metrorum
1140 3736 1289 3799 versibus
1313 3753 1464 3818 umquam

535 3835 692 3901 Rusticus
716 3839 882 3922 explanet,
906 3839 999 3902 euius
1024 3839 1198 3924 praeconia
1221 3840 1341 3924 passim

536 3941 639 4005 Latus
664 3940 874 4005 concelebrat
898 3941 958 4005 sub
983 3943 1065 4006 caeli
1088 3941 1220 4006 cardine
1244 3941 1392 4015 mundae,
1432 4017 1435 4024 .

537 4043 662 4108 Ouius³
684 4043 724 4108 ad
751 4045 921 4130 imperinm
945 4046 1093 4109 mernisti
1119 4045 1214 4109 sorde
1239 4067 1361 4113 carere.

469 4170 480 4205 s
537 4147 580 4211 Et
603 4169 721 4232 capere
744 4148 880 4212 nitidam
904 4150 1001 4234 longo
1025 4158 1100 4234 post
1123 4157 1269 4235 tempore
1293 4149 1423 4234 pallam,

537 4249 695 4334 Coeperis
718 4257 754 4313 ut
777 4251 876 4315 limen
901 4253 995 4316 aulae
1020 4253 1141 4336 regalis
1165 4251 1265 4332 adire,

435 4369 436 4372 ’
536 4354 646 4438 Atque
670 4375 748 4417 auro
773 4355 869 4418 rutilo
893 4355 1074 4420 radiantem
1098 4377 1231 4420 cernere
1256 4355 1379 4419 sedem.

487 4497 489 4501 ψ
537 4455 651 4540 Incipe
675 4478 769 4541 quam
793 4459 933 4542 primum
956 4461 1063 4545 largas
1087 4461 1277 4546 persolvere
1301 4467 1439 4544 grates,

536 4558 693 4623 Errorum
717 4560 804 4645 quod
827 4561 914 4626 nube
938 4584 1053 4626 carens
1078 4569 1245 4627 correctus
1268 4562 1413 4626 haberis.

457 4683 480 4719 a
538 4661 625 4726 Dein
649 4670 831 4746 prostratus
855 4665 984 4728 veniam
1008 4665 1150 4750 deposce
1174 4672 1319 4751 precatu,

273 4922 338 4971 irater
357 4939 456 4972 cerauni
474 4919 508 4972 22
525 4931 548 4974 el
566 4920 601 4972 23
619 4923 646 4974 ia
665 4924 749 4975 codiee
768 4925 837 4975 linea
857 4925 965 4975 arcana

243 5004 322 5071 [Vlll]
358 5025 389 5058 ae
407 5009 461 5058 cod.
482 5008 508 5060 S.
528 5009 667 5059 Mamertini
684 5010 751 5060 adid.
771 5009 888 5062 blerana
992 5006 1156 5060 Arncrrristis
1175 5011 1235 5060 ordo
1256 5009 1278 5060 C
1381 5007 1485 5057 liceras
1507 5007 1528 5056 (J

276 5161 301 5226 l)
320 5160 356 5213 In
375 5160 465 5214 coclear
483 5161 575 5214 cadiae
593 5161 752 5214 amoliatur
770 5139 836 5214 lraec
854 5179 879 5214 a.
893 5163 941 5214 281
960 5162 1054 5215 aureis
1073 5163 1160 5216 literis
1178 5162 1215 5216 acl
1232 5161 1395 5230 nerninem:
1413 5159 1445 5212 ln
1464 5158 1517 5212 isto
1535 5175 1609 5211 anno
1627 5156 1682 5210 luit
1700 5153 1827 5209 dominus

171 5277 217 5314 rex
242 5261 358 5316 Karolus
389 5263 424 5316 ad
453 5267 579 5318 sanctum
604 5265 718 5317 Petrum
746 5267 774 5317 et
800 5263 959 5332 baptizatus
983 5267 1025 5316 est
1053 5264 1125 5317 filius
1155 5265 1214 5316 eius
1239 5263 1374 5334 Pippinns
1397 5279 1414 5315 a
1436 5261 1537 5314 domno
1564 5259 1730 5331 apostolic03
1754 5261 1827 5310 Ana.

170 5366 277 5419 Mosell.
296 5367 344 5420 781
364 5335 486 5435 perrexit
503 5385 551 5420 rex
571 5367 670 5421 Karlns
688 5369 804 5421 Romam
831 5371 859 5420 et
875 5365 1034 5436 baptizatus
1058 5369 1100 5419 cst
1122 5366 1161 5418 ibi
1186 5367 1258 5419 filius
1283 5366 1355 5428 eius,
1380 5365 1427 5432 qui
1447 5364 1598 5418 vocabatur
1616 5363 1827 5428 Karlomanmis,

170 5485 253 5535 quem
271 5469 410 5524 Adrianus
428 5489 502 5543 papa
520 5475 629 5525 mutato
648 5471 760 5525 nomine
777 5470 889 5524 vocavit
908 5469 1071 5540 Pippinum;
1090 5471 1218 5524 Laertes.
1237 5471 1300 5523 min.
1320 5469 1458 5522 Adrianus
1477 5486 1551 5538 papa
1569 5467 1721 5536 Pippinum
1740 5464 1827 5516 filium

169 5571 244 5640 regis
262 5571 417 5642 baptizavit
434 5577 463 5627 et
480 5592 497 5628 a
515 5591 591 5628 sacro
609 5573 686 5627 fonte
705 5575 835 5643 suscepit.
904 5575 932 5640 2)
945 5573 989 5641 Cf.
1002 5573 1242 5641 supranotati.
1312 5571 1339 5637 3)
1358 5588 1381 5624 a.
1394 5571 1480 5624 4-13
1499 5570 1653 5641 ll'r'pbodas
1664 5569 1828 5623 verbotenus

167 5679 285 5748 saraitae
303 5683 342 5731 est
361 5693 395 5730 era
413 5677 537 5748 Enpens'r‘
559 5678 683 5732 Toletani
696 5677 877 5747 praefatione
893 5655 1043 5732 Draconlie'
1061 5675 1151 5730 libelle
1169 5676 1278 5730 adiecta
1296 5691 1320 5729 v.
1338 5675 1431 5728 2-12Ι
