<?xml version="1.0" encoding="UTF-8"?>
<!DOCTYPE html PUBLIC "-//W3C//DTD XHTML 1.0 Transitional//EN"
    "http://www.w3.org/TR/xhtml1/DTD/xhtml1-transitional.dtd">
<html xmlns="http://www.w3.org/1999/xhtml" xml:lang="en" lang="en">
 <head>
  <title>
</title>
<meta http-equiv="Content-Type" content="text/html;charset=utf-8" />
  <meta name='ocr-system' content='tesseract 3.04.00' />
  <meta name='ocr-capabilities' content='ocr_page ocr_carea ocr_par ocr_line ocrx_word'/>
</head>
<body>
  <div class='ocr_page' id='page_1' title='image "./monumentagerman01unkngoog/monumentagerman01unkngoog_0331.png"; bbox 0 0 4628 6428; ppageno 0'>
   <div class='ocr_carea' id='block_1_1' title="bbox 1041 405 1384 466">
    <p class='ocr_par' dir='ltr' id='par_1_1' title="bbox 1041 405 1384 466">
     <span class='ocr_line' id='line_1_1' title="bbox 1041 405 1384 466; baseline -0.009 -1"><span class='ocrx_word' id='word_1_1' title='bbox 1041 405 1191 466; x_wconf 73' lang='lat' dir='ltr'><strong>ALCUIM</strong></span> <span class='ocrx_word' id='word_1_2' title='bbox 1208 405 1384 466; x_wconf 72' lang='lat' dir='ltr'>CARMINA,</span> 
     </span>
    </p>
   </div>
   <div class='ocr_carea' id='block_1_2' title="bbox 752 604 1684 1294">
    <p class='ocr_par' dir='ltr' id='par_1_2' title="bbox 1190 604 1242 648">
     <span class='ocr_line' id='line_1_2' title="bbox 1190 604 1242 648; baseline 0 -1"><span class='ocrx_word' id='word_1_3' title='bbox 1190 604 1242 648; x_wconf 85' lang='lat' dir='ltr'><strong>xvi</strong></span> 
     </span>
    </p>

    <p class='ocr_par' dir='ltr' id='par_1_3' title="bbox 754 688 1674 878">
     <span class='ocr_line' id='line_1_3' title="bbox 754 688 1674 771; baseline -0.004 -15"><span class='ocrx_word' id='word_1_4' title='bbox 754 689 860 764; x_wconf 84' lang='lat' dir='ltr'>Quem</span> <span class='ocrx_word' id='word_1_5' title='bbox 882 711 944 755; x_wconf 85' lang='lat' dir='ltr'><strong>nec</strong></span> <span class='ocrx_word' id='word_1_6' title='bbox 966 689 1097 754; x_wconf 87' lang='lat' dir='ltr'><strong>flamma</strong></span> <span class='ocrx_word' id='word_1_7' title='bbox 1118 711 1220 755; x_wconf 88' lang='lat' dir='ltr'><strong>vorax</strong></span> <span class='ocrx_word' id='word_1_8' title='bbox 1242 691 1330 771; x_wconf 83' lang='lat' dir='ltr'>vicit,</span> <span class='ocrx_word' id='word_1_9' title='bbox 1353 688 1561 770; x_wconf 79' lang='lat' dir='ltr'><strong>Laurentius,</strong></span> <span class='ocrx_word' id='word_1_10' title='bbox 1584 709 1674 752; x_wconf 89' lang='lat' dir='ltr'><strong>aram</strong></span> 
     </span>
     <span class='ocr_line' id='line_1_4' title="bbox 834 791 1604 878; baseline -0.005 -21"><span class='ocrx_word' id='word_1_11' title='bbox 834 793 1000 878; x_wconf 82' lang='lat' dir='ltr'>Sanguine</span> <span class='ocrx_word' id='word_1_12' title='bbox 1024 801 1198 858; x_wconf 81' lang='lat' dir='ltr'><strong>conservet</strong></span> <span class='ocrx_word' id='word_1_13' title='bbox 1219 793 1312 872; x_wconf 82' lang='lat' dir='ltr'><strong>hane,</strong></span> <span class='ocrx_word' id='word_1_14' title='bbox 1335 814 1426 878; x_wconf 77' lang='lat' dir='ltr'><strong>rogo,</strong></span> <span class='ocrx_word' id='word_1_15' title='bbox 1448 791 1604 876; x_wconf 81' lang='lat' dir='ltr'><strong>martyrii.</strong></span> 
     </span>
    </p>

    <p class='ocr_par' dir='ltr' id='par_1_4' title="bbox 752 897 1684 1087">
     <span class='ocr_line' id='line_1_5' title="bbox 752 897 1533 982; baseline -0.003 -21"><span class='ocrx_word' id='word_1_16' title='bbox 752 897 821 962; x_wconf 87' lang='lat' dir='ltr'><strong>Iste</strong></span> <span class='ocrx_word' id='word_1_17' title='bbox 845 897 899 962; x_wconf 89' lang='lat' dir='ltr'><strong>dei</strong></span> <span class='ocrx_word' id='word_1_18' title='bbox 922 897 1045 961; x_wconf 79' lang='lat' dir='ltr'>Christi</span> <span class='ocrx_word' id='word_1_19' title='bbox 1068 897 1222 961; x_wconf 87' lang='lat' dir='ltr'><strong>mandata</strong></span> <span class='ocrx_word' id='word_1_20' title='bbox 1242 897 1390 982; x_wconf 83' lang='lat' dir='ltr'><strong>implerit</strong></span> <span class='ocrx_word' id='word_1_21' title='bbox 1412 916 1533 974; x_wconf 80' lang='lat' dir='ltr'><strong>amore,</strong></span> 
     </span>
     <span class='ocr_line' id='line_1_6' title="bbox 836 997 1684 1087; baseline -0.006 -22"><span class='ocrx_word' id='word_1_22' title='bbox 836 1001 1042 1087; x_wconf 77' lang='lat' dir='ltr'><strong>Pauperibus</strong></span> <span class='ocrx_word' id='word_1_23' title='bbox 1065 1001 1213 1066; x_wconf 90' lang='lat' dir='ltr'><strong>tribuens</strong></span> <span class='ocrx_word' id='word_1_24' title='bbox 1237 998 1393 1086; x_wconf 90' lang='lat' dir='ltr'><strong>quidquid</strong></span> <span class='ocrx_word' id='word_1_25' title='bbox 1415 997 1558 1062; x_wconf 80' lang='lat' dir='ltr'><strong>habebat</strong></span> <span class='ocrx_word' id='word_1_26' title='bbox 1581 998 1684 1084; x_wconf 90' lang='lat' dir='ltr'><strong>inops.</strong></span> 
     </span>
    </p>

    <p class='ocr_par' dir='ltr' id='par_1_5' title="bbox 756 1101 1605 1294">
     <span class='ocr_line' id='line_1_7' title="bbox 756 1101 1543 1190; baseline -0.006 -21"><span class='ocrx_word' id='word_1_27' title='bbox 756 1103 898 1169; x_wconf 84' lang='lat' dir='ltr'><strong>Divitias</strong></span> <span class='ocrx_word' id='word_1_28' title='bbox 923 1106 1004 1169; x_wconf 85' lang='lat' dir='ltr'><strong>secli</strong></span> <span class='ocrx_word' id='word_1_29' title='bbox 1027 1105 1225 1190; x_wconf 79' lang='lat' dir='ltr'><strong>contempsit</strong></span> <span class='ocrx_word' id='word_1_30' title='bbox 1247 1103 1370 1168; x_wconf 88' lang='lat' dir='ltr'><strong>habere</strong></span> <span class='ocrx_word' id='word_1_31' title='bbox 1394 1101 1543 1180; x_wconf 82' lang='lat' dir='ltr'><strong>caducas,</strong></span> 
     </span>
     <span class='ocr_line' id='line_1_8' title="bbox 836 1205 1605 1294; baseline -0.007 -22"><span class='ocrx_word' id='word_1_32' title='bbox 836 1208 1019 1294; x_wconf 77' lang='lat' dir='ltr'><strong>Perpetuus</strong></span> <span class='ocrx_word' id='word_1_33' title='bbox 1043 1207 1166 1272; x_wconf 80' lang='lat' dir='ltr'>Christi</span> <span class='ocrx_word' id='word_1_34' title='bbox 1190 1214 1226 1271; x_wconf 97' lang='lat' dir='ltr'><strong>ut</strong></span> <span class='ocrx_word' id='word_1_35' title='bbox 1247 1207 1352 1293; x_wconf 83' lang='lat' dir='ltr'>possit</span> <span class='ocrx_word' id='word_1_36' title='bbox 1374 1205 1497 1270; x_wconf 90' lang='lat' dir='ltr'><strong>habere</strong></span> <span class='ocrx_word' id='word_1_37' title='bbox 1520 1205 1605 1290; x_wconf 88' lang='lat' dir='ltr'><strong>polo.</strong></span> 
     </span>
    </p>
   </div>
   <div class='ocr_carea' id='block_1_3' title="bbox 702 1449 1653 1931">
    <p class='ocr_par' dir='ltr' id='par_1_6' title="bbox 702 1449 1653 1931">
     <span class='ocr_line' id='line_1_9' title="bbox 1180 1449 1243 1493; baseline -0.016 0"><span class='ocrx_word' id='word_1_38' title='bbox 1180 1449 1243 1493; x_wconf 85' lang='lat' dir='ltr'><strong>xvu</strong></span> 
     </span>
     <span class='ocr_line' id='line_1_10' title="bbox 754 1530 1577 1620; baseline -0.004 -21"><span class='ocrx_word' id='word_1_39' title='bbox 754 1535 829 1599; x_wconf 87' lang='lat' dir='ltr'><strong>Hoe</strong></span> <span class='ocrx_word' id='word_1_40' title='bbox 851 1536 954 1599; x_wconf 88' lang='lat' dir='ltr'><strong>altare</strong></span> <span class='ocrx_word' id='word_1_41' title='bbox 978 1535 1053 1620; x_wconf 92' lang='lat' dir='ltr'><strong>pius</strong></span> <span class='ocrx_word' id='word_1_42' title='bbox 1076 1541 1185 1597; x_wconf 84' lang='lat' dir='ltr'><strong>servet</strong></span> <span class='ocrx_word' id='word_1_43' title='bbox 1208 1531 1382 1604; x_wconf 78' lang='lat' dir='ltr'><strong>Quintinus</strong></span> <span class='ocrx_word' id='word_1_44' title='bbox 1406 1531 1448 1595; x_wconf 86' lang='lat' dir='ltr'><strong>ab</strong></span> <span class='ocrx_word' id='word_1_45' title='bbox 1470 1530 1577 1611; x_wconf 82' lang='lat' dir='ltr'><strong>hoste,</strong></span> 
     </span>
     <span class='ocr_line' id='line_1_11' title="bbox 839 1637 1560 1724; baseline -0.006 -22"><span class='ocrx_word' id='word_1_46' title='bbox 839 1637 1006 1724; x_wconf 81' lang='lat' dir='ltr'><strong>Sanguine</strong></span> <span class='ocrx_word' id='word_1_47' title='bbox 1028 1638 1083 1722; x_wconf 95' lang='lat' dir='ltr'><strong>qui</strong></span> <span class='ocrx_word' id='word_1_48' title='bbox 1106 1659 1199 1701; x_wconf 84' lang='lat' dir='ltr'><strong>sacro</strong></span> <span class='ocrx_word' id='word_1_49' title='bbox 1222 1657 1325 1722; x_wconf 87' lang='lat' dir='ltr'><strong>regna</strong></span> <span class='ocrx_word' id='word_1_50' title='bbox 1346 1637 1446 1701; x_wconf 85' lang='lat' dir='ltr'><strong>beata</strong></span> <span class='ocrx_word' id='word_1_51' title='bbox 1468 1637 1560 1722; x_wconf 77' lang='lat' dir='ltr'><strong>petit,</strong></span> 
     </span>
     <span class='ocr_line' id='line_1_12' title="bbox 702 1738 1653 1826; baseline -0.002 -23"><span class='ocrx_word' id='word_1_52' title='bbox 702 1797 705 1803; x_wconf 90' lang='lat'>.</span> <span class='ocrx_word' id='word_1_53' title='bbox 754 1741 844 1805; x_wconf 81' lang='lat' dir='ltr'><strong>Huic</strong></span> <span class='ocrx_word' id='word_1_54' title='bbox 866 1762 995 1826; x_wconf 88' lang='lat' dir='ltr'><strong>quoque</strong></span> <span class='ocrx_word' id='word_1_55' title='bbox 1018 1741 1196 1825; x_wconf 91' lang='lat' dir='ltr'><strong>iunguntur</strong></span> <span class='ocrx_word' id='word_1_56' title='bbox 1216 1740 1375 1804; x_wconf 86' lang='lat' dir='ltr'><strong>laieorum</strong></span> <span class='ocrx_word' id='word_1_57' title='bbox 1398 1738 1495 1802; x_wconf 89' lang='lat' dir='ltr'><strong>turba</strong></span> <span class='ocrx_word' id='word_1_58' title='bbox 1515 1739 1653 1824; x_wconf 83' lang='lat' dir='ltr'><strong>piorum,</strong></span> 
     </span>
     <span class='ocr_line' id='line_1_13' title="bbox 833 1842 1541 1931; baseline -0.006 -23"><span class='ocrx_word' id='word_1_59' title='bbox 833 1842 897 1915; x_wconf 78' lang='lat' dir='ltr'><strong>Qui</strong></span> <span class='ocrx_word' id='word_1_60' title='bbox 919 1844 1046 1931; x_wconf 87' lang='lat' dir='ltr'><strong>petiere</strong></span> <span class='ocrx_word' id='word_1_61' title='bbox 1070 1844 1182 1930; x_wconf 87' lang='lat' dir='ltr'><strong>polum</strong></span> <span class='ocrx_word' id='word_1_62' title='bbox 1205 1843 1363 1928; x_wconf 88' lang='lat' dir='ltr'><strong>sanguine</strong></span> <span class='ocrx_word' id='word_1_63' title='bbox 1386 1843 1541 1926; x_wconf 81' lang='lat' dir='ltr'><strong>martyrii.</strong></span> 
     </span>
    </p>
   </div>
   <div class='ocr_carea' id='block_1_4' title="bbox 754 2081 1612 2560">
    <p class='ocr_par' dir='ltr' id='par_1_7' title="bbox 1182 2081 1257 2124">
     <span class='ocr_line' id='line_1_14' title="bbox 1182 2081 1257 2124; baseline 0 0"><span class='ocrx_word' id='word_1_64' title='bbox 1182 2081 1257 2124; x_wconf 86' lang='lat' dir='ltr'><strong>xvm</strong></span> 
     </span>
    </p>

    <p class='ocr_par' dir='ltr' id='par_1_8' title="bbox 754 2163 1612 2353">
     <span class='ocr_line' id='line_1_15' title="bbox 754 2163 1612 2239; baseline -0.006 -10"><span class='ocrx_word' id='word_1_65' title='bbox 754 2165 849 2231; x_wconf 84' lang='lat' dir='ltr'><strong>Haec</strong></span> <span class='ocrx_word' id='word_1_66' title='bbox 872 2167 946 2230; x_wconf 87' lang='lat' dir='ltr'><strong>loca</strong></span> <span class='ocrx_word' id='word_1_67' title='bbox 966 2165 1139 2229; x_wconf 86' lang='lat' dir='ltr'><strong>Mauritius</strong></span> <span class='ocrx_word' id='word_1_68' title='bbox 1162 2165 1288 2228; x_wconf 90' lang='lat' dir='ltr'><strong>meritis</strong></span> <span class='ocrx_word' id='word_1_69' title='bbox 1309 2163 1477 2227; x_wconf 83' lang='lat' dir='ltr'><strong>vivacibus</strong></span> <span class='ocrx_word' id='word_1_70' title='bbox 1501 2167 1612 2239; x_wconf 83' lang='lat' dir='ltr'><strong>ornet,</strong></span> 
     </span>
     <span class='ocr_line' id='line_1_16' title="bbox 835 2266 1488 2353; baseline -0.006 -20"><span class='ocrx_word' id='word_1_71' title='bbox 835 2268 1000 2353; x_wconf 82' lang='lat' dir='ltr'><strong>Egregius</strong></span> <span class='ocrx_word' id='word_1_72' title='bbox 1023 2275 1147 2352; x_wconf 84' lang='lat' dir='ltr'><strong>martyr</strong></span> <span class='ocrx_word' id='word_1_73' title='bbox 1169 2288 1242 2331; x_wconf 86' lang='lat' dir='ltr'><strong>cum</strong></span> <span class='ocrx_word' id='word_1_74' title='bbox 1264 2266 1396 2350; x_wconf 88' lang='lat' dir='ltr'><strong>legione</strong></span> <span class='ocrx_word' id='word_1_75' title='bbox 1418 2287 1488 2346; x_wconf 85' lang='lat' dir='ltr'><strong>sua,</strong></span> 
     </span>
    </p>

    <p class='ocr_par' dir='ltr' id='par_1_9' title="bbox 756 2369 1603 2560">
     <span class='ocr_line' id='line_1_17' title="bbox 756 2369 1603 2447; baseline -0.006 -10"><span class='ocrx_word' id='word_1_76' title='bbox 756 2372 904 2447; x_wconf 89' lang='lat' dir='ltr'><strong>Quorum</strong></span> <span class='ocrx_word' id='word_1_77' title='bbox 926 2373 1009 2436; x_wconf 90' lang='lat' dir='ltr'><strong>mira</strong></span> <span class='ocrx_word' id='word_1_78' title='bbox 1029 2372 1112 2436; x_wconf 84' lang='lat' dir='ltr'><strong>fides</strong></span> <span class='ocrx_word' id='word_1_79' title='bbox 1134 2372 1235 2436; x_wconf 80' lang='lat' dir='ltr'><strong>animi</strong></span> <span class='ocrx_word' id='word_1_80' title='bbox 1258 2376 1292 2436; x_wconf 89' lang='lat' dir='ltr'><strong>et</strong></span> <span class='ocrx_word' id='word_1_81' title='bbox 1315 2370 1500 2435; x_wconf 85' lang='lat' dir='ltr'><strong>constantia</strong></span> <span class='ocrx_word' id='word_1_82' title='bbox 1521 2369 1603 2433; x_wconf 91' lang='lat' dir='ltr'><strong>mira</strong></span> 
     </span>
     <span class='ocr_line' id='line_1_18' title="bbox 840 2472 1600 2560; baseline -0.007 -20"><span class='ocrx_word' id='word_1_83' title='bbox 840 2476 1044 2541; x_wconf 84' lang='lat' dir='ltr'><strong>Commeruit</strong></span> <span class='ocrx_word' id='word_1_84' title='bbox 1065 2473 1180 2540; x_wconf 87' lang='lat' dir='ltr'><strong>laudes</strong></span> <span class='ocrx_word' id='word_1_85' title='bbox 1205 2496 1336 2560; x_wconf 90' lang='lat' dir='ltr'><strong>semper</strong></span> <span class='ocrx_word' id='word_1_86' title='bbox 1359 2474 1393 2538; x_wconf 91' lang='lat' dir='ltr'><strong>in</strong></span> <span class='ocrx_word' id='word_1_87' title='bbox 1416 2474 1496 2538; x_wconf 86' lang='lat' dir='ltr'><strong>orbe</strong></span> <span class='ocrx_word' id='word_1_88' title='bbox 1518 2472 1600 2558; x_wconf 88' lang='lat' dir='ltr'><strong>pias.</strong></span> 
     </span>
    </p>
   </div>
   <div class='ocr_carea' id='block_1_5' title="bbox 757 2711 1673 3192">
    <p class='ocr_par' dir='ltr' id='par_1_10' title="bbox 757 2711 1673 3192">
     <span class='ocr_line' id='line_1_19' title="bbox 1194 2711 1247 2754; baseline 0 0"><span class='ocrx_word' id='word_1_89' title='bbox 1194 2711 1247 2754; x_wconf 85' lang='lat' dir='ltr'><strong>xix</strong></span> 
     </span>
     <span class='ocr_line' id='line_1_20' title="bbox 757 2793 1516 2881; baseline -0.007 -20"><span class='ocrx_word' id='word_1_90' title='bbox 757 2795 959 2861; x_wconf 84' lang='lat' dir='ltr'><strong>Pontificalis</strong></span> <span class='ocrx_word' id='word_1_91' title='bbox 982 2817 1068 2881; x_wconf 83' lang='lat' dir='ltr'><strong>apex</strong></span> <span class='ocrx_word' id='word_1_92' title='bbox 1091 2802 1200 2860; x_wconf 84' lang='lat' dir='ltr'><strong>servet</strong></span> <span class='ocrx_word' id='word_1_93' title='bbox 1223 2793 1403 2879; x_wconf 88' lang='lat' dir='ltr'><strong>Dionysius</strong></span> <span class='ocrx_word' id='word_1_94' title='bbox 1427 2815 1516 2857; x_wconf 89' lang='lat' dir='ltr'><strong>aram</strong></span> 
     </span>
     <span class='ocr_line' id='line_1_21' title="bbox 839 2896 1673 2983; baseline -0.006 -21"><span class='ocrx_word' id='word_1_95' title='bbox 839 2898 947 2978; x_wconf 86' lang='lat' dir='ltr'><strong>Hanc,</strong></span> <span class='ocrx_word' id='word_1_96' title='bbox 970 2919 1062 2983; x_wconf 77' lang='lat' dir='ltr'><strong>rogo,</strong></span> <span class='ocrx_word' id='word_1_97' title='bbox 1086 2919 1160 2962; x_wconf 86' lang='lat' dir='ltr'><strong>cum</strong></span> <span class='ocrx_word' id='word_1_98' title='bbox 1184 2899 1281 2962; x_wconf 81' lang='lat' dir='ltr'><strong>sociis</strong></span> <span class='ocrx_word' id='word_1_99' title='bbox 1305 2896 1568 2982; x_wconf 87' lang='lat' dir='ltr'><strong>martyribusque</strong></span> <span class='ocrx_word' id='word_1_100' title='bbox 1591 2896 1673 2959; x_wconf 90' lang='lat' dir='ltr'><strong>aliis.</strong></span> 
     </span>
     <span class='ocr_line' id='line_1_22' title="bbox 757 3000 1612 3076; baseline -0.002 -11"><span class='ocrx_word' id='word_1_101' title='bbox 757 3000 904 3076; x_wconf 86' lang='lat' dir='ltr'><strong>Quorum</strong></span> <span class='ocrx_word' id='word_1_102' title='bbox 927 3001 1034 3066; x_wconf 88' lang='lat' dir='ltr'><strong>scriba</strong></span> <span class='ocrx_word' id='word_1_103' title='bbox 1055 3008 1147 3066; x_wconf 87' lang='lat' dir='ltr'><strong>tenet</strong></span> <span class='ocrx_word' id='word_1_104' title='bbox 1170 3001 1305 3066; x_wconf 78' lang='lat' dir='ltr'><strong>caelesti</strong></span> <span class='ocrx_word' id='word_1_105' title='bbox 1327 3001 1361 3066; x_wconf 94' lang='lat' dir='ltr'><strong>in</strong></span> <span class='ocrx_word' id='word_1_106' title='bbox 1384 3022 1459 3065; x_wconf 86' lang='lat' dir='ltr'><strong>aree</strong></span> <span class='ocrx_word' id='word_1_107' title='bbox 1481 3000 1612 3065; x_wconf 87' lang='lat' dir='ltr'><strong>libellos</strong></span> 
     </span>
     <span class='ocr_line' id='line_1_23' title="bbox 840 3105 1494 3192; baseline -0.003 -21"><span class='ocrx_word' id='word_1_108' title='bbox 840 3105 930 3171; x_wconf 87' lang='lat' dir='ltr'><strong>Ante</strong></span> <span class='ocrx_word' id='word_1_109' title='bbox 953 3105 1007 3171; x_wconf 83' lang='lat' dir='ltr'><strong>dei</strong></span> <span class='ocrx_word' id='word_1_110' title='bbox 1029 3105 1148 3172; x_wconf 86' lang='lat' dir='ltr'><strong>faeiem</strong></span> <span class='ocrx_word' id='word_1_111' title='bbox 1170 3107 1301 3170; x_wconf 88' lang='lat' dir='ltr'><strong>nomine</strong></span> <span class='ocrx_word' id='word_1_112' title='bbox 1324 3113 1494 3192; x_wconf 87' lang='lat' dir='ltr'><strong>perpetuo.</strong></span> 
     </span>
    </p>
   </div>
   <div class='ocr_carea' id='block_1_6' title="bbox 749 3340 1715 3819">
    <p class='ocr_par' dir='ltr' id='par_1_11' title="bbox 1198 3340 1242 3384">
     <span class='ocr_line' id='line_1_24' title="bbox 1198 3340 1242 3384; baseline 0 0"><span class='ocrx_word' id='word_1_113' title='bbox 1198 3340 1242 3384; x_wconf 85' lang='lat' dir='ltr'><strong>xx</strong></span> 
     </span>
    </p>

    <p class='ocr_par' dir='ltr' id='par_1_12' title="bbox 749 3417 1581 3613">
     <span class='ocr_line' id='line_1_25' title="bbox 749 3417 1526 3486; baseline 0 0"><span class='ocrx_word' id='word_1_114' title='bbox 749 3417 936 3486; x_wconf 59' lang='lat' dir='ltr'><strong>&#39;Confessor</strong></span> <span class='ocrx_word' id='word_1_115' title='bbox 958 3421 1035 3486; x_wconf 86' lang='lat' dir='ltr'><strong>fidei</strong></span> <span class='ocrx_word' id='word_1_116' title='bbox 1057 3421 1184 3486; x_wconf 90' lang='lat' dir='ltr'><strong>meritis</strong></span> <span class='ocrx_word' id='word_1_117' title='bbox 1208 3429 1241 3486; x_wconf 87' lang='lat' dir='ltr'><strong>et</strong></span> <span class='ocrx_word' id='word_1_118' title='bbox 1264 3423 1396 3486; x_wconf 88' lang='lat' dir='ltr'><strong>nomine</strong></span> <span class='ocrx_word' id='word_1_119' title='bbox 1419 3422 1526 3486; x_wconf 87' lang='lat' dir='ltr'><strong>clarus</strong></span> 
     </span>
     <span class='ocr_line' id='line_1_26' title="bbox 839 3525 1581 3613; baseline -0.003 -23"><span class='ocrx_word' id='word_1_120' title='bbox 839 3525 1021 3590; x_wconf 83' lang='lat' dir='ltr'><strong>Germanus</strong></span> <span class='ocrx_word' id='word_1_121' title='bbox 1044 3526 1188 3611; x_wconf 87' lang='lat' dir='ltr'><strong>praesul,</strong></span> <span class='ocrx_word' id='word_1_122' title='bbox 1211 3533 1326 3612; x_wconf 87' lang='lat' dir='ltr'><strong>pastor</strong></span> <span class='ocrx_word' id='word_1_123' title='bbox 1347 3532 1381 3590; x_wconf 91' lang='lat' dir='ltr'><strong>et</strong></span> <span class='ocrx_word' id='word_1_124' title='bbox 1402 3527 1474 3611; x_wconf 92' lang='lat' dir='ltr'><strong>ipse</strong></span> <span class='ocrx_word' id='word_1_125' title='bbox 1497 3525 1581 3613; x_wconf 85' lang='lat' dir='ltr'><strong>pius,</strong></span> 
     </span>
    </p>

    <p class='ocr_par' dir='ltr' id='par_1_13' title="bbox 759 3627 1715 3819">
     <span class='ocr_line' id='line_1_27' title="bbox 759 3627 1607 3714; baseline -0.002 -20"><span class='ocrx_word' id='word_1_126' title='bbox 759 3627 820 3694; x_wconf 80' lang='lat' dir='ltr'><strong>Cui</strong></span> <span class='ocrx_word' id='word_1_127' title='bbox 844 3629 1068 3694; x_wconf 80' lang='lat' dir='ltr'><strong>confessorum</strong></span> <span class='ocrx_word' id='word_1_128' title='bbox 1091 3629 1152 3694; x_wconf 86' lang='lat' dir='ltr'><strong>hae</strong></span> <span class='ocrx_word' id='word_1_129' title='bbox 1176 3630 1321 3714; x_wconf 88' lang='lat' dir='ltr'><strong>iungitur</strong></span> <span class='ocrx_word' id='word_1_130' title='bbox 1343 3650 1462 3714; x_wconf 90' lang='lat' dir='ltr'><strong>agmen</strong></span> <span class='ocrx_word' id='word_1_131' title='bbox 1484 3630 1517 3692; x_wconf 95' lang='lat' dir='ltr'><strong>in</strong></span> <span class='ocrx_word' id='word_1_132' title='bbox 1540 3650 1607 3710; x_wconf 83' lang='lat' dir='ltr'><strong>ara,</strong></span> 
     </span>
     <span class='ocr_line' id='line_1_28' title="bbox 837 3732 1715 3819; baseline 0 -23"><span class='ocrx_word' id='word_1_133' title='bbox 837 3732 906 3797; x_wconf 88' lang='lat' dir='ltr'><strong>Nos</strong></span> <span class='ocrx_word' id='word_1_134' title='bbox 929 3732 1082 3819; x_wconf 86' lang='lat' dir='ltr'><strong>precibus</strong></span> <span class='ocrx_word' id='word_1_135' title='bbox 1106 3753 1244 3818; x_wconf 91' lang='lat' dir='ltr'><strong>quorum</strong></span> <span class='ocrx_word' id='word_1_136' title='bbox 1267 3739 1377 3797; x_wconf 82' lang='lat' dir='ltr'><strong>servet</strong></span> <span class='ocrx_word' id='word_1_137' title='bbox 1398 3733 1521 3818; x_wconf 83' lang='lat' dir='ltr'><strong>ubique</strong></span> <span class='ocrx_word' id='word_1_138' title='bbox 1544 3732 1625 3797; x_wconf 89' lang='lat' dir='ltr'><strong>deus</strong></span> <span class='ocrx_word' id='word_1_139' title='bbox 1714 3763 1715 3766; x_wconf 38' lang='lat'>¹</span> 
     </span>
    </p>
   </div>
   <div class='ocr_carea' id='block_1_7' title="bbox 757 3967 1691 4448">
    <p class='ocr_par' dir='ltr' id='par_1_14' title="bbox 757 3967 1691 4448">
     <span class='ocr_line' id='line_1_29' title="bbox 1193 3967 1248 4010; baseline 0 0"><span class='ocrx_word' id='word_1_140' title='bbox 1193 3967 1248 4010; x_wconf 83' lang='lat' dir='ltr'><strong>xxi</strong></span> 
     </span>
     <span class='ocr_line' id='line_1_30' title="bbox 757 4047 1550 4134; baseline 0.001 -21"><span class='ocrx_word' id='word_1_141' title='bbox 757 4049 831 4114; x_wconf 87' lang='lat' dir='ltr'><strong>Hae</strong></span> <span class='ocrx_word' id='word_1_142' title='bbox 855 4055 1001 4113; x_wconf 83' lang='lat' dir='ltr'><strong>sacratus</strong></span> <span class='ocrx_word' id='word_1_143' title='bbox 1023 4048 1129 4114; x_wconf 88' lang='lat' dir='ltr'><strong>honor</strong></span> <span class='ocrx_word' id='word_1_144' title='bbox 1150 4047 1283 4113; x_wconf 87' lang='lat' dir='ltr'><strong>Martini</strong></span> <span class='ocrx_word' id='word_1_145' title='bbox 1301 4049 1406 4134; x_wconf 88' lang='lat' dir='ltr'><strong>fulget</strong></span> <span class='ocrx_word' id='word_1_146' title='bbox 1426 4050 1461 4113; x_wconf 93' lang='lat' dir='ltr'><strong>in</strong></span> <span class='ocrx_word' id='word_1_147' title='bbox 1483 4071 1550 4128; x_wconf 87' lang='lat' dir='ltr'><strong>ara,</strong></span> 
     </span>
     <span class='ocr_line' id='line_1_31' title="bbox 846 4152 1691 4240; baseline 0.001 -24"><span class='ocrx_word' id='word_1_148' title='bbox 846 4153 953 4226; x_wconf 78' lang='lat' dir='ltr'><strong>Quem</strong></span> <span class='ocrx_word' id='word_1_149' title='bbox 976 4154 1055 4218; x_wconf 82' lang='lat' dir='ltr'><strong>colit</strong></span> <span class='ocrx_word' id='word_1_150' title='bbox 1076 4152 1217 4240; x_wconf 81' lang='lat' dir='ltr'><strong>Europa,</strong></span> <span class='ocrx_word' id='word_1_151' title='bbox 1241 4174 1339 4238; x_wconf 88' lang='lat' dir='ltr'><strong>quem</strong></span> <span class='ocrx_word' id='word_1_152' title='bbox 1362 4154 1459 4217; x_wconf 91' lang='lat' dir='ltr'><strong>simul</strong></span> <span class='ocrx_word' id='word_1_153' title='bbox 1482 4153 1571 4218; x_wconf 91' lang='lat' dir='ltr'><strong>orbis</strong></span> <span class='ocrx_word' id='word_1_154' title='bbox 1594 4159 1691 4218; x_wconf 80' lang='lat' dir='ltr'><strong>amat.</strong></span> 
     </span>
     <span class='ocr_line' id='line_1_32' title="bbox 759 4255 1583 4342; baseline 0.001 -22"><span class='ocrx_word' id='word_1_155' title='bbox 759 4255 902 4341; x_wconf 79' lang='lat' dir='ltr'><strong>Agmina</strong></span> <span class='ocrx_word' id='word_1_156' title='bbox 925 4277 1019 4321; x_wconf 86' lang='lat' dir='ltr'><strong>saera</strong></span> <span class='ocrx_word' id='word_1_157' title='bbox 1041 4257 1094 4321; x_wconf 86' lang='lat' dir='ltr'><strong>eui</strong></span> <span class='ocrx_word' id='word_1_158' title='bbox 1117 4278 1236 4342; x_wconf 86' lang='lat' dir='ltr'><strong>magno</strong></span> <span class='ocrx_word' id='word_1_159' title='bbox 1258 4257 1438 4342; x_wconf 87' lang='lat' dir='ltr'><strong>iunguntur</strong></span> <span class='ocrx_word' id='word_1_160' title='bbox 1459 4258 1583 4321; x_wconf 88' lang='lat' dir='ltr'><strong>honore</strong></span> 
     </span>
     <span class='ocr_line' id='line_1_33' title="bbox 843 4359 1552 4448; baseline 0 -23"><span class='ocrx_word' id='word_1_161' title='bbox 843 4359 1038 4425; x_wconf 84' lang='lat' dir='ltr'><strong>Sanctorum</strong></span> <span class='ocrx_word' id='word_1_162' title='bbox 1059 4361 1186 4446; x_wconf 88' lang='lat' dir='ltr'><strong>pariter</strong></span> <span class='ocrx_word' id='word_1_163' title='bbox 1205 4382 1266 4447; x_wconf 89' lang='lat' dir='ltr'><strong>per</strong></span> <span class='ocrx_word' id='word_1_164' title='bbox 1287 4362 1343 4448; x_wconf 88' lang='lat' dir='ltr'><strong>pia</strong></span> <span class='ocrx_word' id='word_1_165' title='bbox 1365 4368 1444 4425; x_wconf 84' lang='lat' dir='ltr'><strong>vota</strong></span> <span class='ocrx_word' id='word_1_166' title='bbox 1464 4361 1552 4426; x_wconf 90' lang='lat' dir='ltr'><strong>fidei.</strong></span> 
     </span>
    </p>
   </div>
   <div class='ocr_carea' id='block_1_8' title="bbox 759 4593 1666 5073">
    <p class='ocr_par' dir='ltr' id='par_1_15' title="bbox 1188 4593 1253 4637">
     <span class='ocr_line' id='line_1_34' title="bbox 1188 4593 1253 4637; baseline 0.015 -1"><span class='ocrx_word' id='word_1_167' title='bbox 1188 4593 1253 4637; x_wconf 86' lang='lat' dir='ltr'><strong>xxu</strong></span> 
     </span>
    </p>

    <p class='ocr_par' dir='ltr' id='par_1_16' title="bbox 761 4676 1666 4868">
     <span class='ocr_line' id='line_1_35' title="bbox 761 4676 1666 4763; baseline 0 -21"><span class='ocrx_word' id='word_1_168' title='bbox 761 4677 857 4742; x_wconf 86' lang='lat' dir='ltr'><strong>Hane</strong></span> <span class='ocrx_word' id='word_1_169' title='bbox 880 4683 976 4763; x_wconf 86' lang='lat' dir='ltr'><strong>pater</strong></span> <span class='ocrx_word' id='word_1_170' title='bbox 999 4676 1152 4761; x_wconf 88' lang='lat' dir='ltr'><strong>egregius</strong></span> <span class='ocrx_word' id='word_1_171' title='bbox 1176 4676 1353 4763; x_wconf 86' lang='lat' dir='ltr'><strong>doctorque</strong></span> <span class='ocrx_word' id='word_1_172' title='bbox 1376 4677 1555 4744; x_wconf 84' lang='lat' dir='ltr'><strong>Remedius</strong></span> <span class='ocrx_word' id='word_1_173' title='bbox 1578 4700 1666 4742; x_wconf 88' lang='lat' dir='ltr'><strong>aram</strong></span> 
     </span>
     <span class='ocr_line' id='line_1_36' title="bbox 844 4780 1540 4868; baseline 0.001 -23"><span class='ocrx_word' id='word_1_174' title='bbox 844 4780 928 4845; x_wconf 83' lang='lat' dir='ltr'><strong>Cum</strong></span> <span class='ocrx_word' id='word_1_175' title='bbox 954 4781 1051 4844; x_wconf 83' lang='lat' dir='ltr'><strong>sociis</strong></span> <span class='ocrx_word' id='word_1_176' title='bbox 1074 4781 1161 4844; x_wconf 81' lang='lat' dir='ltr'><strong>vitae</strong></span> <span class='ocrx_word' id='word_1_177' title='bbox 1186 4789 1295 4846; x_wconf 85' lang='lat' dir='ltr'><strong>servat</strong></span> <span class='ocrx_word' id='word_1_178' title='bbox 1317 4782 1438 4868; x_wconf 93' lang='lat' dir='ltr'><strong>ubique</strong></span> <span class='ocrx_word' id='word_1_179' title='bbox 1463 4783 1540 4848; x_wconf 89' lang='lat' dir='ltr'><strong>suis.</strong></span> 
     </span>
    </p>

    <p class='ocr_par' dir='ltr' id='par_1_17' title="bbox 759 4883 1592 5073">
     <span class='ocr_line' id='line_1_37' title="bbox 759 4883 1592 4971; baseline 0.002 -23"><span class='ocrx_word' id='word_1_180' title='bbox 759 4884 849 4957; x_wconf 78' lang='lat' dir='ltr'><strong>Quos</strong></span> <span class='ocrx_word' id='word_1_181' title='bbox 872 4884 927 4971; x_wconf 91' lang='lat' dir='ltr'><strong>pia</strong></span> <span class='ocrx_word' id='word_1_182' title='bbox 950 4905 1029 4947; x_wconf 87' lang='lat' dir='ltr'><strong>eura</strong></span> <span class='ocrx_word' id='word_1_183' title='bbox 1051 4883 1150 4947; x_wconf 91' lang='lat' dir='ltr'><strong>simul</strong></span> <span class='ocrx_word' id='word_1_184' title='bbox 1172 4906 1286 4949; x_wconf 88' lang='lat' dir='ltr'><strong>mensa</strong></span> <span class='ocrx_word' id='word_1_185' title='bbox 1309 4887 1440 4950; x_wconf 88' lang='lat' dir='ltr'><strong>satiavit</strong></span> <span class='ocrx_word' id='word_1_186' title='bbox 1462 4887 1496 4950; x_wconf 96' lang='lat' dir='ltr'><strong>in</strong></span> <span class='ocrx_word' id='word_1_187' title='bbox 1518 4888 1592 4966; x_wconf 79' lang='lat' dir='ltr'><strong>ista,</strong></span> 
     </span>
     <span class='ocr_line' id='line_1_38' title="bbox 843 4986 1554 5073; baseline 0.004 -21"><span class='ocrx_word' id='word_1_188' title='bbox 843 4986 909 5061; x_wconf 89' lang='lat' dir='ltr'><strong>Qui</strong></span> <span class='ocrx_word' id='word_1_189' title='bbox 931 4987 1038 5052; x_wconf 85' lang='lat' dir='ltr'><strong>erexit</strong></span> <span class='ocrx_word' id='word_1_190' title='bbox 1059 4987 1160 5064; x_wconf 80' lang='lat' dir='ltr'><strong>illam,</strong></span> <span class='ocrx_word' id='word_1_191' title='bbox 1184 4989 1304 5073; x_wconf 92' lang='lat' dir='ltr'><strong>quique</strong></span> <span class='ocrx_word' id='word_1_192' title='bbox 1327 4989 1449 5054; x_wconf 81' lang='lat' dir='ltr'><strong>dicarit</strong></span> <span class='ocrx_word' id='word_1_193' title='bbox 1471 5011 1554 5056; x_wconf 89' lang='lat' dir='ltr'><strong>eam.</strong></span> 
     </span>
    </p>
   </div>
   <div class='ocr_carea' id='block_1_9' title="bbox 760 5226 1745 5493">
    <p class='ocr_par' dir='ltr' id='par_1_18' title="bbox 760 5226 1745 5493">
     <span class='ocr_line' id='line_1_39' title="bbox 1186 5226 1262 5270; baseline 0 0"><span class='ocrx_word' id='word_1_194' title='bbox 1186 5226 1262 5270; x_wconf 85' lang='lat' dir='ltr'><strong>xxm</strong></span> 
     </span>
     <span class='ocr_line' id='line_1_40' title="bbox 760 5306 1745 5395; baseline -0.004 -23"><span class='ocrx_word' id='word_1_195' title='bbox 760 5308 864 5390; x_wconf 83' lang='lat' dir='ltr'><strong>Haec,</strong></span> <span class='ocrx_word' id='word_1_196' title='bbox 887 5308 1079 5388; x_wconf 86' lang='lat' dir='ltr'><strong>Benediete‚</strong></span> <span class='ocrx_word' id='word_1_197' title='bbox 1105 5309 1174 5390; x_wconf 88' lang='lat' dir='ltr'><strong>tibi,</strong></span> <span class='ocrx_word' id='word_1_198' title='bbox 1197 5309 1272 5395; x_wconf 89' lang='lat' dir='ltr'><strong>pius</strong></span> <span class='ocrx_word' id='word_1_199' title='bbox 1294 5307 1392 5388; x_wconf 83' lang='lat' dir='ltr'><strong>abba,</strong></span> <span class='ocrx_word' id='word_1_200' title='bbox 1414 5307 1481 5372; x_wconf 85' lang='lat' dir='ltr'><strong>dux</strong></span> <span class='ocrx_word' id='word_1_201' title='bbox 1503 5306 1745 5384; x_wconf 82' lang='lat' dir='ltr'><strong>monachorum,</strong></span> 
     </span>
     <span class='ocr_line' id='line_1_41' title="bbox 844 5411 1571 5493; baseline -0.001 -17"><span class='ocrx_word' id='word_1_202' title='bbox 844 5411 1166 5493; x_wconf 75' lang='lat' dir='ltr'><strong>Confessor,rester,</strong></span> <span class='ocrx_word' id='word_1_203' title='bbox 1189 5419 1278 5477; x_wconf 86' lang='lat' dir='ltr'><strong>teeta</strong></span> <span class='ocrx_word' id='word_1_204' title='bbox 1299 5411 1408 5476; x_wconf 85' lang='lat' dir='ltr'><strong>dicata</strong></span> <span class='ocrx_word' id='word_1_205' title='bbox 1428 5418 1571 5475; x_wconf 87' lang='lat' dir='ltr'><strong>manent.</strong></span> 
     </span>
    </p>
   </div>
   <div class='ocr_carea' id='block_1_10' title="bbox 848 5546 1971 5576">
    <p class='ocr_par' dir='ltr' id='par_1_19' title="bbox 848 5546 1971 5576">
     <span class='ocr_line' id='line_1_42' title="bbox 848 5546 1971 5576; baseline -0.004 -18"><span class='ocrx_word' id='word_1_206' title='bbox 848 5546 1971 5576; x_wconf 35' lang='grc' dir='ltr'><strong>...ΜΗ-’,Ἥ</strong></span> 
     </span>
    </p>
   </div>
   <div class='ocr_carea' id='block_1_11' title="bbox 400 5615 2094 5787">
    <p class='ocr_par' dir='ltr' id='par_1_20' title="bbox 400 5615 2094 5787">
     <span class='ocr_line' id='line_1_43' title="bbox 512 5615 2094 5719; baseline 0.004 -36"><span class='ocrx_word' id='word_1_207' title='bbox 512 5631 723 5699; x_wconf 72' lang='lat' dir='ltr'><strong>li[xx]3QuiQ,</strong></span> <span class='ocrx_word' id='word_1_208' title='bbox 740 5637 830 5687; x_wconf 80' lang='lat' dir='ltr'><strong>CuiF</strong></span> <span class='ocrx_word' id='word_1_209' title='bbox 948 5636 959 5700; x_wconf 75' lang='lat' dir='ltr'><strong>i}</strong></span> <span class='ocrx_word' id='word_1_210' title='bbox 981 5635 1044 5702; x_wconf 76' lang='grc' dir='ltr'><strong>[ΧΧΙ]</strong></span> <span class='ocrx_word' id='word_1_211' title='bbox 1064 5635 1163 5687; x_wconf 85' lang='lat' dir='ltr'><strong>1am0r</strong></span> <span class='ocrx_word' id='word_1_212' title='bbox 1181 5655 1247 5687; x_wconf 67' lang='lat' dir='ltr'><strong>rom</strong></span> <span class='ocrx_word' id='word_1_213' title='bbox 1265 5638 1293 5686; x_wconf 80' lang='lat' dir='ltr'><strong>ia</strong></span> <span class='ocrx_word' id='word_1_214' title='bbox 1311 5637 1392 5688; x_wconf 90' lang='lat' dir='ltr'><strong>honor</strong></span> <span class='ocrx_word' id='word_1_215' title='bbox 1407 5615 1434 5700; x_wconf 82' lang='lat' dir='ltr'><strong>Q¹</strong></span> <span class='ocrx_word' id='word_1_216' title='bbox 1530 5635 1695 5704; x_wconf 83' lang='lat' dir='ltr'><strong>3nmgan</strong></span> <span class='ocrx_word' id='word_1_217' title='bbox 1827 5641 1840 5706; x_wconf 81' lang='grc' dir='ltr'><strong>ΙΙ</strong></span> <span class='ocrx_word' id='word_1_218' title='bbox 1866 5644 1964 5719; x_wconf 71' lang='grc' dir='ltr'><strong>[χχιιι]</strong></span> <span class='ocrx_word' id='word_1_219' title='bbox 1989 5656 2094 5712; x_wconf 56' lang='lat' dir='ltr'><strong>labp³¹⁸</strong></span> 
     </span>
     <span class='ocr_line' id='line_1_44' title="bbox 400 5719 813 5787; baseline 0.017 -23"><span class='ocrx_word' id='word_1_220' title='bbox 400 5719 538 5770; x_wconf 83' lang='lat' dir='ltr'><strong>monachus</strong></span> <span class='ocrx_word' id='word_1_221' title='bbox 550 5720 583 5782; x_wconf 79' lang='lat' dir='ltr'><strong>Q,</strong></span> <span class='ocrx_word' id='word_1_222' title='bbox 599 5737 666 5770; x_wconf 70' lang='lat' dir='ltr'><strong>corr.</strong></span> <span class='ocrx_word' id='word_1_223' title='bbox 680 5721 708 5770; x_wconf 85' lang='lat' dir='ltr'><em>F</em></span> <span class='ocrx_word' id='word_1_224' title='bbox 717 5741 744 5787; x_wconf 80' lang='lat' dir='ltr'><strong>p.</strong></span> <span class='ocrx_word' id='word_1_225' title='bbox 762 5722 813 5773; x_wconf 69' lang='lat'><strong>295</strong></span> 
     </span>
    </p>
   </div>
   <div class='ocr_carea' id='block_1_12' title="bbox 0 0 2327 6420">
    <p class='ocr_par' dir='ltr' id='par_1_21' title="bbox 0 0 2327 6420">
     <span class='ocr_line' id='line_1_45' title="bbox 0 0 2327 6420; baseline 0 0"><span class='ocrx_word' id='word_1_226' title='bbox 0 0 2327 6420; x_wconf 95' lang='lat' dir='ltr'><strong> </strong></span> 
     </span>
    </p>
   </div>
  </div>
 </body>
</html>
