4612 6414
537 407 586 462 AD
604 409 801 468 MODOINUM
819 413 866 468 DE
884 409 1017 482 lentulo,
1039 417 1085 473 DE
1103 418 1290 478 electurus
1309 421 1495 481 CUIUSDAM
1513 423 1644 484 FLUVII·
1851 431 1912 500 565

628 599 703 666 Non
726 595 773 660 ibi
795 592 890 659 testis
913 595 1010 675 inest,
1033 593 1133 660 iudex
1157 617 1218 662 nec
1242 597 1380 665 idoneus
1403 601 1500 681 ullus,

710 701 786 767 Non
809 696 941 784 aliquod
964 699 1086 764 crimen
1109 701 1181 786 ipse
1205 722 1266 786 ego
1291 703 1398 769 fassus
1421 727 1520 774 eram.

627 807 724 872 Esto:
748 806 852 870 forem
875 803 994 882 fassus,
1017 804 1111 867 ouius
1135 825 1275 870 censura
1297 809 1422 874 valeret

709 907 842 974 Dedere
865 905 978 970 iudicii
1002 927 1147 990 congrua
1169 907 1263 972 frena
1285 911 1387 975 mihi?

544 1038 568 1074 u
631 1015 741 1079 Solius
764 1010 846 1075 illud
869 1031 950 1096 opus
974 1008 1115 1073 Romani
1138 1013 1299 1096 praesulis
1323 1021 1425 1096 extat,

710 1116 811 1180 (luins
835 1135 897 1199 ego
921 1113 1034 1199 accepi
1057 1113 1157 1200 pallia
1180 1123 1293 1180 sancta
1315 1121 1441 1182 manu1.

625 1341 769 1420 Mittere,
793 1359 880 1420 care,
903 1337 983 1401 mihi
1006 1337 1103 1401 libuit
1126 1337 1185 1402 tibi
1210 1339 1355 1403 carmina
1377 1340 1546 1426 quaedam,

709 1443 829 1508 Nostra
852 1441 971 1527 quibus
993 1441 1072 1504 lusit
1094 1439 1190 1506 Musa
1213 1443 1324 1507 iocosa
1347 1445 1490 1530 parum².

624 1547 787 1634 Tempore
810 1551 983 1632 praeterea
1005 1543 1068 1607 hoc
1091 1544 1252 1629 quaedam
1275 1547 1433 1611 miracula
1455 1549 1526 1614 visa

541 1674 567 1712 ro
712 1650 886 1726 Dicuntur,
909 1648 1056 1712 breviter
1078 1647 1161 1712 haec
1185 1649 1302 1734 quibus
1325 1651 1389 1715 ista
1412 1674 1536 1748 canam.

623 1821 686 1920 su
731 1854 791 1918 DE
817 1853 1053 1922 SIGCITATE
1079 1813 1314 1920 CUIUSDAM
1336 1857 1502 1924 FLUVII.

623 1976 685 2041 Est
708 1976 836 2056 fluvius,
861 1974 1007 2039 Sertsm³
1031 1974 1120 2039 Galli
1144 1974 1258 2041 dixere
1281 1978 1421 2062 priores:

704 2077 874 2143 Pertieus⁴
895 2077 982 2141 hunc
1005 2078 1110 2162 gignit
1132 2084 1165 2143 et
1188 2079 1369 2144 Meduana5
1392 2081 1486 2146 bibit.

622 2183 791 2248 Fluctibus
816 2183 872 2247 ille
897 2183 966 2246 suis
990 2189 1167 2268 penetrans
1193 2183 1411 2250 Cenomanioa
1433 2208 1518 2266 rura,

703 2287 836 2353 Moenia
859 2287 913 2372 qui
936 2294 1070 2374 propter
1092 2288 1179 2352 illius
1201 2289 1291 2353 urbis
1314 2289 1416 2354 obiti.

541 2413 565 2452 n·
625 2392 721 2466 Quod
745 2393 833 2456 cives
857 2391 996 2455 transire
1021 2393 1128 2456 solent
1150 2414 1252 2478 prope
1275 2393 1429 2458 lintribus
1452 2394 1554 2476 illum,

705 2495 777 2560 Illic
800 2501 988 2581 portentum
1012 2517 1077 2559 non
1101 2496 1174 2560 leve
1198 2496 1276 2560 lecit
1300 2498 1357 2562 eis.

621 2599 772 2684 Denique
796 2597 977 2663 roscidulas
1000 2599 1155 2664 tenebras
1179 2621 1252 2664 cum
1276 2601 1405 2665 Aurora
1427 2601 1584 2686 fugaretl,

703 2703 748 2789 Et
770 2703 867 2767 solito
894 2709 1049 2788 peterent
1071 2723 1162 2767 more
1186 2703 1309 2768 fluenta
1331 2703 1493 2784 homines,

622 2806 685 2871 Est
708 2807 849 2894 propriis
873 2805 1032 2892 spoliatus
1056 2806 1150 2891 aquis
1174 2808 1267 2871 locus
1290 2808 1345 2872 ille
1370 2815 1531 2895 repertus,

539 2935 564 2972 so
709 2911 773 2984 Qui
796 2915 866 2974 rate
890 2930 949 2974 seu
976 2910 1076 2974 remis
1099 2911 1231 2995 pervius
1255 2918 1330 2976 ante
1354 2911 1424 2976 fuit.

622 3015 793 3080 Stantibus
815 3022 913 3100 atque
936 3015 1032 3080 undis
1054 3017 1195 3103 populus
1220 3017 1295 3081 binc
1319 3017 1394 3082 inde
1419 3019 1582 3105 stupebat,

705 3118 830 3184 Alvcus
854 3126 888 3183 et
910 3118 1041 3205 plebem
1064 3119 1106 3183 ad
1128 3119 1285 3185 interiora
1307 3127 1412 3185 vocat.

620 3222 726 3288 Neruo
750 3229 854 3287 ratem
878 3223 1015 3308 quaerit,
1039 3224 1148 3287 nullus
1172 3230 1217 3304 te,
1240 3227 1361 3306 navita,
1384 3226 1500 3311 poscit,

704 3325 840 3390 Miranti
862 3326 983 3411 populo
1007 3326 1054 3388 sic
1079 3333 1143 3390 stat
1166 3333 1280 3412 aperta
1302 3330 1365 3392 vla.

538 3454 562 3490 aa
621 3429 665 3494 Et
687 3437 794 3494 metus
817 3436 917 3514 atque
941 3429 988 3493 rei
1012 3429 1140 3494 novitas
1164 3431 1285 3495 intrare
1309 3432 1442 3496 vetabat

699 3534 865 3612 Primitus,
890 3540 924 3598 et
948 3534 1069 3598 sensim
1094 3535 1202 3621 coepit
1224 3535 1315 3601 abire
1338 3543 1454 3618 metus,

618 3637 740 3723 Incipit
764 3658 837 3701 esse
861 3643 956 3700 vetus
979 3658 1064 3701 nova
1087 3659 1151 3720 res,
1175 3639 1313 3703 intratur
1333 3641 1508 3726 utrimque,

612 3787 614 3794 >
702 3741 904 3807 Alterutram
928 3741 1032 3826 ripam
1054 3741 1148 3828 plebs
1172 3743 1255 3828 petit
1278 3751 1375 3828 atque
1399 3765 1511 3831 pecus.

620 3847 686 3910 Vel
709 3867 768 3932 pes
792 3846 841 3910 eis
866 3846 971 3909 siccus
995 3845 1158 3910 modicum
1182 3849 1233 3911 vel
1258 3848 1371 3933 planta
1392 3848 1561 3930 madescit,

536 3975 562 4011 so
704 3950 793 4014 Dum
816 3948 968 4034 gradiens
992 3950 1132 4035 populus
1157 3952 1246 4036 itque
1270 3951 1420 4036 reditque
1444 3953 1625 4038 frequens⁸.

621 4054 657 4117 Si
681 4053 760 4118 olim
784 4054 850 4117 tale
873 4051 993 4116 vadum
1017 4053 1145 4118 iuvenis
1167 4053 1338 4119 Leandrus
1361 4054 1508 4137 haberet,

701 4155 775 4221 Non
798 4156 883 4220 foret
905 4156 1043 4240 insignis
1067 4163 1133 4220 tam
1156 4155 1216 4220 tibi
1239 4157 1357 4236 luctus,
1380 4156 1500 4222 Herm.

621 4258 695 4324 Non
718 4259 760 4323 ad
782 4258 973 4345 piscandum
997 4259 1069 4343 quis
1093 4260 1220 4343 quaerit
1241 4266 1311 4324 rete
1334 4260 1388 4325 uel
1409 4260 1551 4336 hamum,

704 4364 851 4430 Saltibus
875 4371 974 4449 atque
998 4387 1106 4446 mauu,
1130 4366 1184 4450 qui
1207 4366 1304 4446 volet,
1329 4364 1410 4429 illud
1432 4366 1510 4449 agit.

564 4511 667 4518 ...—..-.—.
998 4511 1274 4517 ...-.......--—-.-
1293 4511 1338 4516 .—.
1361 4511 1431 4516 ----
1445 4511 1484 4515 --
1507 4513 1511 4516 ,
1523 4509 1800 4516 ..ω-...ψ

358 4599 392 4653 65
410 4600 521 4651 romanis}
539 4614 606 4648 cerr.
625 4597 652 4645 ni
667 4595 690 4644 (l
776 4591 914 4645 6810cosa
930 4594 954 4642 Τ
1030 4594 1063 4645 te
1082 4597 1207 4660 Tempora
1225 4592 1288 4642 FT
1335 4593 1410 4642 uisG
1509 4589 1542 4641 70
1560 4592 1592 4655 ire
1607 4593 1637 4657 0,
1656 4591 1708 4642 oF
1789 4591 1800 4656 ll
1813 4587 1849 4656 [11]
1867 4591 1906 4640 Do

252 4716 285 4724 -
295 4670 368 4740 tluuii
386 4687 422 4738 acl
430 4703 512 4750 marp.
528 4683 559 4746 G,
576 4684 615 4732 De
633 4682 713 4732 fluvio
722 4681 767 4746 qui
776 4681 886 4730 siccatus
896 4687 934 4730 est
944 4679 1022 4730 Siras.
1031 4697 1060 4744 p.
1074 4677 1125 4730 214
1144 4680 1160 4730 l.
1180 4681 1215 4728 lV
1229 4696 1249 4729 c.
1263 4679 1298 4727 Vl
1313 4749 1314 4754 1
1387 4673 1419 4726 72
1430 4676 1551 4730 Porticus
1562 4677 1590 4726 F
1675 4673 1709 4727 73
1723 4678 1869 4728 conomuIes
1881 4675 1910 4725 F

252 4772 286 4826 76
309 4775 369 4825 facit
384 4773 413 4824 F
512 4768 545 4821 87
569 4771 679 4820 intratue
702 4757 739 4816 T'
825 4763 860 4816 88
877 4765 950 4831 pleps
967 4764 991 4813 Τ
1090 4762 1124 4814 89
1142 4765 1250 4816 sicusG
1353 4760 1388 4812 92
1405 4781 1448 4814 ero
1467 4763 1491 4812 T
1498 4764 1521 4813 G
1624 4761 1659 4814 93
1679 4765 1788 4830 quisquc
1806 4763 1905 4821 retabi,

252 4861 387 4927 quisquam
405 4861 454 4910 sert
466 4857 488 4909 S
556 4872 641 4907 arnum
659 4853 715 4904 Te

355 4997 382 5063 1)
400 5011 427 5047 o.
445 4993 498 5046 800
515 5008 533 5045 o
552 4991 644 5044 Leone
661 4989 717 5041 ΙΙΙ
726 5003 815 5056 papa,
833 4987 869 5054 cf.
889 4985 1004 5040 Aletrini
1022 4987 1163 5055 eptetolanr.
1182 5003 1208 5039 a.
1221 4987 1271 5039 801
1290 4985 1328 5039 od
1341 5001 1401 5039 eum
1413 4984 1506 5038 datam
1524 4984 1562 5051 (a.
1575 4984 1625 5037 166
1640 5000 1670 5052 p.
1683 4985 1757 5052 606):
1777 4981 1906 5036 (laudens

250 5098 378 5168 gaudebo
396 5097 431 5150 de
449 5095 600 5163 augmento
618 5090 730 5146 honoris
748 5089 834 5144 vestri
853 5091 881 5142 et
899 5089 933 5142 de
952 5088 1046 5158 sigillo
1071 5087 1250 5142 sacerdotalis
1268 5085 1430 5157 dignitatis,
1452 5085 1526 5155 quod
1544 5086 1699 5155 apostoliea
1715 5086 1794 5141 vobis
1813 5101 1907 5154 super·

250 5201 362 5256 addidit
386 5198 538 5254 auotoritas
625 5194 751 5248 Palicum
769 5193 941 5249 sacerdotale
960 5193 1089 5247 diadema
1108 5195 1150 5247 est
1168 5200 1216 5248 ete.
1290 5193 1317 5259 2)
1336 5192 1385 5246 Oe.
1410 5191 1492 5245 utet.
1511 5189 1614 5257 rauel
1631 5189 1711 5244 Musa
1728 5190 1820 5244 iocosa
1836 5205 1906 5242 mea.

249 5305 277 5372 3)
303 5301 413 5357 Sortbe.
451 5301 501 5356 Oe.
527 5299 577 5353 Ex
601 5298 692 5352 Ponto
714 5301 774 5364 III,
787 5299 811 5362 2,
824 5298 859 5351 45
886 5298 1042 5362 metecus,
1067 5297 1096 5351 in
1115 5297 1244 5366 Scythia,
1267 5297 1373 5350 Tauros
1397 5295 1491 5349 dixere
1513 5294 1626 5364 priores.
1707 5294 1735 5363 4)
1753 5293 1778 5348 le
1795 5291 1907 5347 Percbe.

249 5409 277 5475 5)
304 5406 450 5478 Meyeuae.
484 5409 490 5414 “
522 5404 549 5470 6)
575 5401 615 5454 Le
639 5400 731 5456 Meno.
774 5400 958 5470 Tteodulfum
980 5402 1074 5472 ipsum
1096 5408 1153 5456 tum
1174 5403 1204 5456 in
1226 5401 1278 5455 leae
1303 5398 1371 5454 erbe
1394 5398 1561 5454 habitavisse
1582 5397 1749 5452 Caelestinus
1766 5396 1907 5450 Perticae

248 5510 368 5565 caroniae
381 5507 506 5578 probare
523 5506 603 5559 uicus
629 5509 668 5558 est
687 5505 847 5573 (Questicns
865 5507 1018 5575 Anqeoiaeo
1032 5509 1069 5560 ΙΙ
1081 5524 1110 5576 p.
1125 5509 1160 5574 5).
1224 5508 1251 5574 1)
1271 5507 1319 5560 Oe.
1337 5505 1404 5558 Met.
1417 5507 1458 5570 ΙΙ,
1468 5504 1518 5558 144
1537 5501 1659 5558 tenebris
1677 5517 1777 5557 aurora
1794 5501 1906 5571 fugatis.

248 5615 275 5681 8)
301 5613 367 5666 Aen.
390 5615 435 5676 VI,
454 5610 505 5664 122
532 5609 613 5676 Itque
639 5607 769 5676 reditque
797 5609 872 5662 viam
899 5609 1017 5672 leticum
1036 5609 1225 5674 Metalce.
1313 5607 1339 5675 9)
1363 5605 1443 5661 Ilt‘et.
1462 5609 1521 5673 III,
1531 5607 1572 5671 10,
1590 5607 1694 5661 41-42
1721 5605 1749 5660 Si
1777 5604 1830 5659 tibi
1849 5603 1907 5658 talc

248 5717 349 5771 fretum
368 5714 521 5784 quondam,
542 5712 680 5776 Leandro,
699 5712 798 5767 fuisset
821 5717 825 5781 1
847 5713 910 5766 Non
935 5712 1008 5767 soret
1029 5715 1166 5782 angustae
1191 5731 1263 5767 mors
1288 5715 1337 5766 tua
1362 5711 1464 5764 crimen
1488 5727 1585 5778 aquae.
