4694 6428
1180 423 1329 482 secuml
1349 423 1525 481 ursulus.

845 599 936 674 Quae
960 609 1070 667 tamen
1093 601 1171 666 haut
1192 603 1290 668 libuit
1313 604 1455 668 currenti
1477 611 1613 688 tangere
1634 600 1769 686 plectro,

927 705 1054 790 Inclyta
1076 707 1128 771 vel
1152 707 1253 770 musis
1277 707 1371 791 signa
1393 707 1520 793 aperire
1543 707 1641 771 meis:

846 807 971 873 Sufficit
993 807 1055 874 hoc
1077 816 1204 875 tantum
1226 812 1325 875 vitam
1349 831 1549 895 cognoscere
1572 810 1685 896 patris,

763 931 788 968 so
931 909 1024 984 Quae
1046 913 1155 998 placet
1177 913 1354 978 altithrono
1372 935 1503 999 semper
1517 913 1638 998 ubique
1653 913 1769 997 magis.

846 1013 925 1078 Vita
948 1014 1002 1079 dei
1024 1015 1138 1079 famuli
1161 1017 1272 1080 multis
1296 1017 1449 1102 exempla
1471 1017 1586 1080 salutis

927 1117 1095 1199 Praebuit,
1119 1125 1152 1183 et
1175 1120 1268 1183 testis
1292 1121 1436 1206 pectoris
1460 1120 1565 1183 omnis
1589 1125 1669 1184 erat.

845 1219 932 1285 Huic
954 1221 1076 1285 famulo
1100 1221 1223 1286 Christi
1245 1243 1341 1307 reges
1363 1223 1572 1299 famulantur,
1596 1231 1629 1286 et
1651 1223 1741 1286 illum

928 1325 993 1388 Per
1014 1325 1154 1410 patriam
1177 1327 1317 1410 populus
1341 1333 1429 1390 totus
1452 1347 1563 1391 amore
1586 1327 1672 1391 colit.

725 1513 729 1516 ι
763 1446 789 1483 aa
848 1425 908 1490 Vir
930 1426 992 1490 luit
1013 1428 1077 1492 iste
1100 1426 1153 1492 dei
1177 1429 1322 1512 paciens,
1345 1427 1544 1508 moderatus,
1567 1427 1735 1492 honestus.

928 1528 1075 1594 Moribus
1099 1531 1263 1614 egregius,
1285 1532 1374 1596 mitis
1398 1539 1432 1596 et
1454 1553 1510 1596 ore
1532 1533 1606 1617 pius
1619 1533 1641 1594 ¹.

845 1631 992 1694 Plurima
1015 1632 1071 1716 qui
1094 1639 1265 1718 postquam
1291 1635 1440 1719 perlecto
1463 1633 1549 1698 dona
1570 1635 1684 1699 labore

933 1732 1147 1814 Commeruit,
1172 1721 1302 1800 Christo
1325 1737 1527 1822 perficiente,
1552 1737 1625 1817 sibi,

759 1891 762 1898 .
846 1835 926 1901 Mox
948 1837 1086 1917 meritis,
1108 1838 1213 1912 annis,
1237 1845 1306 1903 tota
1328 1845 1363 1905 et
1385 1841 1508 1925 pictate
1532 1841 1686 1925 repletus,

764 1958 789 1996 ro
932 1938 1121 2025 Tranquillo
1142 1940 1277 2006 tandem
1299 1943 1333 2006 in
1355 1964 1436 2029 pace
1460 1943 1583 2027 quierit
1604 1964 1716 2008 ovans.

847 2040 988 2128 Spiritus
1011 2042 1193 2108 aetheriam
1217 2044 1324 2109 lactus
1347 2046 1501 2130 migravit
1522 2044 1564 2109 ad
1586 2046 1705 2126 aulam,

928 2144 1058 2209 Gaudia
1080 2167 1155 2211 cum
1179 2149 1301 2213 sanctis
1324 2150 1390 2213 iam
1413 2150 1484 2214 sine
1507 2151 1570 2214 finc
1593 2156 1721 2214 tenens.

845 2247 973 2334 Corpus
996 2248 1030 2312 in
1053 2250 1195 2315 ecclesia
1218 2259 1371 2316 curarunt
1393 2251 1534 2317 condere
1556 2253 1684 2333 fratres,

928 2348 1022 2423 Quae
1045 2359 1233 2417 constructa
1255 2355 1355 2418 maris
1378 2359 1444 2418 stat
1466 2376 1567 2440 prope
1587 2355 1739 2421 litoribus
1748 2356 1771 2434 ²,

764 2476 789 2513 ra
847 2452 957 2539 Atque
982 2460 1120 2535 sacrata,
1143 2454 1197 2520 dei
1221 2458 1374 2540 genetrix
1397 2457 1581 2521 clarissima
1603 2457 1735 2540 Christi,

929 2560 1071 2626 Nomine
1094 2561 1259 2647 fulgescit,
1281 2563 1373 2646 virgo
1397 2561 1512 2642 Maria,
1535 2569 1606 2626 tuo:

845 2663 883 2728 In
906 2671 1026 2749 quate
1049 2665 1170 2728 uostris
1192 2664 1278 2729 bene
1301 2663 1466 2729 credimus
1489 2685 1563 2728 csso
1586 2663 1729 2728 futuram

927 2767 967 2831 Iu
990 2767 1122 2832 Christo
1145 2769 1318 2854 precibus,
1342 2789 1475 2854 seurpcr
1496 2768 1620 2833 honore
1642 2775 1771 2854 potens.

842 2870 893 2936 Tu
917 2870 1030 2936 mundi
1052 2871 1165 2951 vitam,
1189 2871 1267 2935 totis
1291 2877 1327 2936 tu
1348 2870 1470 2956 gaudia
1493 2871 1621 2952 saeclis,

760 2997 786 3034 so
931 2974 982 3038 Tu
1005 2995 1118 3060 regom
1142 2975 1236 3055 caeli,
1259 2983 1295 3038 tu
1318 2974 1485 3039 dominum
1509 2982 1607 3060 atque
1630 2973 1729 3038 deum

843 3077 978 3142 Ventris
1002 3077 1036 3141 in
1061 3077 1210 3163 hospicio
1233 3078 1389 3162 genuisti,
1413 3079 1505 3163 virgo
1528 3077 1694 3163 perennis:

931 3180 981 3245 Tu
1004 3181 1099 3245 nobis
1122 3182 1277 3267 precibus
1299 3182 1460 3246 auxiliare
1483 3182 1558 3246 tuis.

845 3283 1018 3370 Carmiger
1038 3284 1190 3350 indoctus
1214 3286 1333 3350 cecinit
1355 3286 1416 3350 hos
1439 3285 1580 3350 Alcuine
1604 3306 1729 3362 versus,

928 3387 1000 3469 Oui,
1015 3409 1105 3473 rogo,
1120 3390 1257 3474 quisque
1273 3390 1377 3475 legas,
1391 3388 1460 3464 dic;
1483 3388 1651 3453 ‘Miserere
1667 3387 1769 3452 deus'.

1050 3638 1461 3646 ——-.—----—-———-

1179 3831 1285 3948 ,siu

844 4008 987 4086 Cartala,
1009 4029 1111 4093 perge
1134 4006 1198 4071 cito
1221 4007 1331 4092 pelagi
1354 4013 1444 4070 trans
1466 4027 1610 4090 aequora
1632 4028 1729 4071 cursu
1738 4008 1761 4084 ³,

843 4110 938 4177 Ostia
959 4112 1081 4197 piscosi
1104 4111 1215 4175 flabris
1238 4117 1316 4197 pete
1339 4110 1437 4175 fortia
1458 4109 1577 4190 Rheni,

844 4215 1037 4302 ingrediens
1060 4214 1182 4301 rapidis
1205 4223 1341 4301 pontum
1364 4234 1429 4299 qua
1451 4214 1592 4279 volvitur
1612 4213 1740 4279 undis⁴.

534 4391 1034 4402 ———-—--—-—-----..--—-————
1043 4394 1103 4399 -..-
1116 4394 1209 4399 -...,--...
1404 4392 1554 4398 -...,-,-...,.
1569 4393 1707 4398 --....,,-.--
1725 4393 1735 4398 -
1744 4393 1797 4398 a„
1810 4392 1845 4397 ...
1858 4391 1938 4396 .--.-
1950 4391 1978 4395 --

532 4509 565 4562 57
583 4512 652 4562 baud
665 4513 688 4562 θ
702 4511 728 4561 U
775 4512 889 4564 lectroO
979 4509 1014 4562 58
1026 4512 1141 4578 apperire
1157 4511 1189 4560 W
1271 4507 1305 4560 59
1318 4511 1417 4575 hocque
1429 4511 1549 4560 unione
1601 4510 1680 4560 uitam
1692 4510 1776 4560 ora.(i
1861 4505 2054 4560 60ultitrhono
2071 4511 2103 4560 U

428 4593 462 4645 62
480 4603 557 4648 testes
577 4597 640 4648 We
654 4597 681 4648 [J
780 4597 814 4650 64
831 4616 915 4650 ammo
935 4599 958 4648 (l
1044 4595 1079 4648 65
1096 4598 1195 4664 patiens
1215 4596 1272 4646 ΟΖ
1378 4593 1416 4646 67
1434 4597 1540 4662 perfecit
1562 4594 1586 4644 U
1639 4597 1752 4646 laborem
1774 4595 1800 4644 ι’
1880 4591 1914 4644 70
1931 4595 2097 4660 Tranquillas

427 4683 537 4733 multum
555 4683 581 4732 Z
629 4684 656 4734 in
674 4701 722 4734 cru.
746 4684 772 4733 U
867 4683 900 4735 75
917 4687 1018 4750 Atquae
1036 4684 1069 4732 W
1133 4685 1244 4749 genitrix
1265 4684 1288 4732 (ι’
1392 4678 1425 4731 76
1442 4682 1526 4733 tusG
1629 4679 1661 4732 77
1680 4681 1770 4748 quoti
1872 4677 1905 4729 78
1923 4681 2052 4745 precibus
2069 4685 2096 4733 G

426 4763 457 4816 81
478 4769 616 4834 perhennis
633 4767 660 4818 U
758 4767 792 4819 83
809 4770 919 4836 armiger
936 4769 962 4818 U
1027 4769 1147 4820 alchuine
1163 4769 1193 4833 G,
1210 4769 1300 4819 alcone
1315 4767 1341 4816 l?
1429 4765 1463 4818 84
1481 4768 1592 4834 Explicit
1609 4768 1674 4817 liber
1691 4767 1819 4818 secundus
1837 4766 1941 4816 Aletrini
1958 4769 2095 4832 sophysre

426 4852 457 4902 de
475 4855 528 4905 uita
540 4855 607 4906 besti
619 4855 759 4906 Wilbrcrdi
776 4856 887 4922 episcopi
905 4855 967 4905 add.
989 4854 1014 4904 U

530 4938 584 5005 [IV]
620 4941 674 4992 cirre
691 4942 763 4991 burlo
781 4939 959 5005 Furtumne)
976 4937 1028 4990 528
1038 4940 1065 5006 s.
1083 4935 1142 5003 132,
1164 4938 1203 4989 ed.
1222 4937 1320 5004 Lebau
1338 4937 1472 4989 Dissertat
1495 4939 1516 5002 1,
1533 4935 1585 4988 423
1603 4937 1691 5001 (Frob.
1709 4939 1742 5003 Π,
1760 4935 1823 5002 449)
1925 4933 1943 4985 2
1961 4937 2036 4988 ilaris
2058 4939 2093 5000 P,

425 5024 492 5076 datis
509 5025 569 5078 Lab.

530 5195 557 5261 1)
578 5193 621 5262 Cf.
640 5210 728 5263 supro
742 5211 771 5263 p.
789 5194 842 5248 215
859 5194 974 5258 XXIV,
993 5195 1068 5248 1-3.
1181 5195 1208 5262 2)
1233 5194 1262 5247 V.
1282 5193 1395 5248 Atruirri
1407 5193 1613 5264 praefationem
1631 5192 1721 5262 (Mori.
1740 5193 1849 5247 Alcuin.
1864 5209 1895 5261 p.
1912 5190 1973 5256 40lr
2013 5192 2093 5249 Item

427 5295 546 5348 secundo
563 5295 653 5349 adieci
672 5297 791 5350 sermoni
809 5297 983 5365 helegiacum
1002 5313 1113 5352 carnion
1131 5296 1166 5358 dc
1184 5296 1243 5350 viro
1257 5297 1410 5351 venerabili
1421 5296 1560 5366 Wilgilso,
1579 5299 1659 5365 patre
1677 5296 1783 5349 scilicet
1801 5293 1969 5348 sanctissimi
1990 5299 2092 5364 ponti·

427 5398 484 5452 ficis
499 5397 681 5461 willibrordi,
699 5397 777 5452 cuius
795 5415 894 5468 corpus
912 5400 1062 5467 requiescit
1079 5400 1109 5454 in
1128 5401 1229 5455 cellula
1247 5401 1368 5468 quadum
1386 5400 1537 5456 maritima.
1556 5400 1600 5453 cui
1619 5417 1679 5468 ego,
1698 5397 1923 5474 indignus-licet,
1942 5397 2093 5466 legitima,

427 5497 478 5552 deo
496 5497 627 5562 donante,
646 5499 816 5553 successione
835 5501 987 5570 praesideo.
1056 5503 1083 5568 3)
1104 5503 1245 5572 Scriptum
1269 5519 1328 5557 rare
1351 5505 1527 5572 suspicamur
1551 5505 1614 5570 (tor
1632 5507 1752 5569 ramas)
1774 5505 1838 5572 post
1858 5501 1972 5554 Atratini
1992 5502 2094 5560 Rasna

426 5601 544 5654 reditum
565 5600 596 5650 irs
614 5600 791 5656 Britanniam
809 5620 883 5658 anno
901 5605 959 5668 780,
977 5607 1007 5658 in
1025 5621 1079 5673 quo
1096 5607 1194 5660 itinere
1212 5623 1272 5660 cum
1291 5609 1362 5661 airis
1380 5608 1541 5672 illustribus,
1559 5623 1630 5677 quos
1648 5607 1692 5662 hic
1709 5607 1839 5670 sarcinat,
1857 5606 2095 5672 familiaritatem

426 5701 606 5758 courraaenir.
642 5703 755 5760 FROR.
830 5707 858 5776 4)
879 5707 958 5761 Ouid.
978 5708 1044 5761 Mer.
1062 5708 1088 5777 Ι,
1106 5709 1158 5761 576
1175 5709 1310 5778 spumosis
1330 5710 1452 5763 volvitur
1469 5710 1559 5763 undis.
