4574 6442
581 452 719 510 VERSUS
738 453 784 510 DE
804 455 954 512 SANCTIS
973 453 1233 513 EUBORICENSIS
1252 451 1452 513 ECCLESIAE.

602 632 769 717 Augustas
793 652 886 696 saera
907 630 1020 696 Nonas
1042 632 1107 696 iam
1129 637 1233 696 morte
1256 631 1386 714 dicavit,

508 758 546 794 sos
603 735 763 800 Ascendit
785 735 911 800 meritis
935 736 1093 799 caelestia
1115 756 1216 820 regna
1239 736 1395 814 coruscis,

603 839 693 903 Oswi
715 858 870 922 germano
893 839 1061 902 terrestria
1084 845 1214 924 sceptra
1236 839 1433 924 relinquens.

603 942 736 1006 Interea
758 941 899 1005 obtinuit
920 942 1022 1006 multo
1045 942 1110 1005 iam
1134 949 1263 1028 sceptra
1286 942 1398 1006 labore

602 1046 778 1133 Principia,
802 1046 954 1131 propriae
978 1052 1085 1110 rector
1108 1067 1210 1110 novus
1234 1045 1317 1110 Osui
1340 1047 1463 1130 gentis:

603 1150 819 1234 Impugnatus
843 1149 931 1213 enim
954 1149 1061 1213 fuerat
1083 1149 1158 1214 hinc
1182 1149 1257 1214 inde
1281 1149 1435 1230 vicissim,

605 1252 744 1338 Saepius
768 1253 914 1317 externis
936 1252 1169 1338 praedantibus
1191 1253 1335 1337 undique
1357 1254 1450 1319 fines.

602 1355 742 1442 Insuper
764 1378 784 1420 a
807 1356 946 1442 propriis
970 1377 1147 1442 perpessus
1171 1357 1259 1421 bella
1281 1358 1483 1444 propinquis,

603 1457 666 1531 Qui
689 1458 848 1524 erudele¹
871 1480 969 1524 manu
992 1461 1183 1526 lacerabant
1208 1463 1333 1527 viscera
1355 1464 1459 1548 regni,

603 1561 752 1648 Cognato
775 1564 951 1648 implentes
974 1565 1153 1629 sceleratas
1177 1566 1336 1650 sanguine
1360 1564 1509 1636 dextras:

603 1665 673 1758 ¹Nec
697 1673 848 1731 metuunt
869 1668 993 1752 patrias
1017 1668 1153 1756 gentilia
1175 1677 1282 1734 eastra
1304 1691 1364 1756 per
1385 1671 1485 1736 urbes

508 1793 545 1829 ss
603 1767 730 1834 Invidia
754 1778 894 1856 cogente
918 1770 988 1836 fera
1010 1771 1185 1852 deducere,
1207 1774 1261 1838 vel
1285 1774 1331 1838 sic

602 1872 737 1937 Viribus
762 1875 909 1939 externis
933 1882 1090 1940 conantes
1114 1883 1261 1941 sternere
1284 1898 1406 1961 rogem.

602 1977 663 2042 Oui
687 1979 749 2043 luit
770 1986 846 2043 ante
870 1979 951 2043 alios
975 1981 1091 2065 primis
1115 1981 1254 2044 infestus
1278 1981 1318 2043 ab
1342 1980 1435 2045 aunis
1553 1973 1559 1986 '

603 2082 719 2147 Hostis
744 2104 803 2148 rex
826 2082 972 2163 Penden,
996 2083 1089 2146 fortis
1114 2084 1233 2147 virtute
1259 2083 1410 2168 doloque,

603 2185 740 2252 Occisor
761 2187 881 2267 fratris,
905 2187 999 2271 regni
1023 2193 1056 2251 et
1079 2193 1225 2252 vastator
1247 2188 1403 2263 acerbus;

521 2312 532 2348 2
604 2289 668 2363 Qui
690 2295 741 2355 ter
763 2291 848 2355 dena
871 2291 934 2354 sibi
957 2290 1114 2355 conduxit
1136 2290 1265 2354 millia²
1287 2290 1385 2370 belle,

604 2394 670 2458 Ter
693 2393 861 2480 denosque
885 2394 985 2460 duces
1010 2394 1146 2461 totidem
1170 2395 1334 2461 deducere
1358 2401 1481 2460 turmas

602 2497 785 2584 Disposuit,
809 2520 946 2583 quorum
971 2505 1080 2564 certus
1104 2500 1165 2563 fuit
1188 2521 1267 2564 usus
1291 2500 1456 2566 inarmis.
1483 2509 1487 2514 ’

603 2601 676 2665 Hae
699 2609 828 2666 vastare
852 2623 950 2666 manu
973 2603 1175 2688 veniensque
1200 2610 1349 2668 evertere
1373 2624 1521 2688 regnum,

602 2704 735 2770 Moenia
757 2705 931 2787 destruxit,
953 2706 1103 2772 homines
1127 2728 1281 2772 mucrone
1305 2709 1455 2793 peremit.

521 2831 546 2868 aa
602 2808 769 2874 Imbribus
793 2808 964 2874 exundans
988 2817 1116 2874 torrens
1140 2832 1200 2876 eeu
1223 2811 1389 2876 montibus
1412 2812 1498 2892 altis,

604 2912 729 2978 Sternit
751 2933 847 2997 agros
871 2919 1068 2998 segetesque
1092 2915 1179 3000 rapit
1203 2914 1367 3000 silvasque
1391 2915 1548 2981 reciditl:

606 3016 661 3081 Sic
685 3015 752 3079 dux
776 3016 848 3102 ipse
871 3016 966 3081 ferox
989 3017 1166 3083 devastans
1190 3019 1299 3083 omnia
1321 3021 1454 3106 pressit,

602 3118 694 3184 Dans
718 3119 815 3184 simul
838 3119 871 3183 in
894 3142 1027 3206 pessum
1051 3143 1170 3208 pucros
1193 3123 1393 3210 iuvenesque
1417 3146 1588 3209 senesque.

603 3222 721 3287 Nullus
745 3245 819 3287 curn
843 3245 944 3288 sexus
966 3226 1021 3290 vel
1045 3226 1135 3290 nulla
1157 3232 1341 3291 retraxerat
1363 3233 1457 3292 aetas

522 3348 533 3366 ⁰
605 3326 658 3390 Ad
680 3327 813 3412 pietatis
837 3349 929 3413 opus,
953 3329 1065 3398 nullo*
1088 3330 1165 3414 quia
1187 3329 1257 3395 iure
1281 3331 1439 3416 pepercit.

604 3429 671 3495 Sed
694 3439 810 3511 rector,
834 3432 886 3495 oui
910 3453 989 3496 eura
1010 3432 1072 3496 luit
1094 3431 1274 3498 defendere
1297 3439 1441 3517 gentem,

605 3533 713 3620 Seque
737 3557 880 3620 suosque
903 3536 999 3600 simul
1023 3536 1146 3601 Christi
1169 3537 1306 3600 tutarier
1328 3538 1437 3618 armis,

602 3637 701 3722 Legit
724 3645 758 3702 et
780 3639 852 3724 ipse
874 3639 962 3704 viros
986 3640 1098 3720 fortes,
1122 3648 1221 3724 atque
1245 3640 1376 3724 agmina
1398 3646 1490 3704 tanta

604 3740 752 3805 Venerat
774 3740 862 3805 haud
884 3741 1014 3828 trepido
1037 3748 1151 3806 eontra
1174 3763 1233 3806 rex
1255 3750 1388 3829 pectore
1412 3749 1584 3829 promptus

523 3866 547 3903 a
605 3844 710 3909 Milite
734 3866 807 3909 eum
831 3867 914 3926 raro,
938 3846 1043 3931 primo
1067 3845 1126 3910 sed
1148 3867 1270 3910 numen
1292 3845 1425 3932 Olympi

604 3947 754 4014 Fletibus
778 3956 812 4014 et
833 3950 918 4013 votis
943 3951 1106 4015 constanti
1129 3949 1226 4015 corde
1251 3949 1412 4036 poposcit.

603 4051 667 4116 His
690 4053 771 4116 actis
795 4052 894 4117 etiam
917 4053 1056 4119 hostiles
1080 4060 1116 4118 ut
1138 4052 1219 4118 vidit
1242 4054 1365 4140 ubique

602 4153 796 4220 Innumeras
819 4156 908 4222 acies
931 4158 1007 4222 latis
1030 4156 1213 4222 discurrere
1238 4157 1373 4243 eampis,

604 4260 676 4324 Has
700 4266 813 4325 contra
835 4262 988 4348 opposuit
1010 4282 1145 4348 parvum
1169 4262 1247 4326 lieet
1269 4261 1409 4347 impiger
1431 4282 1560 4346 agmen,
1653 4281 1717 4331 Nor.
1732 4278 1772 4331 15.

525 4446 529 4456 Ι
607 4363 712 4428 Millia
735 4364 820 4428 trina
843 4367 933 4430 ciens
956 4371 1081 4430 tantum
1093 4368 1115 4446 ⁵,
1140 4363 1198 4429 sed
1221 4371 1372 4451 prompta
1395 4362 1514 4428 duello.

605 4468 675 4533 Nee
698 4489 790 4562 mora
812 4469 889 4554 quin
911 4469 1027 4534 mediis
1051 4492 1087 4536 se
1111 4469 1291 4533 immiserat
1313 4468 1467 4532 hostibus
1490 4466 1608 4548 audax,

605 4563 807 4640 Proturbans
831 4573 919 4637 acies
943 4573 1066 4638 Christi
1088 4571 1257 4638 testudine
1281 4571 1395 4636 fretus.

606 4675 686 4739 Mox
708 4677 805 4739 timor
828 4677 975 4761 inpactas
999 4677 1193 4763 populorum
1216 4674 1352 4762 dispulit
1374 4676 1455 4754 alas,

606 4777 671 4852 Qui
693 4801 824 4866 pugnae
847 4780 1066 4862 immemores,
1089 4782 1189 4845 armis
1212 4781 1353 4864 telisque
1375 4777 1500 4842 relictis

291 5015 344 5067 520
361 5015 428 5068 bella
448 5014 520 5064 (lale.

291 5188 318 5253 1)
346 5183 484 5240 ablativos
512 5181 582 5235 male
606 5181 758 5248 formatos,
787 5176 861 5248 quod
886 5183 981 5231 nostro
1007 5179 1164 5232 emortum
1190 5179 1229 5230 est
1256 5182 1281 5230 et
1311 5177 1362 5229 hoo
1394 5177 1453 5229 loco
1479 5174 1558 5228 metri
1584 5189 1672 5228 rouro
1699 5178 1843 5227 sucatum.

191 5291 219 5358 2)
232 5290 347 5358 triptota
365 5289 486 5358 legiones
505 5283 627 5353 appellat
645 5282 752 5336 Bardo.
821 5280 849 5348 3)
872 5280 951 5350 Vcrp.
970 5283 1039 5334 Aen.
1058 5279 1102 5344 II,
1114 5279 1277 5333 aco-307:

757 5426 763 5438 .
783 5423 790 5437 .
808 5383 923 5452 rapidus
940 5387 1073 5437 montano
1091 5381 1204 5436 flumine
1222 5385 1329 5434 torrens

654 5470 761 5525 Sternit
778 5487 868 5539 agros,
887 5468 988 5522 sternit
1000 5471 1062 5522 sata
1074 5468 1149 5522 laeta
1168 5506 1330 5522 .......
1374 5471 1378 5478 ’

654 5555 880 5626 Praecipitesque
901 5555 990 5608 trahit
1008 5555 1091 5608 silvas
1116 5593 1330 5608 .........

188 5668 216 5734 4)
234 5667 253 5719 i.
272 5683 293 5720 e.
311 5665 390 5719 nulli.
442 5665 468 5728 5)
486 5663 580 5716 tricies
598 5661 725 5714 maiorem
744 5661 834 5728 sitisse
848 5676 1027 5731 paganorum
1043 5659 1191 5713 concitam
1209 5657 1250 5710 oit
1263 5655 1369 5716 Bardo,
1387 5653 1467 5706 cuius
1479 5653 1665 5706 narrationem
1677 5654 1721 5707 lrr'c
1733 5655 1845 5710 tirellum

189 5771 271 5824 auxit
290 5777 314 5824 et
333 5769 481 5823 adornavit
499 5774 601 5822 noster.
