4694 6428
692 383 741 436 AD
759 383 933 437 CAROLUM
952 383 1076 437 REGEM
1095 383 1141 436 ET
1160 383 1308 438 LEONEM
1327 385 1460 438 PAPAM.

619 556 665 620 Ut
687 558 758 621 laus
783 564 816 621 et
838 579 964 622 merces
988 565 1118 622 nraneat
1141 557 1216 638 tibi,
1246 566 1356 624 sancte
1381 558 1544 635 sacerdos,

701 659 863 745 Tempore
887 666 1047 745 perpetuo
1070 660 1160 746 pacis
1183 660 1216 723 in
1239 661 1317 725 orbe
1342 683 1445 726 sacro.

620 761 785 845 Dogmata
808 761 938 826 divinae
962 763 1046 846 legis
1072 770 1270 827 renoventur
1291 763 1412 848 ubique

688 866 754 931 Per
774 873 807 930 te
831 887 952 952 perque
976 872 1076 947 tuum,
1101 872 1212 931 sancte
1235 875 1337 954 pater,
1362 868 1514 934 studium.

539 991 563 1025 u
623 968 696 1033 Hoc
720 991 802 1054 opus
825 970 950 1053 antiqui
972 977 1083 1055 patres
1106 970 1216 1034 fecero
1239 992 1298 1055 per
1321 971 1444 1052 orbem,

687 1071 833 1145 Quorum
856 1072 943 1136 dicta
964 1073 1061 1137 modo
1085 1075 1204 1159 pagina
1228 1095 1321 1138 saera
1344 1075 1442 1150 canit,

620 1174 663 1238 Et
687 1175 816 1239 virtutis
839 1176 943 1240 honos
967 1178 1034 1240 lato
1058 1177 1243 1241 celebratur
1265 1178 1298 1241 in
1323 1177 1420 1250 orbe:

705 1280 867 1345 Caelestis
891 1303 1028 1367 quorum
1050 1283 1182 1346 nomina
1204 1289 1293 1346 carta
1315 1289 1415 1362 tenet,

621 1383 664 1447 Et
688 1405 768 1468 ques
792 1392 952 1470 perpetuo
976 1383 1129 1449 decantat
1153 1385 1295 1449 carmine
1318 1385 1472 1449 mundus:

541 1507 566 1542 20
707 1487 914 1574 Principibus
940 1494 1063 1553 structa
1086 1496 1137 1553 est
1161 1490 1280 1553 talibus
1304 1490 1455 1554 ecelesia.

622 1592 696 1656 lloc
721 1614 813 1678 opus,
837 1593 899 1656 hoc
923 1593 1067 1656 studium
1090 1593 1200 1677 magui
1225 1599 1276 1657 est
1297 1593 1436 1678 pastoris
1460 1593 1493 1655 in
1517 1593 1606 1672 orbe,

702 1695 830 1781 Nempe
854 1697 979 1760 talenta
1001 1696 1066 1760 sibi
1088 1696 1305 1780 multiplicare
1329 1694 1414 1761 data.

621 1797 725 1862 'lotus
748 1799 829 1862 hora
852 1798 983 1884 quidem
1007 1806 1161 1885 properat
1183 1798 1295 1863 muudi
1320 1845 1456 1864 .....
1466 1847 1474 1876 ‚

706 1901 753 1965 Ut
776 1902 936 1987 quondam
960 1910 1052 1967 vates
1074 1903 1286 1988 praecinuere
1310 1903 1403 1978 sacri,

541 2025 567 2061 ⁴25
624 2003 669 2067 Et
691 2004 792 2069 iudex
815 2005 929 2090 vigilat
951 2006 1118 2070 hominum
1142 2012 1337 2092 superacta
1360 2027 1531 2091 supernus,

707 2108 752 2172 Ut
776 2116 909 2173 cunctos
933 2109 1074 2194 propriis
1098 2108 1220 2173 iudicet
1243 2130 1285 2172 ox
1307 2109 1444 2173 meritis.

622 2210 714 2275 Tune
738 2211 877 2276 famulus
901 2218 1009 2276 sumet
1030 2212 1222 2277 maritorum
1244 2210 1331 2276 dona
1352 2211 1468 2281 fidelis,

706 2315 830 2379 Laetus
855 2323 888 2379 ot
911 2315 1045 2380 intrabit
1067 2315 1186 2399 gaudia
1209 2336 1335 2380 summa
1358 2314 1420 2380 dei.

622 2416 673 2481 Tu
696 2439 842 2502 queque,
866 2425 977 2483 sancte
1000 2425 1103 2503 pater,
1128 2417 1258 2481 laudem
1280 2418 1367 2482 inter
1387 2417 1487 2482 hosce
1510 2417 1646 2482 habebis

541 2540 568 2576 a.»
715 2519 907 2584 Sanctorum
931 2521 1018 2583 cives
1043 2522 1148 2583 clarus
1172 2520 1205 2583 in
1228 2520 1307 2584 orbe
1331 2521 1408 2606 poli.

623 2622 669 2687 Ut
691 2629 768 2686 tune
792 2644 867 2686 esse
890 2623 985 2686 bonis
1010 2623 1090 2687 felix
1111 2624 1268 2687 merearis
1292 2624 1325 2686 in
1347 2625 1439 2703 actis,

704 2725 799 2789 Nunc
823 2726 922 2790 dunrs
945 2726 1006 2790 tibi
1031 2727 1073 2790 sit
1095 2726 1204 2790 nullus
1228 2727 1363 2791 inorbo
1386 2727 1487 2791 labor.

623 2829 807 2893 Poenarum
831 2850 953 2912 genera
977 2836 1170 2916 spreverunt
1193 2831 1302 2895 omnia
1325 2832 1439 2911 sancti,

708 2930 790 2995 Cum
815 2931 944 2995 Christo
968 2947 1004 2995 ut
1027 2940 1183 3018 caperent
1206 2955 1307 3018 regna
1329 2934 1429 2998 beata
1450 2935 1527 3020 poli.

539 3056 564 3094 aa
623 3035 751 3100 Horum
774 3045 887 3100 saneta
910 3059 1051 3122 sequens
1074 3037 1156 3101 felix
1179 3039 1320 3123 vestigia
1341 3046 1463 3124 pastor,

706 3137 874 3203 Doctrinis
897 3140 1016 3204 mentis
1040 3161 1113 3203 oum
1137 3141 1260 3226 pietate
1284 3142 1396 3210 sacris.

622 3240 668 3304 Ut
689 3249 722 3305 te
746 3243 915 3327 perpetuis
939 3243 1102 3307 caelorum
1126 3245 1231 3327 gloria
1253 3244 1347 3307 donis

707 3343 789 3408 Cum
814 3343 946 3409 Christo
969 3352 1003 3409 et
1026 3347 1148 3409 sanctis
1172 3347 1322 3431 accipiat,
1345 3352 1467 3410 toneat.

623 3447 759 3512 Miserat
782 3447 867 3512 huno
893 3470 1031 3532 puerum
1054 3456 1183 3512 vestrae
1206 3450 1339 3534 pietatis
1362 3457 1497 3528 amator,

541 3571 566 3608 rc
709 3550 847 3614 Praesul
871 3550 1096 3632 Eanbalclus¹,
1119 3573 1254 3616 munera
1277 3573 1377 3638 parva
1399 3572 1528 3635 gerens.

625 3652 731 3726 Quem
753 3660 810 3717 tua
834 3654 991 3739 suscipiat
1014 3655 1154 3732 bonitas,
1178 3655 1326 3736 obsecro,
1349 3656 1507 3739 benigne:

705 3754 766 3819 Est
789 3757 930 3820 famulus
953 3763 1071 3838 vester,
1095 3757 1183 3821 filius
1206 3765 1303 3842 atque
1326 3779 1429 3823 maus.

623 3858 795 3925 Ecclesiae
818 3880 936 3944 magno
960 3882 1064 3946 papae
1089 3867 1121 3924 et
1144 3867 1275 3946 pastore
1298 3861 1402 3925 Leoni

707 3962 848 4027 Albinus
872 3970 993 4026 cartam
1017 3964 1150 4027 miserat
1172 3963 1255 4027 hane
1278 3962 1428 4027 famulus.

624 4379 672 4443 ΤΘ
695 4401 770 4444 mea
792 4399 884 4443 mens
908 4379 1065 4463 sequitur,
1089 4379 1256 4442 carissime
1281 4375 1426 4442 Candide
1439 4377 1461 4459 ²,
1485 4377 1625 4452 tristis³;

706 4481 760 4546 lle
783 4489 840 4545 tua
862 4502 954 4545 mens
977 4502 1087 4545 seeum
1111 4488 1218 4567 portet
1241 4481 1372 4565 ubique,
1396 4501 1521 4566 precor.

440 4627 460 4631 —
625 4627 630 4629 -
653 4625 657 4628 ,
704 4624 730 4628 Ἰ,
1060 4621 1127 4626 .—..-
1139 4621 1195 4626 -..--
1215 4621 1311 4626 ..-—..-
1327 4621 1456 4628 m...-..-..
1471 4622 1538 4627 „—

366 4709 398 4761 18
416 4711 540 4773 chariat)
626 4708 658 4759 19
675 4710 731 4760 laus
747 4715 777 4770 Q,
794 4725 858 4774 ques
876 4709 939 4758 corii.
959 4707 1031 4758 ll'aa.
1119 4703 1153 4754 23
1171 4723 1260 4756 cerasus
1278 4716 1412 4772 correptus
1498 4704 1533 4758 29
1550 4709 1596 4758 lms
1617 4709 1739 4770 Q,110see
1757 4708 1821 4758 curri.
1840 4707 1912 4758 ἶνα-α.

259 4794 291 4846 31
311 4797 374 4846 actis
390 4796 484 4846 addidi
556 4793 591 4846 49
608 4796 766 4846 Euntbaldus
781 4795 803 4855 Q
871 4790 905 4843 42
924 4795 956 4842 Er
971 4793 1000 4856 Q,
1018 4789 1207 4857 1919ρᾶἳὸ

329 4880 430 4946 [xliv]
465 4883 519 4933 cirre
536 4882 608 4932 titulo
632 4881 656 4930 Y
669 4880 757 4944 (codex
781 4880 885 4930 Vineae.
905 4877 964 4942 795)
975 4881 1001 4944 s.
1021 4877 1070 4930 199

364 5016 391 5083 1)
418 5016 585 5072 Baecula
608 5016 648 5070 ΙΙ
671 5018 806 5082 (Simon)
835 5015 1061 5082 archiepiscopus
1083 5013 1289 5081 Eboraceasr's,
1312 5013 1442 5080 quicum
1464 5011 1509 5065 die
1534 5014 1575 5068 14.
1593 5017 1667 5084 Any.
1693 5013 1744 5067 796
1767 5013 1913 5070 ordinatus

261 5112 344 5172 esset,
373 5113 487 5180 accepto
515 5110 550 5164 ab
579 5111 732 5180 apostolica
762 5110 825 5164 sede
857 5109 944 5178 pallio
969 5108 1130 5162 solemniter
1153 5108 1330 5160 confirmatus
1357 5109 1400 5160 est
1422 5107 1460 5161 IV
1485 5107 1549 5160 Idus
1572 5107 1742 5176 Septembris
1765 5109 1831 5162 anni
1855 5111 1913 5174 797,

260 5201 296 5268 es.
316 5201 433 5257 Simeon.
452 5203 628 5257 Dunelmena.
646 5204 709 5257 laist.
728 5203 761 5256 dr
778 5203 865 5271 protis
882 5217 955 5269 repo.
975 5201 1090 5271 Aaylor.
1110 5201 1161 5254 796
1180 5203 1204 5253 et
1223 5201 1281 5262 797,
1300 5203 1371 5253 Ana.
1390 5201 1569 5269 Lindissara.
1589 5203 1639 5256 796
1658 5204 1723 5270 (SS.
1737 5203 1823 5267 XIX,
1841 5206 1912 5273 596).

260 5296 397 5351 Alcuinua
419 5297 497 5365 sorte
528 5298 573 5351 bic
604 5299 723 5368 leporum
754 5299 834 5366 dicit,
867 5314 943 5366 quem
971 5295 1142 5350 Eonbaldua
1164 5311 1220 5365 pro
1243 5295 1333 5364 pallio
1360 5296 1541 5366 adipiscetdo
1567 5315 1593 5351 a.
1618 5298 1668 5350 797
1696 5297 1812 5351 Roaiam
1839 5300 1913 5354 arisit

260 5393 311 5460 (ep.
329 5393 363 5444 69
377 5409 407 5462 p,
421 5393 490 5460 358).
549 5393 577 5462 2)
598 5393 742 5448 Curididus
760 5394 817 5447 siue
835 5393 936 5456 ilinc,
956 5391 1070 5445 Aletrini
1087 5391 1250 5460 discipulus,
1271 5391 1395 5445 Aruernis
1413 5407 1500 5446 corneo
1519 5395 1548 5444 ia
1566 5393 1666 5447 itinere
1683 5393 1807 5446 Romano
1825 5411 1851 5447 a.
1864 5395 1915 5448 796

260 5493 386 5555 suscepto
402 5487 493 5554 fuisse
509 5487 626 5552 tidelm,
644 5490 682 5556 ct'.
700 5489 822 5542 Monam.
841 5488 950 5542 Alruin.
966 5505 996 5557 p.
1014 5487 1073 5551 440,
1091 5485 1401 5541 SirkelAleutnaludiea
1416 5505 1446 5556 p.
1465 5487 1506 5540 19.
1576 5487 1604 5555 3)
1625 5487 1667 5557 Of.
1686 5488 1800 5541 Alcuim'
1816 5505 1914 5546 versus

260 5581 305 5638 od.
325 5581 415 5635 Corol.
428 5581 521 5654 imper.
534 5597 559 5635 v.
572 5583 618 5635 17:
640 5582 680 5636 ΤΘ
697 5599 758 5635 mea
777 5600 854 5636 mans
872 5583 1006 5650 sequitur,
1024 5581 1151 5650 sequitur
1169 5598 1279 5649 quoquo
1297 5597 1406 5634 cannen
1425 5581 1541 5644 amorim
1569 5582 1606 5638 ad
1624 5583 1702 5636 amic.
1721 5582 1825 5638 absent.
1845 5601 1870 5638 o.
1883 5585 1913 5640 3:

640 5677 680 5732 ΤΘ
698 5694 759 5732 mea
777 5694 853 5732 mens
872 5677 998 5748 sequitur
1015 5693 1117 5746 magno
1136 5693 1198 5730 cum
1216 5675 1305 5729 cordis
1323 5693 1415 5730 amore
1434 5676 1522 5746 (infra
1537 5693 1567 5748 p.
1585 5677 1644 5742 257,
1661 5677 1733 5746 265).
