4756 6412
991 424 1039 480 AD
1057 423 1233 482 CAROLUM
1251 423 1384 482 REGEM.

693 598 746 663 En
768 606 946 666 renovatur
968 621 1069 666 ovans
1091 600 1236 666 eetemis
1259 600 1389 686 legibus
1413 621 1529 682 onnus,

776 701 821 768 Et
843 724 904 768 sua
925 724 1011 768 nuno
1033 709 1138 768 mater
1160 703 1310 789 germina
1331 704 1452 790 promit
1473 703 1601 769 humus.

612 829 637 866 aa
694 805 805 872 Silvae
828 807 943 873 fronde
969 809 1086 888 virent,
1110 814 1266 872 ornantur
1289 806 1424 873 floribus
1447 828 1534 888 arva,

779 909 900 996 Sicque
922 911 1012 976 vices
1036 915 1177 992 servant,
1201 931 1252 990 en,
1277 911 1441 976 elementa
1463 930 1549 976 suas.

694 1012 846 1100 Undique
869 1015 972 1100 legati
993 1015 1137 1096 veniant,
1160 1015 1214 1100 qui
1237 1035 1396 1102 prospera
1417 1020 1561 1096 narrent,

777 1117 929 1183 Ptaemia
951 1118 1017 1183 sint
1038 1119 1140 1204 pacis,
1164 1119 1269 1183 omnis
1291 1118 1407 1183 abesto
1430 1119 1531 1185 furor.

695 1219 776 1285 Mox
798 1221 903 1287 oculis
927 1242 1000 1287 cum
1023 1228 1133 1287 mente
1158 1222 1255 1286 simul
1278 1221 1494 1307 manibusque
1517 1220 1634 1287 levatis

613 1346 638 1384 a
783 1325 837 1391 nd
860 1327 998 1408 eoelum,
1022 1332 1132 1412 grates
1156 1327 1284 1412 fertque
1309 1326 1496 1412 refertque¹
1519 1325 1592 1391 deo.

700 1428 838 1495 Consilii
861 1430 1049 1496 celebretur
1070 1430 1185 1510 honos,
1204 1436 1315 1495 oretur
1337 1431 1371 1494 in
1393 1431 1480 1510 aula,

779 1532 853 1608 Qua
874 1533 965 1598 miris
989 1535 1094 1619 surgit
1116 1523 1240 1598 fabrica
1261 1534 1399 1621 pulchra
1421 1534 1532 1599 tholis.

696 1636 778 1702 Inde
800 1636 966 1723 palatinae
990 1643 1180 1724 repetantur
1203 1638 1345 1702 culmina
1368 1637 1467 1716 sedis,

778 1740 880 1806 Plebs
903 1747 957 1806 eat
980 1746 1014 1805 et
1036 1741 1151 1806 redeat
1173 1741 1257 1806 atria
1279 1741 1378 1826 longa
1400 1747 1522 1807 terens.

615 1867 639 1905 ss
696 1844 800 1909 Ianua
821 1844 993 1930 pandatur,
1017 1846 1195 1931 multisque
1218 1845 1406 1910 volentibus
1430 1845 1553 1910 intrent
1644 1875 1645 1878 ¹

780 1947 893 2028 Pauci,
916 1968 998 2033 quos
1021 1970 1150 2014 sursum
1173 1948 1313 2034 quilibet
1336 1949 1415 2013 ordo
1439 1947 1522 2011 tulit.

699 2050 888 2116 Circumdet
909 2051 1080 2138 pulchrum
1104 2052 1213 2137 proles
1237 2051 1407 2116 carissima
1428 2070 1553 2136 regem,

782 2153 943 2220 Omnibus
967 2155 1121 2235 emineat,
1145 2156 1252 2220 solut
1274 2155 1309 2219 in
1332 2176 1406 2220 arce
1430 2155 1526 2220 solet.

698 2257 785 2323 Hinc
808 2257 940 2323 adstent
962 2257 1066 2344 pueri,
1089 2259 1301 2324 circumstent
1323 2257 1399 2323 inde
1422 2258 1564 2344 puellae,

617 2385 642 2422 n
786 2362 895 2429 Vinea
915 2363 1073 2427 laetificet
1095 2364 1208 2449 sicque
1231 2363 1361 2428 nouella
1383 2361 1539 2449 patrem².

699 2465 794 2533 Stant
815 2467 958 2533 Karolus
982 2467 1220 2554 Hludowicque
1244 2470 1339 2533 simul
1351 2468 1374 2550 ³,
1398 2488 1534 2553 quorum
1557 2487 1641 2532 unus
1663 2465 1823 2552 ephebus,

766 2571 837 2636 Iam
860 2571 951 2637 vehit
974 2572 1110 2637 alterius
1133 2594 1170 2637 os
1193 2572 1346 2637 iuvenale
1369 2571 1481 2638 decus.

699 2674 845 2762 Corpore
868 2673 1059 2761 praevalido
1083 2675 1202 2759 quibus
1227 2681 1278 2740 est
1300 2695 1441 2740 nervosa
1462 2675 1625 2755 iuventa⁴,

783 2779 913 2865 Corque
937 2801 1043 2866 capax
1066 2778 1178 2861 studii,
1201 2779 1393 2865 consiliique
1417 2786 1529 2845 tenax.

617 2904 642 2942 n
702 2883 814 2948 Mente
837 2884 960 2969 vigent,
985 2885 1106 2948 virtute
1129 2885 1252 2964 cluunt,
1276 2884 1400 2970 pietate
1424 2881 1619 2964 redundant,

782 2985 900 3053 Gentis
923 2993 1062 3072 uterque
1086 2985 1195 3066 decor,
1219 2985 1324 3051 dulcis
1346 2993 1484 3071 uterque
1507 2985 1604 3072 patri.

700 3088 744 3154 Et
765 3110 850 3154 nuno
874 3088 1026 3154 ardentes
1050 3089 1165 3154 acies⁵
1188 3110 1249 3153 rex
1269 3089 1382 3154 flectat
1403 3088 1445 3153 ad
1466 3089 1552 3170 illos,

692 3261 698 3266 ,
790 3193 886 3258 Nunc
908 3191 951 3257 ad
973 3193 1155 3277 virgineum
1178 3192 1290 3257 flectat
1311 3193 1475 3279 utrimque
1499 3192 1645 3273 chorum,

700 3297 895 3384 Virgineum
918 3295 959 3360 ad
982 3301 1122 3376 coetum,
1145 3316 1209 3380 quo
1232 3317 1298 3360 non
1321 3303 1372 3361 est
1394 3296 1562 3382 pulchrior
1584 3296 1676 3377 alter,

619 3425 644 3460 so
786 3399 901 3480 Veste,
924 3397 1050 3478 habitu,
1074 3399 1195 3485 specie,
1220 3419 1366 3486 corpore,
1391 3398 1498 3481 corde,
1521 3398 1596 3464 fide.

700 3501 837 3568 Scilicet
858 3500 900 3566 ad
922 3501 1056 3566 Bertam
1079 3507 1114 3566 et
1129 3499 1347 3583 Chrodtrudh,
1369 3502 1426 3566 ubi
1450 3503 1493 3566 sit
1515 3521 1644 3587 quoque
1668 3499 1795 3581 Cisla‘,

782 3605 998 3670 Pulchrorum
1020 3627 1094 3687 una,
1118 3627 1219 3686 soror,
1243 3608 1286 3672 sit
1307 3609 1414 3674 minor
1436 3607 1515 3672 ordo
1538 3607 1635 3672 trium
1652 3607 1672 3670 l.

700 3709 763 3774 Est
786 3710 910 3775 sociata
932 3708 1050 3794 quibus
1072 3709 1271 3796 Leutgardis
1294 3712 1431 3798 pulchra
1452 3711 1564 3797 virago
1577 3711 1599 3792 ⁸,

785 3812 879 3888 Quae
902 3813 1001 3878 micat
1024 3813 1157 3898 ingenio
1180 3836 1254 3879 cum
1275 3815 1410 3900 pietatis
1433 3836 1507 3902 ope.

620 3941 646 3978 ss
703 3917 846 3983 Pulchra
869 3917 949 3982 ratis
974 3917 1073 3996 cultu,
1098 3916 1157 3983 sed
1179 3917 1278 4003 digno
1302 3918 1468 4006 pulchrior
1490 3923 1577 3995 actu,

784 4021 868 4089 Cum
890 4025 1012 4111 populo
1037 4031 1071 4090 et
1094 4024 1233 4090 ducibus
1257 4025 1407 4092 omnibus
1429 4047 1495 4090 una
1515 4025 1616 4090 fovet.

703 4127 812 4214 Larga
833 4149 942 4210 mauu,
965 4129 1111 4194 clemens
1135 4129 1254 4210 animo,
1278 4129 1493 4195 blandissima
1516 4128 1636 4209 verbis,

786 4231 952 4299 Prodesse
975 4240 1009 4299 et
1032 4235 1169 4316 cunctis,
1192 4234 1316 4300 nemini
1340 4233 1460 4299 obesse
1482 4239 1585 4321 parat.

705 4333 798 4409 Quae
820 4336 907 4403 bene
930 4336 1077 4403 discendi
1101 4337 1217 4403 studiis
1241 4337 1390 4403 studiosa
1413 4338 1551 4420 laborat,

624 4463 649 4500 co
794 4439 1027 4527 Ingenuasqne
1050 4447 1139 4507 artes
1163 4441 1282 4507 mentis
1305 4441 1339 4506 in
1361 4462 1436 4507 arce
1459 4442 1556 4506 locat.

705 4543 862 4631 Prompta
885 4545 927 4609 sit
950 4544 1108 4631 obsequio
1132 4545 1264 4612 soboles
1286 4546 1474 4632 gratissima
1496 4543 1595 4629 regis,

789 4646 900 4733 thue
923 4649 1029 4734 magis
1052 4649 1194 4735 placeat,
1217 4655 1322 4716 certet
1343 4668 1455 4714 amore
1479 4648 1544 4735 pio.

704 4750 812 4817 Pallia
834 4750 936 4838 dupla
958 4752 1056 4834 celer,
1080 4773 1235 4818 manuum
1259 4774 1319 4819 seu
1340 4751 1487 4838 tegmina
1507 4750 1629 4816 blanda

786 4852 953 4941 Suscipiat
975 4853 1123 4937 Carolus,
1147 4862 1180 4922 et
1203 4856 1348 4943 gladium
1370 4854 1531 4921 Ludoich.

625 4979 649 5017 a
708 4954 781 5030 Quo
802 4957 979 5037 residente,
1005 4979 1099 5024 suurn
1118 4965 1212 5044 grata
1232 4960 1320 5024 inter
1340 4959 1434 5024 basia
1456 4979 1575 5023 munus

788 5060 878 5128 Dent
899 5069 996 5128 natae
1019 5063 1185 5149 egregiae,
1209 5061 1265 5128 det
1287 5083 1415 5148 quoque
1439 5083 1534 5128 carus
1557 5083 1662 5128 amor.

443 5293 477 5346 ar
503 5294 621 5347 noaeun
634 5293 664 5358 s,
686 5289 849 5343 cnroueuan
869 5289 913 5341 nu
933 5291 1028 5342 came
1047 5288 1110 5354 (ae.
1130 5286 1378 5356 ristocano

446 5447 472 5515 l)
491 5447 561 5501 Aen.
581 5444 694 5512 113438
712 5443 832 5512 Fertque
849 5442 997 5512 refertque.
1055 5443 1083 5512 2)
1103 5444 1179 5498 Prot
1198 5442 1368 5507 12⁷,3Fi1ii
1386 5441 1428 5497 tui
1447 5441 1520 5497 sicut
1537 5440 1666 5496 novellae
1683 5440 1821 5497 olivarum
1839 5434 2000 5492 incircuitu

341 5565 453 5603 mensae
472 5551 546 5602 tuae.
627 5547 655 5614 3)
675 5546 816 5616 Pippiaua
835 5549 938 5616 chaat,
956 5547 993 5615 cs.
1012 5563 1102 5616 supro
1116 5564 1147 5616 p.
1165 5546 1225 5600 th'iss.
1299 5545 1327 5611 4)
1346 5543 1482 5598 Prudeat.
1500 5547 1598 5600 cmrtra
1617 5545 1718 5614 Symm.
1738 5541 1842 5607 IL320
1859 5539 2002 5610 Sanguine

341 5651 500 5722 praecalido
523 5651 612 5704 servet
635 5667 751 5704 nervosa
769 5650 893 5706 iuventa.
969 5651 997 5716 5)
1022 5648 1101 5719 Verp.
1122 5653 1192 5704 Ara.
1205 5648 1279 5713 XII,
1292 5647 1344 5702 oto
1358 5647 1489 5702 Ardentis
1501 5648 1643 5702 oculorum
1656 5645 1743 5713 orbis;
1763 5643 1864 5715 Georq.
1879 5643 1932 5709 IV,
1941 5643 2002 5696 451.

342 5755 370 5824 6)
387 5753 451 5806 Trea
464 5752 650 5823 Hildtqardce
658 5752 745 5820 filiae.
793 5753 820 5820 i)
839 5751 903 5806 llus
909 5753 989 5820 filias
1001 5757 1070 5807 autu
1082 5752 1202 5806 artnorea
1214 5750 1281 5805 llicit
1298 5751 1345 5805 Ta.
1358 5751 1394 5818 cs.
1407 5768 1431 5804 a.
1444 5751 1486 5805 99.
1534 5755 1561 5820 8)
1577 5749 1674 5804 Caroli
1685 5765 1772 5812 aron
1785 5749 1822 5816 rs.
1831 5767 1862 5819 p.
1872 5748 1933 5810 360,
1942 5747 2002 5804 370.
