4628 6428
1084 401 1233 456 ALl‘l‘le
1251 401 1427 456 cauum.

792 576 936 640 Feminis
959 577 1138 652 effremuit,
1161 597 1227 639 vox
1248 585 1284 639 ut
1307 576 1439 640 deserta
1462 575 1614 638 ferarum.

791 677 864 750 Quo
886 680 978 765 pingi
1000 687 1094 742 torva
1118 677 1229 742 decuit
1253 680 1314 742 sub
1336 681 1443 743 fronte
1467 679 1581 740 leonis.

792 781 957 866 Dogmata
978 793 1053 868 post
1077 783 1153 846 fidei
1177 791 1248 845 tuta
1270 793 1320 846 est
1343 785 1516 868 Aegyptus
1539 782 1683 867 abipso.

725 915 738 942 υ
793 886 949 950 llormam
973 895 1007 950 et
1029 889 1232 973 apostolicae
1256 889 1433 972 complevit
1456 888 1539 971 legis
1561 887 1736 969 utrimque.

793 989 901 1053 Lucas
924 1011 981 1054 ore
1005 989 1059 1053 dei
1082 989 1244 1053 medicina
1266 992 1377 1056 fultus.
1399 1001 1433 1052 at
1455 990 1531 1053 inde

794 1091 950 1156 Scribens
975 1103 1069 1177 gesta
1091 1092 1146 1156 dei
1168 1096 1258 1157 norit
1281 1093 1504 1157 moderamina
1525 1092 1655 1159 mentis.

793 1192 953 1279 Quodque
977 1195 1185 1259 sacerdotum
1208 1198 1356 1260 meminit
1379 1217 1588 1282 praesumere
1611 1197 1691 1258 iura.

791 1297 919 1381 Aligeri
941 1299 1060 1362 facicm
1083 1301 1173 1364 novit
1195 1309 1327 1384 gestare
1349 1299 1491 1365 iuvenci.

795 1399 944 1464 Tandem
966 1411 1000 1466 et
1022 1403 1223 1488 apostolicos
1247 1403 1377 1487 scripsit
1399 1403 1541 1465 feliciter
1562 1410 1665 1463 actus.

793 1501 897 1600 Virgo
922 1525 1020 1590 supra
1042 1515 1159 1589 pectus
1184 1505 1307 1568 Christi
1330 1506 1517 1568 accubitare
1539 1502 1702 1567 Iohannes

793 1605 833 1668 In
855 1628 957 1671 caena
979 1609 1098 1672 meruit
1121 1611 1195 1672 risa
1218 1608 1421 1672 exanclando
1445 1609 1578 1671 fluenta.

794 1709 927 1772 Scilicet
950 1710 1025 1774 hinc
1048 1712 1156 1795 aquile
1179 1713 1275 1797 petiit
1297 1721 1386 1775 trans
1410 1712 1545 1775 aethera
1567 1711 1682 1796 pennis

794 1810 947 1876 Divinam
969 1821 1123 1898 retegens
1147 1823 1296 1878 naturam
1319 1814 1487 1878 hominum
1510 1815 1637 1890 rationi,

711 1937 737 1971 e>
793 1915 941 1988 Qualiter
963 1926 997 1982 et
1018 1919 1159 2003 populus
1182 1917 1334 1982 habitans
1357 1918 1493 1981 verbum
1517 1939 1592 1981 earo
1615 1917 1737 1980 iactum
1762 1923 1834 1978 est.

1244 2150 1263 2192 u

793 2230 943 2318 Suscipe,
967 2253 1037 2310 rex,
1061 2253 1198 2318 parrum
1220 2233 1331 2315 magni
1352 2231 1449 2295 modo
1472 2254 1589 2297 munus
1611 2234 1730 2296 amoris
1744 2237 1767 2308 ¹,

875 2335 971 2409 Quod
993 2345 1069 2401 tuus
1092 2336 1233 2400 Albinus
1257 2336 1376 2399 obtulit
1399 2357 1477 2400 ecce
1501 2338 1571 2402 tibi.

791 2440 912 2525 Magna
934 2441 1044 2505 ferunt
1066 2441 1167 2505 saecli
1191 2461 1345 2524 gazarum
1368 2439 1453 2503 dona
1475 2448 1637 2525 potentes,

874 2544 954 2608 Fert
976 2565 1050 2608 mea
1072 2546 1248 2630 pauperies
1271 2545 1333 2607 ista
1356 2545 1481 2607 minuta
1502 2542 1566 2606 duo
1576 2543 1598 2606 ².

794 2648 845 2712 Ne
868 2669 972 2712 vacua
994 2649 1027 2713 iu
1050 2651 1154 2713 saeris
1176 2649 1323 2713 venisset
1345 2648 1464 2712 dextra
1485 2647 1602 2712 diebus

876 2753 964 2816 Ante
987 2754 1076 2837 piam
1098 2752 1227 2832 faciem,
1250 2773 1310 2815 rex
1331 2751 1529 2832 venerande,
1550 2759 1649 2822 tuam,

792 2855 935 2920 Nomina
958 2865 1144 2920 sanctorum
1168 2858 1295 2942 signavi
1318 2865 1432 2920 sancta
1454 2863 1626 2942 pareutum

874 2959 1030 3025 Haebrea
1053 2960 1251 3047 depromens
1274 2983 1342 3040 ore,
1364 2961 1493 3038 Latine,
1516 2967 1572 3024 tuo
1584 2961 1607 3026 ³.

790 3063 865 3138 Fer,
888 3085 962 3128 mea
984 3071 1084 3146 carta,
1108 3085 1183 3130 mea
1205 3066 1347 3150 supplex
1369 3065 1563 3128 munuscula
1586 3063 1704 3128 domno

876 3169 1022 3256 Corpore
1046 3170 1236 3257 premodioo
1260 3172 1388 3235 viscera
1411 3191 1530 3254 magna
1552 3190 1683 3254 gerens.

1185 3613 1325 3678 LXXII.

789 3735 835 3800 Ut
857 3740 1036 3821 praecepta
1057 3733 1137 3797 mihi
1159 3732 1310 3804 dederas.
1333 3733 1523 3797 dulcissime
1545 3733 1664 3798 domne
1673 3734 1696 3812 ⁴,

790 3839 846 3902 Sic
869 3837 970 3902 celeri
994 3859 1127 3902 currens
1151 3838 1276 3902 calamo
1299 3837 1422 3902 dictare
1445 3837 1593 3902 libellum

789 3939 965 4020 Annalem,
987 3947 1134 4005 veterum
1158 3941 1255 4004 simul
1277 3946 1471 4024 argumenta
1493 3941 1679 4025 sophorum,

790 4041 882 4115 Quae
905 4041 1070 4128 quondam
1092 4043 1193 4107 mirus
1217 4044 1410 4128 perscripsit
1432 4041 1545 4106 Baeda
1567 4044 1724 4126 magister

794 4145 901 4210 Notus
924 4146 957 4209 iu
981 4145 1059 4211 orbe
1082 4147 1207 4232 procul,
1229 4153 1361 4210 nostrae
1385 4146 1549 4229 cathegita
1571 4149 1710 4226 terrae⁵,

791 4248 884 4322 Quae
907 4270 966 4312 vos
990 4251 1145 4335 coepistis
1167 4250 1324 4314 mirandis
1347 4249 1498 4314 sensibus
1522 4250 1610 4330 olim,

791 4351 862 4416 Neo
885 4373 948 4437 ego
971 4351 1048 4436 quid
1072 4354 1201 4417 noviter
1222 4374 1356 4439 possum
1378 4373 1464 4417 nunc
1486 4353 1632 4438 pandere
1653 4352 1762 4420 vobis:

793 4453 860 4519 Sed
882 4463 1006 4536 vetera,
1029 4477 1211 4537 ammoneo,
1233 4463 1364 4522 vestrae
1387 4455 1603 4520 commendite
1626 4457 1737 4521 menti.

520 4745 531 4810 ll
555 4745 591 4814 [u]
610 4749 715 4815 Suscipe
728 4766 864 4814 -gerens
881 4759 981 4800 erstartt
997 4751 1074 4799 etiam
1091 4751 1119 4798 r'n
1136 4749 1192 4800 eod.
1213 4750 1369 4815 Guelferbpt
1387 4749 1568 4814 lVeiasenbnrq.
1589 4748 1624 4800 26
1641 4768 1661 4800 a.
1681 4751 1725 4800 IX.
1737 4750 1763 4815 f.
1782 4747 1825 4812 13,
1843 4769 1927 4816 quem
1948 4763 2070 4811 cosmate
2085 4764 2116 4814 Ο.

427 4831 458 4882 de
474 4831 645 4884 Ileinenmrm.
738 4831 851 4887 Susino
869 4855 936 4887 corr.
954 4837 1033 4886 latine
1045 4835 1071 4884 P

497 4915 619 4984 [LXXII]
655 4935 685 4969 ex
702 4919 757 4968 cod.
784 4919 905 4971 Vaticano
923 4921 990 4971 inter
1006 4919 1094 4970 Pelet.
1114 4917 1182 4970 1448
1193 4921 1219 4986 s.
1239 4917 1272 4969 72
1289 4920 1422 4986 descripsit
1439 4919 1598 4984 Betbmeun,
1620 4922 1663 4972 rubi
1685 4920 1822 4971 terratia
1844 4939 1936 4976 mana
1958 4930 1990 4980 in
2010 4951 2120 4985 rasum

425 5002 521 5066 scripta
539 5012 598 5054 runt
614 5003 783 5056 medietates·
800 5023 879 5071 opere
897 5007 1078 5071 chrorwlopiea
1096 5005 1208 5056 Baedne.
1886 4993 1893 5002 ⁰

528 5168 554 5236 1)
574 5167 651 5222 Idem
668 5169 872 5237 euenpeltorum
890 5171 976 5224 codes
990 5172 1176 5239 pulcherrime
1196 5174 1318 5242 scriptus
1333 5175 1425 5240 fuisse
1444 5174 1569 5238 videtur,
1593 5175 1626 5228 de
1643 5191 1697 5244 quo
1714 5173 1828 5227 alcuini
1847 5177 1983 5244 epistota
2007 5184 2120 5240 Gamla

423 5265 585 5333 imperatori
603 5286 658 5337 per
676 5270 856 5338 stedepisam
875 5273 960 5326 missa
979 5277 1086 5334 restat,
1108 5273 1146 5339 cf.
1165 5275 1241 5328 Mon.
1260 5277 1371 5328 Alcuin.
1390 5293 1417 5328 n.
1436 5277 1489 5328 205
1504 5293 1532 5346 p.
1551 5277 1611 5330 698.
1697 5277 1724 5334 2l
1743 5276 1811 5328 nuc.
1832 5277 1879 5340 21,
1894 5281 1922 5333 2.
2026 5289 2059 5354 3)
2080 5290 2121 5343 1.

424 5367 516 5422 codice
539 5371 698 5438 praecedit:
726 5373 924 5440 Interpretatio
948 5373 1101 5428 nominum.
1147 5376 1307 5430 Habraham
1331 5383 1412 5446 pater
1435 5378 1587 5431 multarum
1610 5380 1737 5448 gentium
1759 5407 1792 5415 -
1816 5383 2022 5448 regnabimus
2047 5408 2119 5445 cum

425 5467 533 5523 Christo
552 5487 642 5524 amen.
694 5473 722 5538 4)
738 5473 864 5526 dbrolum
882 5491 972 5544 repem
991 5475 1152 5544 alloquitur.
1206 5481 1233 5546 5)
1249 5480 1291 5547 Os.
1311 5481 1431 5534 Falradi
1443 5481 1561 5549 epitaph.
1575 5483 1625 5536 v.4
1643 5484 1733 5536 Notus
1745 5480 1774 5534 iu
1787 5480 1856 5534 orbe
1872 5489 1995 5554 procul,
2015 5499 2123 5548 1105th

426 5565 454 5618 in
473 5570 538 5624 orbe
556 5574 650 5639 pater;
679 5575 779 5642 Hapea
798 5576 900 5628 Anecd.
920 5577 1025 5632 Helvet.
1040 5594 1070 5645 p.
1090 5579 1156 5640 1833
1175 5579 1332 5635 Ermenrici
1350 5584 1428 5651 epist.
1447 5583 1485 5636 ad
1502 5581 1674 5638 Grimoldum
1691 5603 1718 5654 p.
1735 5585 1765 5638 9:
1792 5581 1898 5640 Veluti
1920 5593 2055 5658 quidam
2076 5599 2122 5652 ait

428 5665 553 5724 ‘Nostrae
572 5671 720 5740 cathegeta
738 5677 847 5728 terrae'.
