4612 6420
1090 388 1240 444 ALCUINI
1257 385 1432 442 ollamus.

1213 677 1315 742 CXV.

806 803 871 866 Hic
894 801 976 867 deus
999 801 1206 886 omnipotens
1229 797 1336 862 Adam
1359 798 1400 863 de
1424 800 1559 885 pulvere
1582 799 1732 885 plasmat.

805 905 931 970 Accola
954 904 1007 968 hio
1030 903 1135 968 factus
1159 902 1302 988 paradisi
1324 903 1476 989 primitus
1498 902 1616 967 Adam.

805 1008 947 1074 Nomina
970 1029 1066 1094 pone,
1089 1013 1193 1094 pater,
1217 1007 1342 1071 cunctis
1366 1007 1597 1086 animantibus,
1620 1005 1739 1070 Adam.

810 1111 911 1177 Costa
934 1112 995 1176 viri
1018 1119 1156 1177 matrem
1179 1117 1339 1197 pausante
1362 1111 1498 1196 protulit
1520 1109 1638 1176 Adam.

806 1214 871 1280 Hic
895 1214 1029 1280 seducta
1051 1215 1114 1279 fuit
1137 1215 1264 1292 mulier,
1289 1213 1443 1279 seductus
1469 1220 1502 1278 ct
1524 1213 1640 1278 Adam.

807 1318 890 1400 Has,
914 1318 1092 1398 cherubim,
1114 1325 1226 1403 portas
1249 1317 1388 1381 flammis
1411 1316 1551 1382 defende
1574 1317 1702 1381 beatas.

807 1421 913 1508 Perge
937 1422 1034 1501 foras,
1057 1420 1177 1502 Adam,
1201 1427 1235 1485 et
1257 1421 1367 1485 felicia
1391 1441 1492 1507 regna
1516 1420 1674 1506 relinque.

808 1524 911 1590 Terra
933 1525 994 1588 tibi
1017 1525 1156 1589 tribulos
1178 1546 1237 1610 pro
1259 1525 1394 1588 crimine
1417 1525 1590 1609 germinet,
1612 1523 1730 1588 Adam.

808 1629 909 1692 Livor
932 1627 1018 1692 edax
1040 1628 1149 1692 fratris
1173 1628 1225 1691 hic
1250 1629 1372 1692 iustum
1395 1628 1537 1714 perculit
1558 1627 1656 1695 Abel.

808 1731 873 1795 Hic
897 1731 969 1796 Noe
992 1729 1132 1795 dilectus
1155 1729 1287 1794 domino
1311 1731 1375 1794 sibi
1398 1730 1539 1794 fabricat
1561 1751 1679 1794 arcam.

810 1833 863 1898 En
885 1840 977 1899 natat
999 1834 1033 1898 in
1056 1833 1187 1919 liquidis
1210 1833 1323 1898 mundi
1346 1856 1420 1899 cum
1444 1835 1572 1899 civibus
1597 1854 1682 1899 arca.

808 1936 896 2003 Eece
920 1937 1070 2002 columba
1093 1937 1148 2022 pia
1171 1938 1260 2024 pacis
1284 1938 1345 2001 tibi
1367 1943 1477 2023 portat
1500 1938 1643 2014 olivam„

808 2042 896 2106 Alba
920 2042 1071 2106 columba
1093 2041 1179 2106 redit
1201 2061 1298 2105 corvo
1322 2049 1481 2126 pereunte
1505 2042 1640 2126 nigello.

811 2146 919 2230 Perge
942 2145 1040 2224 foras,
1064 2144 1145 2209 educ
1169 2151 1204 2209 ct
1226 2153 1342 2209 cuncta
1366 2145 1520 2209 animalia
1542 2151 1663 2210 tecum.

730 2271 753 2308 1⁵
810 2247 872 2314 Est
894 2256 989 2334 pater
1011 2248 1063 2312 hio
1085 2247 1210 2311 Abram
1234 2248 1373 2333 patriam
1396 2248 1559 2313 dimittere
1583 2249 1702 2312 iussus.

809 2353 875 2417 Hie
900 2351 997 2417 Sarra
1019 2352 1154 2416 latitans
1178 2353 1308 2416 casulae
1332 2359 1407 2439 post
1430 2353 1515 2416 ostia
1537 2352 1619 2416 risit.

1220 2763 1341 2829 CXVI.

812 2881 875 2946 Pro
899 2881 1020 2946 mundo
1044 2884 1187 2948 moriens
1210 2883 1263 2947 hio
1287 2883 1399 2947 mundi
1422 2884 1489 2947 vita
1511 2882 1668 2969 pependit
1678 2884 1698 2962 ¹,

897 2984 1015 3049 Abluit
1038 3006 1133 3051 omne
1157 2986 1254 3051 huius
1279 2987 1448 3070 sanguinis
1471 2985 1559 3050 unda
1580 2986 1683 3051 nefas.

812 3087 899 3153 Dum
923 3095 1023 3174 caput
1045 3089 1193 3169 inclines,
1217 3089 1372 3153 mundum
1397 3110 1496 3175 super
1518 3090 1618 3174 erigis
1641 3095 1739 3168 astra,

894 3190 938 3254 Et
960 3192 1077 3255 mirum
1101 3193 1229 3273 saeclis,
1252 3213 1339 3256 mors
1363 3198 1419 3256 tua
1442 3193 1508 3256 vita
1530 3191 1601 3257 fuit.

744 3317 756 3353 s
813 3293 928 3379 Agnus
952 3294 993 3358 ab
1017 3295 1111 3360 hoste
1136 3316 1239 3375 sacer,
1262 3297 1419 3381 populum
1443 3296 1498 3380 qui
1520 3315 1581 3380 per
1602 3315 1691 3359 mare
1715 3294 1818 3374 duxit,

893 3396 989 3461 Nunc
1012 3397 1129 3462 melius
1152 3397 1308 3463 mundum
1333 3400 1437 3462 salvat
1459 3399 1500 3463 ab
1523 3398 1619 3462 hoste
1643 3418 1747 3461 suum.

829 3501 964 3566 Aeneus
988 3523 1029 3566 en
1053 3523 1200 3588 serpens,
1224 3503 1337 3588 populi
1360 3503 1415 3587 qui
1438 3503 1575 3567 vulnera
1598 3507 1701 3580 sanat,

896 3602 990 3668 Nunc
1013 3610 1060 3684 tu,
1083 3611 1246 3690 peccator,
1270 3605 1381 3691 aspice
1404 3610 1514 3668 mente
1536 3603 1600 3689 pia.

1207 4011 1347 4079 oxvss.

816 4133 970 4198 Nascitur
992 4134 1135 4198 humana
1158 4135 1268 4200 celsus
1291 4133 1332 4198 de
1355 4154 1452 4199 carne
1477 4140 1616 4214 creator,

899 4237 946 4302 Ut
967 4237 1065 4303 homo
1088 4260 1149 4324 per
1170 4238 1335 4303 hominem
1359 4237 1495 4302 scandat
1517 4237 1557 4302 ad
1581 4243 1670 4302 astra
1692 4235 1800 4302 deum.

815 4339 904 4405 Ecce
928 4341 991 4421 lec,
1015 4341 1116 4406 Iudae
1140 4347 1236 4406 uatus
1258 4341 1299 4406 de
1323 4341 1470 4427 germine
1479 4341 1502 4422 ²,
1524 4340 1680 4405 mundum

898 4444 1045 4526 Liberat,
1068 4451 1102 4509 ct
1123 4446 1182 4510 leti
1205 4451 1336 4531 sceptra
1358 4443 1538 4530 triumphat
1561 4464 1673 4509 ovans.

747 4567 759 4604 a
815 4545 936 4613 Hostia
958 4571 1084 4614 summa
1106 4551 1208 4636 patris
1231 4550 1375 4636 pretioso
1400 4549 1558 4634 sanguine
1583 4546 1733 4612 Christus

895 4652 1122 4717 Permundans
1146 4654 1258 4718 orbem
1282 4674 1384 4738 regna
1408 4653 1468 4717 sub
1492 4653 1558 4716 alta
1582 4657 1686 4716 vocat.

519 4904 614 4974 [CXV]
650 4907 717 4960 barro
735 4909 924 4976 descriptionem
942 4911 1066 4977 decerpsit
1085 4911 1228 4962 macenias
1241 4931 1270 4978 p.
1286 4909 1339 4961 ‘225
1357 4928 1387 4961 ea·
1405 4912 1519 4976 longiore
1536 4911 1718 4976 epigrammate
1734 4912 1839 4960 CXClX
1857 4909 1975 4961 editionis
1994 4909 2101 4971 Querce-

447 4995 502 5044 tonc'
520 4992 560 5059 (p.
575 4991 662 5058 1723),
681 5011 737 5046 cunr
754 5012 801 5047 nec
818 5013 875 5047 mem
893 4997 1096 5049 succedentium
1115 4997 1206 5063 (supra
1219 5017 1248 5064 p.
1266 4994 1318 5048 283
1335 5015 1362 5047 n.
1380 4999 1471 5048 LXIV.
1490 4993 1526 5061 ΙΙ)
1543 5013 1589 5047 aec
1606 5013 1663 5046 oum
1681 4997 1886 5062 consequentibus
1904 4995 1996 5062 (snpra
2009 5015 2037 5061 p.
2051 4991 2102 5045 273

446 5099 472 5130 n.
492 5077 562 5144 LIX)
580 5081 691 5132 ventu-s
708 5082 800 5133 ibidem
817 5083 900 5134 ullane
912 5083 1004 5134 babeat
1018 5084 1205 5134 corrrreaionem.
1288 5083 1304 5134 9
1323 5083 1349 5134 id
1365 5081 1496 5144 iustuurQ
1565 5083 1674 5148 perculit
1690 5081 1807 5144 Adan
1890 5079 1922 5134 13
1940 5082 2016 5132 carbo
2035 5098 2101 5132 corn

446 5167 474 5217 in
492 5165 604 5227 coron
708 5165 740 5217 14
759 5175 785 5219 et
802 5169 867 5218 adua
884 5168 945 5230 etQ
1051 5167 1084 5218 lo
1102 5170 1200 5232 sarrit)

519 5249 623 5318 [CXVI]
660 5253 707 5304 boc
724 5270 828 5304 eornren
852 5254 881 5304 in
904 5254 1011 5306 editione
1032 5255 1183 5316 Quercetoni
1200 5256 1239 5322 (p.
1260 5253 1336 5319 1724)
1353 5257 1430 5319 finem
1447 5254 1518 5321 facit
1544 5254 1666 5303 coracinis
1687 5254 1741 5302 CCI
1763 5251 1852 5314 (Frob.
1872 5271 1898 5317 p.
1917 5249 1992 5317 230),
2019 5270 2037 5302 o
2054 5269 2103 5318 qao

447 5337 623 5404 seponendum
641 5337 704 5388 duxi
712 5356 720 5398 ,·
738 5341 771 5405 cs,
790 5357 871 5405 capra
885 5358 913 5405 p.
932 5337 984 5390 239
1001 5360 1027 5392 n.
1046 5344 1116 5406 XVI,
1134 5340 1186 5393 305
1203 5362 1228 5392 n.
1247 5342 1403 5393 LXXXVII.
1508 5338 1618 5406 derigit
1632 5339 1661 5404 Q,
1679 5339 1756 5405 erigis
1772 5339 1844 5388 Watt.

517 5420 634 5490 [cxvu]
670 5423 709 5474 cd.
732 5424 794 5490 Qp.
807 5421 874 5475 1683
892 5442 917 5475 n.
932 5426 1156 5491 XXIV-mn
1176 5436 1285 5490 caetero,
1303 5443 1368 5490 mooe
1386 5427 1431 5476 aab
1448 5425 1562 5475 causareris
1580 5425 1661 5492 XXV,
1679 5425 1898 5477 XXVII-XLVI
1920 5425 2038 5489 aedidit
2053 5424 2103 5490 epi·

449 5518 606 5576 grammato,
623 5509 663 5560 bio
681 5511 836 5575 omittantur,
855 5512 888 5573 of.
906 5529 988 5578 supra
1001 5531 1031 5578 p.
1050 5512 1108 5564 164.
1226 5514 1237 5579 ΙΙ
1257 5513 1274 5565 4
1291 5514 1364 5565 laetis
1376 5513 1405 5578 Q,
1423 5511 1535 5564 lothiFr

554 5680 579 5746 1)
600 5679 642 5747 Os.
663 5695 753 5748 supro
766 5696 797 5748 p.
815 5679 866 5734 345
884 5685 937 5735 nl
955 5699 977 5737 v.
997 5682 1021 5738 3.
1093 5685 1119 5752 2)
1137 5683 1222 5754 Acce.
1241 5683 1292 5748 bb.
