4666 6406
1054 429 1262 484 Tnnsnufnr'l
1281 431 1458 484 onustius.

807 603 882 670 Hoe
904 607 968 670 iter
989 604 1031 670 ad
1053 605 1181 670 eaelum
1203 603 1302 681 ducit,
1325 604 1427 668 trahit
1449 604 1528 669 mad
1552 605 1594 670 ad
1616 606 1760 684 umbras,

894 708 967 774 Hoe
991 709 1046 795 pia
1069 709 1135 772 vita
1157 717 1260 786 tenet,
1283 728 1371 771 mors
1393 707 1496 772 habet
1518 707 1600 772 illud
1621 707 1727 773 hians.

737 831 749 868 s
808 809 898 896 Ergo
921 821 1046 886 cavete,
1069 810 1141 888 viri,
1164 809 1333 873 scatebras
1355 811 1533 874 Acerontis
1556 809 1658 878 adire.

891 911 963 987 Quo
988 913 1073 992 Stix,
1097 911 1204 977 Coeiti
1226 933 1291 998 quo
1312 913 1404 977 furor
1426 915 1533 978 omnis
1556 916 1643 980 inest
1654 917 1676 978 ¹.

808 1019 864 1099 At,
887 1017 1049 1104 paradise,
1073 1017 1138 1080 tuis
1160 1017 1207 1080 nil
1229 1017 1355 1102 gratius
1377 1015 1518 1082 aedibus
1542 1027 1645 1098 extat,

894 1119 967 1194 Quo
990 1121 1077 1186 mala
1099 1121 1190 1184 nulls
1212 1121 1333 1202 insunt,
1356 1141 1421 1206 quo
1444 1119 1533 1185 bona
1556 1131 1674 1186 cuneta
1695 1133 1839 1187 manent.

806 1223 841 1288 Si
864 1224 945 1288 mihi
968 1225 1059 1288 mille
1082 1225 1190 1288 forent
1212 1231 1351 1288 centeno
1374 1224 1408 1287 in
1430 1225 1589 1309 gutture²
1609 1226 1753 1310 liuguae,

893 1329 1005 1392 Aeros
1028 1347 1094 1391 vox
1117 1327 1246 1391 eunetis
1266 1327 1374 1392 serres
1397 1327 1499 1391 verba
1521 1327 1625 1408 daret,

805 1429 879 1496 Non
902 1452 1035 1517 possem
1046 1431 1070 1508 ²,
1093 1431 1209 1510 fateor,
1232 1437 1282 1494 tot
1303 1451 1456 1515 promere
1479 1431 1570 1496 aedis
1592 1453 1750 1498 amoenae

892 1533 1032 1612 Gaudia,
1054 1555 1138 1620 quae
1162 1535 1296 1620 eupiunt
1317 1535 1373 1618 qui
1395 1535 1482 1600 bene
1505 1537 1578 1600 iura
1599 1543 1724 1602 tenent.

806 1637 872 1702 Sed
894 1659 1003 1723 neque
1025 1658 1206 1724 poenarum
1229 1657 1423 1723 percurrere
1446 1647 1593 1702 monstra
1615 1639 1777 1725 loquendo

891 1742 1028 1808 Possem
1036 1745 1061 1822 ⁴,
1083 1763 1168 1828 quae
1190 1743 1313 1828 patitur
1335 1741 1459 1806 fraudis
1482 1743 1589 1808 amica
1610 1744 1738 1808 cohors.

735 1867 747 1905 t,
807 1845 932 1912 Iudicio
956 1847 1073 1933 pietus,
1097 1847 1214 1933 pietati
1237 1845 1398 1910 industria
1420 1845 1526 1922 detur,

890 1949 964 2023 Quo
987 1957 1123 2014 teneant
1145 1949 1271 2014 nullum
1295 1970 1432 2014 munere
1456 1969 1556 2014 saeva
1578 1949 1696 2014 locum.

806 2052 880 2117 Hoe
904 2053 1026 2118 veteris
1049 2054 1169 2116 elamat
1191 2050 1415 2138 peragendum
1438 2053 1560 2138 pagina
1582 2053 1677 2139 legis,

887 2155 1018 2220 Nullius
1042 2156 1103 2220 hoe
1127 2165 1236 2220 vatum
1259 2156 1373 2240 lingna
1396 2156 1494 2220 beato
1516 2165 1614 2221 tonet.

806 2258 879 2324 Hoo
902 2259 1116 2344 euangelicos
1139 2259 1241 2323 lituus
1264 2281 1323 2344 per
1345 2259 1487 2344 compita
1511 2259 1623 2324 mundi

893 2361 1008 2448 Mugit,
1031 2363 1233 2449 apostolicus
1257 2362 1319 2426 boe
1342 2382 1472 2447 quoque
1496 2383 1605 2426 sermo
1628 2371 1731 2427 tonat.

804 2464 897 2531 Haeo
920 2466 1177 2553 patriarcharum
1202 2487 1255 2530 res
1277 2465 1369 2530 vexit
1391 2465 1432 2529 ad
1456 2463 1558 2530 ardua
1580 2487 1709 2545 nomeu,

887 2568 968 2635 Inde
991 2569 1225 2656 prophetarum
1249 2577 1361 2634 sancta
1385 2577 1517 2633 caterva
1539 2569 1627 2633 oluit.

804 2671 933 2757 Quique
958 2671 1076 2736 dueum
1099 2681 1157 2736 ant
1180 2693 1294 2757 regum
1323 2673 1385 2736 hoe
1418 2679 1566 2736 sanonum
1593 2671 1696 2736 limite
1719 2672 1835 2736 eallem
1868 2671 1886 2682 ⁸

889 2773 1050 2854 obtinuit,
1074 2775 1198 2861 potitur
1221 2775 1373 2839 omnibus
1397 2775 1453 2839 ille
1476 2774 1582 2840 bonis.

722 2901 746 2936 κ’,
806 2879 851 2943 At
873 2879 930 2964 qui
954 2899 1065 2944 erroro
1088 2878 1171 2943 duee
1195 2878 1350 2944 scabrosa
1371 2900 1432 2964 per
1453 2879 1528 2942 avie
1549 2877 1636 2943 neoti

889 2982 985 3048 Hane
1009 2983 1135 3068 liquere
1158 2983 1256 3062 viem,
1280 2983 1340 3047 hos
1363 2983 1450 3048 bone
1473 2991 1591 3047 cuneta
1613 2983 1721 3046 simul.

803 3087 954 3152 Numinis
980 3089 1141 3174 interpres
1165 3085 1298 3172 Moyses
1321 3087 1500 3151 fidissimus
1523 3087 1628 3151 almi‘

843 3213 845 3216 ·
885 3189 1067 3276 Conloquio
1091 3191 1210 3255 fruitur
1232 3191 1328 3278 plebe
1354 3197 1508 3276 stupente
1530 3189 1596 3255 dei.

805 3294 867 3360 Ille
890 3301 1007 3380 quater
1028 3294 1116 3358 binis
1139 3294 1268 3359 heremi
1291 3315 1350 3381 per
1372 3293 1468 3358 devia
1490 3293 1602 3357 lustris

721 3418 746 3454 πυ
888 3397 1035 3462 Divitem
1058 3418 1154 3482 opum
1179 3398 1335 3483 populum
1359 3397 1446 3462 rexit
1468 3396 1594 3460 honore
1619 3395 1683 3474 dei,

803 3499 941 3587 Semper
963 3523 1077 3566 amans
1101 3521 1250 3586 aequum,
1274 3523 1406 3587 semper
1427 3501 1498 3565 iera
1522 3499 1668 3586 praemia
1689 3507 1870 3585 tempnens‚

885 3603 1048 3691 Exemplo
1072 3613 1107 3671 et
1128 3607 1239 3671 verbis
1262 3626 1377 3671 norme
1400 3605 1518 3669 solutis
1542 3610 1624 3668 eret.

802 3707 961 3774 Maternis
985 3707 1141 3774 Samuhel
1165 3717 1260 3774 natus
1282 3709 1444 3793 votisque,
1467 3706 1607 3793 fideque,

884 3811 980 3876 Illius
1004 3820 1037 3878 et
1059 3812 1156 3892 dono,
1179 3813 1233 3898 qui
1255 3813 1343 3876 bone
1365 3819 1483 3876 ennete
1505 3817 1606 3888 erest,

719 3935 744 3971 ss
802 3911 948 3999 'l'empus
971 3915 1025 3998 qui
1049 3920 1125 3978 ente
1147 3913 1227 3978 lecit
1247 3935 1330 3999 quae
1350 3920 1498 3999 tempore
1517 3911 1649 3977 oondita
1664 3915 1833 3990 monstrat,

886 4015 947 4083 Cui
970 4017 1065 4082 simul
1090 4025 1142 4084 ost
1164 4040 1333 4104 praesens,
1357 4018 1442 4104 quod
1465 4018 1528 4082 luit
1550 4025 1585 4083 et
1608 4017 1693 4102 quod
1719 4017 1791 4092 erit,

801 4119 907 4185 Omne
930 4141 1036 4206 genus
1058 4120 1181 4186 frondis
1205 4123 1328 4206 sprevit
1350 4121 1438 4186 bone
1461 4128 1578 4186 cuneta
1601 4127 1745 4196 secutus,

883 4221 953 4289 Neo
976 4223 1082 4309 pretio
1105 4231 1157 4289 est
1181 4246 1271 4303 usus,
1294 4225 1369 4289 vilis
1392 4225 1506 4305 aselle,
1530 4227 1618 4289 tuo⁰.

802 4325 888 4401 Quid
912 4327 1051 4394 referem
1076 4348 1194 4393 resono
1217 4327 1440 4394 modulantem
1464 4327 1607 4393 carmine
1631 4347 1754 4412 regem,

718 4449 745 4489 so
890 4427 954 4504 Qui
976 4438 1046 4496 tote
1069 4431 1194 4497 studuit
1216 4439 1328 4498 mente
1351 4433 1482 4519 plaeere
1505 4431 1589 4497 deo?

801 4531 863 4598 Oui
886 4533 972 4600 bene
995 4541 1112 4599 ennete
1136 4536 1231 4600 simul
1255 4537 1427 4622 potentin
1450 4536 1547 4601 laude
1571 4535 1715 4600 tonantis

882 4637 958 4720 Ars,
982 4659 1068 4720 earo,
1092 4661 1195 4720 mons,
1220 4642 1390 4727 plectrum,
1413 4662 1488 4720 vox,
1512 4641 1592 4724 lyra,
1617 4637 1726 4718 eorde,
1750 4637 1892 4702 chorus?

805 4739 964 4807 Cantibus
989 4749 1023 4808 et
1044 4744 1148 4829 gestis
1172 4751 1205 4810 et
1227 4745 1306 4810 totis
1329 4746 1454 4810 nisibus
1478 4745 1542 4809 iste

883 4845 1009 4912 Probra
1032 4848 1179 4912 cavendo
1202 4855 1324 4926 monet,
1348 4849 1419 4914 iura
1440 4845 1583 4913 tenenda
1606 4845 1710 4911 docet.

548 4999 787 5008 ι-ι--ῌ--ῌ
925 5005 929 5012 .
949 5005 961 5012 ›-
981 5007 1031 5012 --...
1046 5009 1073 5014 ,,
1134 5007 1398 5014 -......—-————-—-·-—

535 5097 709 5156 dduoitrahit
721 5103 755 5156 M
840 5103 872 5158 13
892 5123 1011 5174 percurre
1024 5107 1056 5159 M
1141 5107 1175 5161 25
1193 5111 1281 5176 pernis
1293 5109 1326 5158 M
1400 5107 1435 5160 26
1448 5091 1550 5160 unt-hos
1563 5105 1694 5170 M,hocS
1770 5105 1894 5158 cuntai!
1971 5101 2004 5154 27
2023 5121 2092 5154 mors

432 5203 460 5237 en
472 5185 506 5236 M
607 5187 762 5244 nonense
863 5193 988 5262 300pum
1001 5213 1048 5248 om,
1061 5195 1092 5246 M
1203 5195 1238 5247 35
1250 5203 1373 5248 monstret
1386 5194 1454 5245 PM
1537 5192 1571 5245 37
1585 5195 1683 5261 spreuit
1694 5193 1791 5245 fraudis
1804 5192 1830 5242 P
1889 5189 2061 5258 sequutusM
2067 5189 2092 5240 L

431 5269 468 5322 38
486 5275 571 5340 precio
582 5274 608 5326 P
717 5275 752 5330 39
771 5280 946 5334 modulantem
960 5281 985 5332 1²
1086 5280 1121 5334 42
1139 5284 1233 5334 chorus
1250 5283 1386 5334 estirsetnrn
1403 5290 1440 5334 est
1457 5282 1485 5332 in
1498 5281 1524 5330 P
1624 5277 1659 5330 43
1677 5287 1704 5331 et
1721 5280 1770 5331 atis
1782 5279 1815 5328 H

537 5429 563 5496 1)
589 5429 637 5484 Or.
658 5435 751 5486 Amor.
771 5433 857 5500 Ῑ,7,2
880 5433 952 5488 Dum
976 5433 1051 5488 soror
1074 5433 1163 5488 omnis
1185 5433 1254 5488 abit.
1328 5433 1356 5500 2)
1376 5433 1454 5488 Pers.
1474 5432 1531 5487 Sat.
1558 5433 1611 5498 V,6
1629 5436 1746 5486 centeno
1763 5433 1887 5502 pitture.
1961 5432 1990 5500 3)
2011 5429 2091 5499 Vere.

432 5531 499 5584 Aen.
517 5531 561 5599 VI,
570 5531 709 5588 ono—6⁶27
728 5535 805 5600 Non,
823 5535 892 5590 mihi
911 5536 934 5590 si
953 5537 1068 5606 linguae
1087 5541 1198 5592 eentum
1217 5537 1274 5590 sint
1292 5553 1396 5605 oreque
1415 5539 1534 5600 eentum,
1551 5537 1555 5603 Ι
1570 5535 1670 5590 Ferrea
1687 5554 1749 5605 vox,
1768 5553 1863 5590 omnes
1881 5534 2013 5589 scelernm
2026 5551 2092 5588 con·

432 5632 565 5702 prendere
584 5633 693 5700 lorinus,
709 5637 713 5702 Ι
730 5637 831 5694 Omnin
849 5657 1001 5710 poenorum
1020 5657 1179 5710 percurrere
1197 5639 1312 5694 nomine
1330 5639 1566 5710 possinnflsorp.
1585 5641 1679 5706 JJ,43.
1732 5641 1760 5708 4)
1781 5641 1823 5708 tls.
1836 5657 1862 5694 n.
1876 5641 1900 5694 3.
1954 5643 1981 5708 ὁ)
2002 5639 2092 5695 Prnd.

433 5737 551 5791 (netues,
579 5739 683 5802 tunm
704 5741 811 5808 Moyses
830 5744 967 5797 trornendi
987 5744 1057 5796 fidus
1075 5743 1213 5814 interpres
1232 5744 1334 5798 throni.
1404 5747 1432 5814 6)
1453 5744 1495 5813 Cf.
1516 5745 1529 5796 1
1551 5746 1621 5816 neq.
1639 5746 1715 5804 920,
