4612 6414
372 1440 1005 1612 SMARAGDI
1061 1439 1745 1618 (ZMARAGDI)

323 1689 327 1696 ’
768 1685 1356 1854 CARMINA.

331 2086 406 2180 Dc
427 2113 493 2176 vita
520 2132 558 2176 ac
584 2112 722 2176 mori'hns
752 2113 922 2194 dislocandi
944 2113 1067 2178 obbatis
1088 2117 1195 2178 aiaton
1217 2114 1286 2192 illo,
1310 2114 1365 2194 qui
1387 2113 1508 2178 saeculo
1523 2113 1684 2178 icndecimo
1703 2113 1770 2194 scra
1791 2111 1890 2177 modio

235 2215 401 2280 chronicon
423 2215 605 2279 mutastcuii
626 2214 728 2279 suncti
746 2214 917 2280 Michaelis
931 2216 1037 2293 edidit,
1057 2237 1217 2297 pasnatico
1240 2221 1363 2300 tantum
1385 2217 1465 2281 scitu
1486 2215 1584 2298 diana
1596 2222 1892 2298 maestosuocuo

236 2319 303 2383 cius
325 2318 472 2384 laudibus
495 2317 644 2382 inanibus
665 2318 809 2382 ootielit1.
856 2317 1052 2400 Smaraodus
1073 2338 1153 2394 vcro,
1181 2319 1231 2382 oir
1253 2322 1282 2382 ct
1305 2319 1338 2381 in
1360 2318 1452 2382 relus
1472 2319 1573 2384 sacris
1594 2323 1623 2382 ct
1643 2320 1680 2382 ia
1700 2323 1768 2383 arte
1788 2338 1893 2402 yrum·
1986 2341 1987 2346 ¹

235 2423 351 2486 molitu
377 2419 599 2498 doctissimus²,
634 2425 698 2484 hot
730 2420 766 2482 in
799 2421 907 2485 Caroli
936 2419 1053 2501 Maoni
1080 2440 1174 2500 otiam
1204 2420 1239 2484 in
1262 2419 1442 2486 Htudowiei
1474 2413 1530 2485 Pii
1561 2421 1639 2486 aula
1664 2441 1796 2505 ntaynac
1823 2421 1893 2506 fuit

234 2524 444 2604 auctuitatis,
476 2522 524 2586 ita
545 2524 580 2585 ut
608 2541 694 2585 anuo
722 2525 784 2585 899
813 2523 902 2586 illius
937 2521 1061 2586 scanciae
1093 2523 1296 2587 tractatutuni
1335 2523 1372 2586 de
1397 2525 1593 2604 processione
1630 2525 1764 2606 spiritus
1790 2523 1892 2589 sancti

235 2627 446 2708 conponeret³
467 2628 586 2689 etcum
609 2625 718 2706 locatis
740 2625 807 2689 cius
828 2623 961 2690 Bouiani
983 2627 1098 2688 missus
1117 2625 1262 2706 colloquii
1284 2646 1352 2690 cuin
1374 2625 1477 2691 Leone
1499 2625 1571 2692 ΠΙ.
1588 2647 1680 2707 papa
1700 2627 1800 2692 hahiti
1821 2630 1892 2690 acto

236 2729 337 2795 litoris
358 2727 556 2808 mondarot4,
586 2727 667 2805 huic,
689 2747 758 2792 actu
778 2733 874 2808 Jsatre
896 2729 964 2792 oioo
986 2729 1196 2809 Aquitaniam
1218 2730 1349 2810 reuehat,
1371 2733 1450 2794 rootc
1474 2728 1596 2792 oioendi
1613 2733 1791 2811 masconta,
1813 2749 1892 2810 quae

241 2833 301 2898 Via
322 2832 409 2915 reaia
431 2830 645 2909 nominantur,
667 2830 823 2896 dedicaret
833 2835 853 2896 ⁵.
889 2831 1122 2896 Monastorium
1142 2833 1245 2895 suncti
1260 2831 1429 2896 Michaelis
1450 2831 1500 2914 (S.
1516 2830 1648 2914 Mihiol)
1669 2831 1837 2913 Marsupii
1857 2831 1893 2894 in

235 2939 336 3002 monte
351 2933 551 3002 Castellionis
565 2935 658 2998 situca
681 2934 721 2997 ab
743 2954 785 3012 co,
808 2935 864 3015 ocii
885 2957 916 3002 a.
929 2955 953 2999 o.
967 2938 1029 3000 895
1053 2935 1088 2998 id
1099 2934 1337 3016 cubernandum
1351 2937 1535 3016 susceperat,
1557 2933 1601 2998 od
1621 2933 1749 3000 Mosam
1761 2934 1891 3014 lluoium

233 3043 361 3121 prado
381 3038 530 3101 maioron
552 3037 611 3100 loci
632 3037 874 3101 cuitiiuditatcin
897 3038 983 3120 (anto
1004 3057 1125 3102 annum
1140 3040 1216 3120 824)
1235 3037 1428 3102 translatu-iu
1449 3041 1503 3115 cst,
1525 3037 1576 3101 cui
1590 3038 1825 3116 inensunitutem,
1841 3038 1893 3102 ius

236 3139 530 3222 literae-cleotinus
550 3139 677 3220 aliaque
697 3140 864 3223 pricilooia
886 3163 908 3204 a
930 3139 1117 3206 Hludoioico
1144 3141 1330 3230 iiiiqioratoro
1357 3139 1568 3221 ionpctrooitss.
1611 3139 1787 3223 Smauaodo
1808 3159 1894 3204 anno

237 3267 260 3312 c.
274 3246 445 3334 8267-830
458 3240 520 3307 IV.
530 3241 608 3306 Kal.
621 3240 699 3304 Nou.
710 3242 853 3321 (defuncto
859 3244 980 3322 posteri
993 3243 1075 3308 lcicnc
1087 3243 1212 3307 titulum
1219 3247 1393 3324 posuerunt
1406 3241 1565 3329 (Cleonis.
1578 3241 1613 3308 S.
1624 3240 1792 3307 Michaolis
1799 3263 1830 3323 p.
1842 3243 1875 3327 9)
1884 3262 1894 3304 :

785 3411 1073 3481 EPITAPHIUM
1098 3412 1344 3478 SMARAGDI.

599 3530 682 3597 (lum
703 3532 776 3618 pius
800 3533 929 3619 imperii
951 3532 1139 3599 Ludovious
1162 3534 1234 3598 iura
1255 3540 1393 3616 teneret,

687 3635 887 3722 Smaragdus
909 3637 1014 3721 viguit
1036 3637 1131 3702 istius
1155 3637 1242 3703 abba
1263 3638 1338 3702 loci.

600 3737 665 3812 Qui
688 3741 781 3805 locus
803 3741 955 3806 humanis
979 3740 1066 3825 quod
1089 3747 1161 3805 erat
1183 3742 1290 3805 minus
1305 3740 1427 3812 ,usibus
1450 3747 1557 3826 aptus,

683 3843 782 3909 Haud
805 3845 918 3930 procul
942 3844 1018 3908 hino
1042 3842 1154 3910 sedem
1176 3844 1345 3909 transtulit
1367 3843 1422 3908 ille
1446 3863 1549 3908 susm.

535 3969 546 4005 s
601 3945 684 4011 (lum
708 3953 818 4013 tamen
839 3947 881 4012 ad
904 3969 1042 4034 regnum
1064 3948 1184 4012 meruit
1206 3947 1350 4012 caeleste
1373 3946 1492 4028 vocari,

685 4049 843 4116 Reddidit
865 4051 999 4137 antiquo
1023 4049 1169 4116 membra
1191 4049 1333 4114 fovenda
1356 4049 1439 4116 loco.

599 4152 736 4240 Scorpio
760 4155 825 4219 iam
846 4154 1020 4221 Phoebum
1042 4153 1195 4220 duodena
1217 4160 1309 4240 parte
1332 4152 1512 4239 premebat,

688 4256 805 4322 Sidera
828 4257 982 4343 theologo
1006 4280 1079 4324 cum
1102 4265 1238 4345 potuero
1260 4257 1341 4323 uiro.

349 4393 427 4461 (lum
447 4414 486 4459 eo
507 4393 679 4478 Souraodi
693 4395 837 4476 oporibus
850 4414 905 4460 nec
922 4394 984 4460 Via
995 4397 1082 4477 reyia
1097 4415 1153 4462 noo
1169 4395 1327 4461 Diadcma
1347 4395 1593 4475 monachorum',
1607 4391 1744 4474 podostoi
1758 4411 1897 4458 saonono

238 4498 413 4580 conposita,
441 4498 485 4562 ad
499 4498 696 4580 propositum
717 4501 859 4563 nostrum
874 4499 1070 4578 pertineant,
1100 4499 1138 4563 de
1159 4499 1267 4564 colens
1288 4503 1411 4563 mutum
1438 4497 1488 4562 hic
1510 4495 1707 4578 soluendum
1728 4499 1790 4578 cst,
1818 4515 1898 4578 quac

239 4601 411 4665 illisorum
432 4599 525 4666 donis
547 4620 611 4666 non
628 4617 763 4682 prorsus
783 4604 901 4665 carent.

347 4702 457 4768 Ανιεηι
483 4701 606 4769 Donati
635 4703 672 4767 do
699 4705 763 4768 octo
787 4701 937 4783 partibus
965 4703 1119 4767 orationis
1147 4704 1251 4784 amplo
1279 4703 1497 4769 comaceuhirio
1523 4701 1719 4784 Smoruodus
1746 4702 1897 4784 esposuit,

238 4806 328 4871 cuius
349 4806 485 4890 sindulis
495 4806 643 4888 tantulis
659 4805 765 4871 Bootii
784 4805 958 4886 exemplum
972 4807 1094 4870 sucus
1100 4806 1315 4886 praefdionis
1336 4808 1399 4873 loco
1421 4825 1528 4872 uersus
1539 4805 1672 4883 addidit,
1695 4824 1756 4886 quo
1768 4805 1899 4886 facilius

343 5066 368 5132 1)
388 5064 542 5120 chronicon
560 5065 590 5120 8.
602 5063 749 5119 Michaelis
768 5063 808 5117 ed.
827 5063 911 5118 thoos
928 5063 1091 5130 (Hammone
1104 5064 1182 5133 1857)
1196 5081 1227 5134 p.
1239 5065 1334 5120 8-10.
1412 5065 1440 5132 2)
1462 5062 1505 5133 Os.
1517 5065 1551 5119 de
1567 5064 1672 5119 meritis
1690 5063 1750 5119 cius
1763 5063 1900 5119 Hauriou

240 5169 439 5239 (Sincularitts
466 5167 564 5224 histor.
593 5185 620 5238 ρ.
646 5167 798 5236 iou-128)
827 5170 852 5222 et
882 5167 971 5224 Eteri
998 5166 1109 5236 (desei.
1138 5168 1187 5222 der
1211 5169 1356 5224 Literatur
1382 5167 1430 5222 dea
1457 5167 1633 5224 Mittoloiters
1659 5167 1709 5238 11,
1735 5167 1899 5233 108-112).

239 5274 266 5342 3)
286 5271 382 5327 Monoi
408 5271 474 5328 Call.
497 5273 591 5326 concil.
611 5271 696 5339 XIV,
715 5272 760 5326 23:
780 5271 912 5342 Epistola
932 5270 1025 5326 Caroli
1048 5270 1089 5324 M.
1108 5271 1287 5340 iusuperatoris
1311 5270 1350 5324 od
1371 5269 1490 5324 Leonem
1507 5269 1565 5323 ΙΙΙ
1583 5285 1690 5341 papam
1713 5267 1818 5323 directa
1839 5273 1864 5322 ct
1882 5285 1901 5322 a

242 5374 403 5446 Zmaraodo
421 5373 520 5429 obtato
537 5374 620 5430 edito.
690 5376 718 5444 4)
740 5375 783 5444 Cf.
796 5373 935 5430 Simondi
955 5373 1080 5429 Caruilio
1099 5373 1209 5430 Galliae
1227 5373 1431 5441 11,256-260.
1502 5375 1529 5440 5)
1550 5373 1738 5441 Dotempore,
1757 5387 1811 5442 quo
1828 5370 1901 5426 hunc

240 5478 342 5532 librum
360 5475 455 5542 edidit,
472 5477 509 5544 cf.
528 5475 617 5531 Eteri
634 5477 651 5531 l.
670 5479 687 5532 l.
701 5494 733 5548 p.
747 5477 808 5532 110.
878 5478 906 5547 6)
927 5476 970 5545 Of.
982 5476 1073 5531 sict-ct
1084 5479 1157 5530 Acta
1175 5475 1320 5531 Ludotoici
1336 5475 1401 5546 iatp.
1419 5477 1462 5544 85,
1473 5477 1516 5543 90,
1528 5475 1570 5542 99,
1582 5473 1641 5541 209,
1653 5473 1713 5542 275,
1729 5491 1756 5543 ρ.
1769 5475 1901 5540 231,338.

242 5583 268 5650 l)
288 5582 333 5636 Do
352 5580 546 5647 siniilitudiae,
569 5596 640 5650 quoe
663 5581 735 5636 inter
752 5583 825 5636 liuns
848 5582 947 5636 librum
965 5586 990 5633 ct
1015 5580 1091 5634 Viam
1113 5581 1217 5650 reyiaoi
1234 5579 1379 5637 intercedit
1397 5597 1415 5632 a
1434 5578 1597 5633 Mobitloaio
1615 5578 1709 5646 (Anat.
1727 5581 1777 5632 oet.
1791 5555 1902 5648 ostiti)

239 5686 295 5742 iam
313 5686 473 5753 observato,
494 5683 532 5756 of.
550 5683 640 5739 Eteri
658 5684 674 5738 l.
693 5685 710 5738 l.
725 5702 755 5754 p.
776 5685 833 5738 109.
