4574 6442
592 429 818 483 EPITAPHIUM
837 430 1004 484 GEROLDI.
1040 430 1178 484 VERSUS
1197 432 1243 484 DE
1261 431 1444 485 GAUTONE.

990 705 1050 770 XI.

558 844 736 909 Auctorem
760 844 843 907 tanti
867 844 978 928 cupies
1003 844 1031 906 si
1054 865 1152 906 nosse
1177 842 1317 918 decoris,

644 946 716 1021 Quo
739 948 862 1033 pulcre,
885 947 999 1024 lector,
1024 945 1105 1010 haee
1129 946 1213 1010 uitet
1235 947 1312 1010 auls
1334 947 1404 1010 dei:

557 1052 655 1116 Abba
677 1052 751 1137 pius
775 1051 883 1114 Gauio
906 1049 1045 1134 insignis
1069 1050 1234 1134 levitaque
1258 1049 1381 1114 Christi

640 1157 714 1220 Huc
737 1177 819 1241 opus
844 1175 938 1218 omne
964 1154 1015 1218 sui
1037 1155 1142 1238 gessit
1163 1174 1275 1219 emere
1298 1154 1362 1221 dei.
1388 1232 1390 1240 Α

491 1281 502 1314 s
562 1259 681 1324 Omnia
703 1257 823 1342 quippe
846 1277 969 1319 novans
993 1255 1076 1319 hanc
1100 1262 1228 1341 partem
1252 1258 1372 1321 struxit
1394 1258 1435 1321 ab
1458 1257 1533 1334 imo,

642 1361 733 1432 Quae
752 1359 848 1424 modo
874 1359 1075 1445 splendidius
1098 1365 1167 1424 arte
1192 1359 1330 1425 decente
1354 1361 1463 1424 micat.

559 1465 693 1529 Vertice
718 1463 838 1527 siderio
861 1462 986 1548 prefert
1007 1463 1135 1547 pictura
1157 1463 1288 1547 figures,

643 1567 688 1631 Et
710 1572 870 1630 monstret
893 1564 1015 1629 Christi
1040 1565 1183 1650 effigiem
1206 1564 1338 1630 domini.

559 1670 724 1734 Historias
748 1667 876 1733 medius
900 1690 1010 1732 sacres
1033 1668 1228 1754 puleresque
1253 1670 1415 1734 fenestrae

479 1799 501 1835 10
647 1775 735 1840 Ordo
758 1775 844 1859 gerit
865 1781 994 1859 petrum
1016 1774 1272 1859 pontificumque
1295 1775 1404 1839 decus.

557 1879 692 1942 Infimus
716 1883 767 1940 est
789 1876 926 1952 loculus,
949 1875 1052 1939 veluti
1074 1874 1115 1939 de
1139 1897 1301 1941 marmure
1326 1884 1486 1962 comptus,

641 1979 684 2042 Et
706 1979 806 2042 decus
829 1985 862 2041 et
886 1978 1053 2063 specimen
1077 1979 1214 2043 eontulit
1237 1980 1418 2064 egregium.

557 2085 670 2168 Teque
693 2105 753 2168 per
774 2081 922 2145 obtestor
945 2080 1111 2145 Christum
1133 2103 1211 2146 mox
1235 2083 1383 2168 supplies
1406 2083 1504 2146 eorde

643 2186 818 2265 ‘Geutoni',
841 2186 955 2260 lector,
979 2183 1042 2264 dic,
1066 2185 1232 2250 ‘miserere
1256 2184 1360 2250 deus'.

480 2313 502 2348 rs
565 2290 691 2374 Tuque,
714 2287 867 2367 verende,
891 2308 1016 2372 precor,
1041 2286 1195 2369 Gentem,
1219 2288 1304 2353 Fero
1329 2288 1491 2368 sacerdos,

644 2393 783 2478 Templa
805 2397 920 2477 parato
944 2392 1030 2475 polo,
1055 2392 1110 2476 qui
1133 2391 1222 2456 dedit
1245 2393 1309 2457 iste
1332 2393 1412 2456 solo.

301 2571 501 2578 —..—.-.-—--
512 2569 669 2576 ..-—-

265 2688 320 2756 [xl]
355 2707 386 2740 er
404 2689 459 2739 ced.
478 2687 563 2738 Paris.
584 2685 705 2750 13160s.
724 2684 765 2736 75¹
872 2685 884 2735 l
904 2685 943 2735 hie
961 2701 1048 2736 verriu
1065 2704 1083 2735 a
1100 2687 1207 2752 liparen
1224 2705 1255 2738 es
1268 2696 1346 2752 purte
1363 2687 1460 2737 delens
1476 2696 1512 2738 est
1616 2684 1774 2752 itigursG
