4988 6434
978 439 1145 494 Clauum
1164 439 1284 495 Duum.

586 633 610 669 u
668 610 780 676 Portic
805 612 847 676 sit
870 612 930 676 tibi
953 634 1025 677 cum
1049 614 1135 678 iusto
1161 613 1314 679 Simeouc
1340 615 1478 680 beatc¹t

666 715 872 781 Teudulfus²
894 717 1005 781 rutilat
1028 718 1109 783 mire
1134 716 1174 781 de
1198 726 1269 783 arte
1293 720 1429 784 Iuveuci

666 819 775 904 Atque
798 819 1033 905 Angelpcrtus,
1056 820 1157 885 divini
1179 823 1276 887 ambe
1300 831 1429 910 poetae,

668 921 757 996 Quos
779 922 917 987 Flaccus
940 923 1046 988 Varro
1071 924 1224 988 Lucanus
1246 925 1401 1010 Nasoque
1424 927 1602 1002 honoraut;

667 1025 712 1088 At
734 1046 842 1109 genua
865 1027 1009 1106 flectant,
1032 1027 1104 1112 regi
1125 1029 1348 1114 perstringere
1372 1031 1511 1117 plantas,

587 1151 612 1187 re
672 1128 717 1192 Ut
740 1149 865 1193 memor
888 1130 957 1215 ipse
981 1131 1055 1210 mei,
1080 1132 1135 1216 qui
1159 1139 1272 1196 saneta
1295 1134 1384 1198 fasee
1409 1136 1551 1202 nitescit.

607 1233 610 1242 ’
666 1233 720 1297 llle
744 1234 852 1318 tetigit
875 1233 1013 1298 Carulus
1037 1233 1187 1300 dominus
1211 1235 1250 1300 de
1280 1237 1415 1324 cuspide
1439 1239 1574 1324 pinnae:

756 1336 877 1402 Errorc
901 1339 1067 1403 confectus
1092 1339 1226 1425 scriptio
1249 1347 1362 1405 nostra
1384 1339 1456 1405 fuit.

1076 1699 1179 1764 XLV.

902 1825 1078 1899 ALIUS
1113 1824 1356 1898 VERSUS.

644 1955 814 2032 iCrederc
839 1959 866 2022 si
890 1960 1004 2040 velles,
1029 1959 1132 2023 cecini
1156 1959 1196 2024 de
1220 1961 1314 2024 leuce
1339 1960 1491 2024 libellos

664 2062 869 2126 Psalmorum
893 2084 1045 2128 numeros
1069 2064 1164 2149 inpar
1186 2064 1366 2150 neviesque
1391 2063 1544 2143 decenos,

667 2165 811 2238 Quorum
835 2166 938 2230 virtus
963 2174 1043 2247 crat,
1066 2173 1227 2231 nocturna
1249 2167 1345 2232 fauce
1370 2167 1538 2232 canebam.

666 2269 825 2335 Noctibus
849 2292 886 2333 ae
911 2268 1028 2334 diebus
1051 2291 1110 2355 pro
1133 2277 1166 2334 te
1190 2271 1322 2355 pulsare
1346 2277 1514 2335 tonantem

595 2393 606 2428 a
666 2369 816 2436 Carmine
839 2370 1002 2450 Davitico,
1025 2369 1158 2435 fuerunt
1181 2393 1255 2436 mea
1279 2372 1403 2436 lumina
1426 2393 1542 2438 somne

664 2473 815 2539 Flectere
839 2474 924 2538 colla
947 2473 1020 2552 dcc,
1044 2475 1170 2559 palmas
1193 2481 1348 2560 utrasque
1371 2477 1493 2556 levare,

664 2575 710 2639 Ut
732 2577 829 2641 buius
852 2578 907 2663 pia
930 2578 1036 2662 gratia
1059 2598 1117 2642 vcs
1142 2599 1206 2642 ucu
1230 2579 1362 2645 deserat
1385 2601 1547 2664 umquam.

666 2680 735 2744 Vos
758 2689 850 2766 regat
873 2682 1089 2767 omnipotens,
1114 2682 1203 2746 selus
1229 2684 1284 2768 qui
1307 2683 1446 2769 imperat
1469 2683 1598 2757 orbem;

664 2782 881 2869 Prosperitas,
905 2785 987 2865 laus,
1011 2785 1182 2849 sinceritas
1206 2785 1276 2867 tibi,
1301 2792 1424 2866 sancte,
1447 2807 1645 2872 perennem

665 2884 836 2952 Adventus
861 2893 971 2952 vester
993 2887 1138 2973 depellat
1160 2889 1268 2953 tristia
1291 2888 1400 2953 corda.

1065 3246 1188 3312 XLVI.

692 3369 835 3443 ITEM
867 3371 1096 3446 VERSUS
1129 3373 1187 3445 ΙΝ
1217 3371 1567 3446 TRIBUNALI.

666 3501 855 3567 Multicolor
877 3505 964 3587 quali
989 3505 1099 3590 specie
1122 3527 1182 3590 per
1203 3503 1316 3568 nubila
1337 3503 1435 3588 fulgit

664 3604 738 3686 Iris,
761 3606 905 3670 caerulei
929 3628 1001 3670 cum
1025 3608 1160 3692 cingunt
1182 3605 1318 3670 aethera
1340 3606 1453 3684 nimbi,

665 3708 728 3772 Vel
752 3709 891 3794 primum
914 3708 1022 3774 radios
1050 3731 1124 3774 cum
1147 3709 1245 3773 Titan
1270 3709 1395 3795 spargit
1417 3711 1450 3773 in
1474 3709 1598 3792 orbem,

665 3810 763 3875 Haud
785 3813 850 3876 alio
874 3813 991 3877 mirum
1013 3814 1087 3878 nitit
1109 3813 1171 3878 hcc
1193 3813 1321 3898 fulgore
1346 3814 1499 3895 tribunal,

666 3915 704 3978 In
728 3935 791 3999 quo
814 3915 971 3980 terribilis
994 3918 1103 3981 vultus
1127 3916 1324 3980 deminantis
1349 3923 1469 3982 etune

668 4017 861 4083 Sanctorum
884 4019 1011 4105 efligies
1035 4021 1171 4107 pulchre
1195 4021 1256 4084 sub
1280 4021 1444 4106 enigmate
1468 4027 1615 4086 vernant.

922 4217 1332 4224 *ψ*-

1058 4398 1197 4462 XLVII.

672 4523 786 4597 ITEM
813 4524 862 4596 lN
889 4523 1110 4598 BASILICA
1137 4522 1356 4597 SANCTAE
1383 4519 1582 4596 MARIAE.

664 4654 692 4719 O
715 4677 780 4720 una
802 4663 878 4721 autc
903 4678 1016 4721 omues
1039 4656 1120 4720 felix
1143 4656 1364 4742 pulcherrima
1387 4655 1491 4740 virgo,

664 4759 756 4833 Quae
780 4760 906 4845 lapsum
930 4767 1020 4823 casto
1044 4760 1205 4845 reparasti
1227 4760 1355 4824 viscere
1381 4757 1548 4838 muudum,

662 4863 767 4928 Posce
790 4863 888 4927 deum
910 4870 1087 4947 natumque
1110 4864 1175 4948 piis
1199 4884 1296 4948 quem
1320 4862 1471 4926 contines
1495 4861 1593 4941 ulnis,

665 4966 777 5031 Salvet
798 4974 834 5030 ut
855 4967 940 5031 hanc
963 4967 1096 5053 proprie
1119 4968 1302 5052 quaesitam
1325 4965 1486 5051 sanguiue
1511 4965 1653 5051 plebem.

406 5224 438 5274 18
456 5227 534 5277 flacco
552 5245 618 5278 cerr.
637 5229 731 5278 llaccus
749 5226 775 5276 B
878 5224 913 5276 20
930 5228 1030 5277 nitiscst
1047 5227 1072 5276 B

371 5308 457 5375 [XLV]
494 5315 568 5364 Alius
586 5331 678 5364 uersus
695 5313 720 5362 B
734 5332 761 5378 p.
774 5311 826 5364 222
931 5311 1039 5365 luellis
1056 5313 1082 5363 Β
1185 5311 1246 5363 bin
1265 5330 1295 5363 aa
1313 5313 1338 5362 B
1407 5330 1493 5363 reram
1511 5321 1646 5378 cerr-uptun

371 5395 472 5461 [XLVI]
507 5401 745 5452 llam—tribuunli
763 5400 823 5466 Ls.
842 5397 884 5458 37,
906 5401 970 5466 cp.
990 5397 1093 5450 12-13
1196 5396 1214 5449 4
1231 5401 1282 5450 alic
1300 5417 1348 5450 om.
1370 5401 1393 5450 (i
1501 5397 1642 5466 lipulchrc
1663 5401 1686 5448 t}

370 5479 486 5550 [XLVII]
522 5487 731 5538 Item-mariae
750 5486 773 5536 t
785 5489 810 5553 s.
829 5484 879 5547 3'l‘,
900 5487 921 5538 S
933 5505 962 5552 p.
980 5484 1032 5537 466
1137 5485 1155 5537 3
1172 5486 1288 5538 contenis
1310 5485 1332 5537 S
1432 5483 1690 5538 tarnatense

405 5637 431 5705 1)
458 5637 526 5692 Luc.
551 5639 619 5702 ⁶2:25.
697 5640 725 5706 2)
752 5639 962 5693 Aurelianensis
990 5639 1150 5708 episcopus,
1179 5639 1228 5708 qui
1248 5639 1320 5693 inter
1344 5643 1485 5706 auctores,
1512 5655 1582 5708 quos
1605 5639 1694 5710 legere
1715 5638 1834 5703 solebat,
1859 5638 1956 5691 lterum

295 5747 405 5804 ursoque
423 5740 579 5795 »bauionem
596 5741 667 5808 facit
686 5742 769 5811 (Opp.
789 5741 829 5795 ed.
850 5741 980 5796 Siramnd
994 5759 1025 5811 p.
1044 5743 1121 5810 202):
1161 5743 1196 5796 ut
1215 5742 1393 5804 Fortunatus,
1413 5745 1500 5809 tuque
1519 5741 1638 5796 Iuvenca
1658 5745 1766 5796 tonans.
