4694 6428
1155 398 1304 454 ALCUINI
1322 399 1498 454 CARMINA.

873 595 914 638 nr.
985 573 1144 638 Crescere
1156 572 1317 658 Pippinus
1340 571 1417 635 dum
1431 570 1558 636 viderat
1574 571 1714 655 inclytus
1730 573 1843 632 auctor

916 677 1100 741 Ecclesiam
1125 675 1258 755 Christi,
1281 674 1359 739 fidei
1382 681 1415 740 et
1437 675 1625 740 venerabile
1648 673 1778 752 donum,

916 779 1134 865 Congandcna
1158 779 1294 842 nimium
1318 779 1377 842 tali
1399 777 1531 842 doctore
1555 778 1680 856 salutis,

914 884 964 947 Ac
986 884 1105 948 melius
1129 889 1228 954 ratus,
1253 883 1353 946 cicius
1378 904 1413 947 se
1436 883 1565 947 mittere
1588 881 1726 946 Romam

848 1010 859 1044 a
918 986 1135 1072 Praecipuum
1159 984 1236 1049 fidoi
1259 1007 1466 1072 praeconem,
1489 993 1650 1072 quatenus
1671 985 1762 1051 illum

915 1089 1034 1153 Pastor
1057 1088 1259 1173 apostolicus
1282 1089 1426 1153 firmaret
1448 1089 1481 1153 iu
1503 1088 1616 1154 ordine
1639 1090 1753 1175 primo,

915 1195 1016 1259 Esset
1038 1202 1076 1258 ut
1098 1195 1259 1259 ecclesiae
1282 1194 1414 1278 praesul
1438 1213 1647 1276 summusque
1677 1190 1839 1256 sacerdos.

872 1320 912 1364 iv.
978 1298 1181 1362 Pontificalis
1205 1318 1301 1382 apex,
1324 1295 1415 1360 Petri
1438 1295 1649 1379 dignissimus
1672 1295 1780 1370 heres,

918 1401 1060 1464 Sanctus
1083 1401 1296 1486 apostolicam
1318 1400 1425 1464 tenuit
1447 1406 1523 1463 tunc
1541 1398 1700 1482 Sergius¹
1722 1399 1839 1464 aulam.

915 1503 979 1567 Vir
999 1504 1106 1568 bonus
1130 1512 1163 1568 et
1186 1503 1340 1589 prudens,
1364 1503 1446 1566 nulli
1468 1503 1591 1588 pietate
1615 1501 1814 1580 sccundus²,

815 1649 818 1652 -
916 1609 1005 1673 Ante
1028 1607 1115 1672 diem
1138 1615 1286 1692 quartam
1309 1606 1397 1670 laeta
1419 1613 1470 1671 est
1493 1607 1545 1670 cui
1568 1607 1649 1670 visio
1672 1613 1778 1676 nocte,

849 1737 861 1770 a
919 1711 1024 1784 Quam
1047 1711 1096 1774 vir
1118 1711 1264 1775 venisset
1287 1709 1425 1773 Romam
1454 1709 1642 1794 praeclarus
1671 1708 1712 1772 ad
1741 1709 1841 1774 illum.

917 1814 1067 1899 Angelus
1091 1837 1109 1878 e
1134 1815 1227 1878 caelo
1251 1814 1386 1877 veniens
1409 1812 1619 1899 praedixerat
1641 1813 1704 1876 illi:

919 1917 1016 1982 ‘Ecce
1041 1916 1104 1981 deo
1129 1938 1222 1980 carus
1246 1923 1400 2002 properat
1421 1916 1505 1980 hanc
1520 1917 1642 2001 hospes
1659 1916 1700 1980 ad
1715 1915 1842 1996 urbem,

919 2021 950 2084 A
973 2019 1056 2084 duce
1079 2018 1279 2083 Francorum
1302 2020 1421 2084 missua
1446 2018 1507 2082 sub
1530 2040 1664 2083 munere
1688 2020 1790 2102 largo.

919 2123 1017 2187 Hunc
1040 2129 1077 2186 tu
1097 2130 1208 2187 mente
1230 2123 1286 2208 pia
1308 2124 1416 2186 saltim
1439 2130 1578 2187 tractare
1602 2131 1777 2200 memento,

839 2251 862 2285 ro
920 2226 964 2291 Et
986 2247 1064 2290 mox
1086 2226 1275 2312 pontificem
1299 2247 1425 2290 summo
1449 2226 1594 2290 sacrabis
1617 2225 1750 2302 honore,

918 2330 950 2393 A
972 2336 1005 2393 te
1029 2349 1112 2413 quae
1135 2329 1261 2414 cupiet,
1291 2329 1399 2414 capiat
1422 2350 1549 2413 quoque
1572 2328 1657 2392 dona
1680 2328 1843 2394 sacerdos.

917 2431 987 2496 Iste
1011 2430 1073 2495 deo
1098 2431 1201 2494 sociat
1224 2432 1418 2515 populorum
1441 2432 1531 2495 milia
1553 2433 1676 2496 multa'.

920 2535 1070 2619 Angelus
1093 2534 1145 2598 hia
1169 2532 1264 2598 dictis
1289 2534 1372 2598 caeli
1395 2536 1554 2600 remcavit
1575 2534 1616 2599 ad
1639 2536 1757 2600 aulam.

888 2660 918 2702 v.
984 2637 1110 2701 Annuit
1132 2638 1290 2722 angelicis
1313 2638 1444 2702 monitis
1468 2658 1545 2702 mox
1566 2660 1651 2724 papa
1673 2637 1800 2716 beatus,

920 2741 1031 2826 Atque
1055 2739 1108 2805 dei
1131 2740 1288 2804 famulum
1312 2741 1464 2804 tractarit
1487 2749 1596 2805 mente
1618 2741 1778 2825 benigna:

918 2845 965 2908 Ut
987 2844 1094 2908 fuerat
1117 2844 1236 2922 iussus,
1261 2845 1471 2925 conpleverat
1493 2845 1602 2907 omnia
1624 2850 1803 2930 prumptus,

919 2947 1177 3030 Pontificemquc
1201 2947 1293 3010 illum
1316 2966 1435 3031 magno
1460 2947 1599 3010 sacrarit
1621 2946 1755 3026 honore,

852 3075 863 3106 a
921 3048 1062 3113 Nomine
1087 3048 1290 3113 Clementem
1314 3051 1420 3134 patrio
1444 3050 1604 3134 iussitque
1628 3049 1769 3120 vocari³,

920 3151 964 3215 nt
986 3172 1210 3236 quaecumque
1234 3153 1317 3236 petit
1341 3161 1472 3216 sanctus
1496 3152 1569 3228 sibi,
1592 3150 1724 3216 tradidit
1745 3151 1803 3231 illi,

920 3254 1067 3318 Plurima
1090 3261 1276 3318 sanctornm
1298 3264 1470 3340 praestans
1495 3255 1527 3318 ei
1550 3253 1636 3318 dona
1658 3255 1795 3339 piorum.

878 3377 920 3420 vr.
986 3354 1049 3419 His
1073 3355 1154 3419 actis
1177 3354 1300 3419 domiui
1323 3355 1463 3420 famulus
1486 3355 1644 3419 remeavit
1666 3354 1708 3418 ad
1731 3354 1844 3418 orbem

919 3459 1131 3538 Francorum,
1154 3459 1292 3523 veniens
1314 3459 1461 3523 firmatus
1484 3479 1619 3522 munere
1644 3479 1780 3536 summo,

919 3561 963 3625 Et
985 3567 1073 3624 totus
1097 3561 1244 3646 gaudens
1267 3563 1408 3647 populus
1432 3569 1508 3625 tunc
1531 3561 1651 3646 accipit
1673 3561 1775 3640 illum,

920 3665 1072 3728 Flumina
1094 3665 1272 3729 mellifluae
1296 3665 1432 3750 cupiens
1455 3664 1584 3728 haurire
1608 3664 1738 3728 salutis:

853 3793 864 3828 a
924 3767 1017 3841 Quae
1040 3774 1134 3853 pater
1156 3769 1310 3853 egregius
1334 3769 1459 3832 eunctis
1483 3766 1677 3852 inpenderat
1698 3767 1793 3845 ultro,

920 3870 1008 3935 Rore
1031 3871 1142 3956 rigans
1166 3892 1286 3956 supero
1309 3877 1501 3934 cunctomm
1523 3875 1658 3955 pectora
1680 3868 1813 3946 Christi,

920 3972 964 4036 Et
987 3993 1192 4058 quocumque
1215 3973 1288 4059 pius
1311 3972 1468 4037 veniebat
1489 3973 1573 4036 forte
1597 3970 1760 4038 sacerdos.

921 4075 1114 4140 Auxiliante
1139 4075 1200 4141 deo
1223 4076 1347 4140 fructus
1371 4076 1526 4162 carpebat
1549 4095 1715 4154 amoenos,

921 4178 1113 4243 Catholicae
1136 4178 1213 4243 fidei
1236 4178 1340 4243 donec
1362 4180 1558 4263 impleverat
1580 4176 1679 4240 urbes

837 4303 860 4339 ιο
920 4279 1099 4363 Agnitionc
1122 4279 1186 4360 dei,
1209 4281 1315 4358 villas,
1339 4286 1436 4364 atque
1461 4279 1590 4365 oppida,
1613 4299 1698 4342 rura.

864 4404 918 4448 vn.
983 4382 1055 4448 Nec
1077 4383 1130 4446 his
1154 4389 1327 4448 contentus
1350 4382 1551 4447 Francorum
1574 4381 1703 4461 finibus,
1726 4382 1811 4444 ultra

917 4485 1080 4571 Spargere
1105 4486 1164 4550 sed
1187 4493 1351 4572 temptans
1375 4485 1477 4550 divini
1502 4485 1626 4549 semina
1649 4484 1751 4549 verbi.

618 4745 629 4808 ΙΙ
643 4743 687 4812 [111]
704 4745 722 4797 3
737 4747 833 4797 doctori
848 4747 872 4796 U
980 4745 992 4808 ll
1005 4744 1049 4811 [tvl
1065 4745 1082 4797 8
1099 4748 1263 4798 franchorum
1279 4747 1301 4796 G
1405 4743 1459 4797 9ta
1477 4745 1503 4795 U
1603 4742 1637 4793 10
1648 4745 1751 4794 sacratis
1766 4744 1789 4794 U
1902 4742 1914 4806 ΙΙ
1927 4739 1961 4807 [ι’]
1983 4741 2000 4792 2
2018 4745 2061 4794 dei
2079 4763 2133 4796 οιιι.
2147 4748 2173 4797 G

501 4829 664 4896 3promptus
676 4833 699 4881 G
713 4831 739 4881 U
802 4829 820 4881 4
839 4833 908 4897 pium
918 4849 1011 4896 magno
1026 4831 1052 4880 U
1116 4829 1133 4881 5
1151 4834 1231 4898 patria
1253 4833 1276 4882 G
1327 4830 1452 4896 patiuitG
1504 4830 1634 4896 preutatai
1646 4829 1850 4895 gratanterdoua
1864 4827 1889 4877 U
1978 4827 1989 4890 ll
2003 4825 2049 4893 [vr]
2065 4827 2172 4882 arran-

500 4917 642 4965 chcrumfi'
744 4913 762 4965 4
779 4917 941 4968 mellifluas}
1034 4916 1051 4967 5
1069 4935 1134 4983 quae
1153 4920 1223 4984 prius
1238 4917 1264 4966 U
1359 4915 1376 4966 8
1393 4917 1509 4982 capiebat
1531 4915 1557 4964 U
1651 4912 1738 4965 9-10
1759 4913 1842 4964 onaU
1936 4909 1953 4962 9
1972 4913 2131 4966 Katholicae
2148 4917 2177 4968 U

501 4997 686 5063 ll[vn]1llee
704 5003 744 5052 his
766 5001 789 5051 G
858 5004 1022 5054 franchorum
1043 5004 1066 5054 G
1085 5003 1202 5068 (pratalia)
1308 5001 1467 5068 aspergere
1490 5003 1513 5052 U

604 5153 631 5218 1)
658 5152 688 5216 I,
718 5151 874 5206 aar-701.
978 5155 1006 5218 ⁴2)
1034 5153 1119 5208 Riese
1146 5156 1229 5208 Auta.
1257 5155 1304 5208 lat.
1328 5156 1352 5216 1,
1375 5153 1404 5216 I,
1427 5154 1445 5205 2
1472 5152 1522 5206 Vir
1545 5169 1663 5221 magnus
1686 5152 1768 5216 hello,
1792 5151 1863 5204 nulli
1886 5151 1992 5220 pictate
2015 5152 2172 5208 secundus.

500 5254 528 5318 3)
553 5254 596 5320 (Is.
615 5255 799 5324 Mortyrolop.
817 5255 920 5308 codicia
938 5255 1030 5309 Paria.
1056 5257 1138 5309 10837
1163 5258 1269 5324 (Neara
1289 5257 1371 5310 Aret.
1391 5257 1440 5320 II,
1459 5256 1536 5323 aaa:
1562 5256 1601 5309 XI
1625 5256 1686 5309 Kal.
1704 5256 1767 5309 Dec.
1787 5252 1932 5309 Ordinatio
1954 5251 2051 5306 domni
2075 5259 2173 5312 nostri

501 5354 663 5418 Clementis;
688 5356 727 5408 ad
749 5371 835 5427 uturp.
855 5356 998 5410 addantur
1016 5357 1087 5411 inter
1111 5359 1153 5411 VI
1168 5365 1194 5412 et
1212 5359 1236 5411 V
1252 5358 1296 5411 Id.
1316 5359 1404 5412 Noa.-
1431 5358 1464 5410 ln
1482 5357 1594 5411 nonrine
1612 5357 1719 5411 domini
1737 5355 2071 5411 ClemcnaWillibrordus
2090 5375 2174 5416 anno

501 5456 700 5510 sexcentesimo
717 5458 897 5526 nonagesimo
921 5460 956 5511 ab
984 5459 1176 5514 incarnatione
1198 5461 1302 5516 Christi
1325 5460 1457 5515 veniebat
1479 5461 1555 5514 ultra
1577 5478 1653 5514 mare
1676 5460 1705 5513 in
1726 5458 1856 5522 Francia,
1880 5460 1908 5512 et
1930 5457 1959 5511 in
1985 5457 2031 5511 dei
2049 5461 2174 5518 nomine

500 5573 574 5610 anno
601 5560 798 5615 sexcentesimo
824 5560 1005 5629 nonagesimo
1032 5562 1132 5628 quinto
1159 5564 1194 5616 ab
1222 5564 1416 5617 incarnatione
1443 5563 1549 5617 domini
1573 5562 1701 5634 quamvis
1725 5560 1858 5630 indignus
1881 5559 1935 5616 fuit
1957 5559 2109 5620 ordinatus
2138 5566 2172 5629 in

501 5659 606 5714 Romae
625 5660 769 5730 episeopus
787 5665 822 5718 ab
843 5662 996 5733 apostolico
1016 5663 1075 5718 viro
1094 5666 1195 5720 domno
1215 5665 1311 5734 Sergio
1330 5683 1404 5738 papa
1417 5672 1465 5724 etc.
