4628 6428
674 403 952 463 INSCRIPTIONES
971 403 1146 464 Locorum
1165 404 1368 464 SACRORUM.

673 639 674 644 ,
1011 603 1032 646 x

560 683 629 749 Ara
649 684 757 750 dicata
778 685 838 750 tibi
861 686 960 751 micat
982 687 1073 768 haec,
1095 685 1239 772 baptista
1261 685 1441 752 Iohannes:

559 788 728 855 Laudibus
755 789 839 854 hane
866 789 974 875 dignis
1003 810 1133 876 semper
1160 809 1285 854 memor
1314 796 1385 854 esto
1408 787 1588 854 colendam.

559 890 623 964 Qui
646 891 813 957 dominum
836 894 938 958 sacris
961 893 1112 957 meruisti
1135 893 1262 978 tingere
1285 892 1318 956 in
1340 891 1447 974 undis,

560 994 589 1058 Ο
612 995 704 1078 felix,
727 995 879 1081 precibus
902 1001 1032 1060 nostras
1056 995 1108 1059 hio
1131 995 1229 1060 ablue
1253 996 1376 1081 culpas.

1003 1229 1036 1274 nr

560 1311 634 1376 Hoc
656 1310 797 1376 defende
820 1311 885 1375 tuis
907 1310 1071 1397 precibus,
1095 1310 1247 1390 Martiae,
1269 1313 1436 1394 sacellum,

562 1413 691 1495 Sancte,
714 1415 788 1501 piis,
812 1414 908 1478 simul
931 1421 965 1479 et
986 1420 1115 1479 nostras
1139 1413 1274 1500 dignare
1297 1423 1431 1500 rogatus

559 1516 738 1598 Exaudite,
760 1523 865 1604 pater,
887 1518 995 1582 varios
1018 1538 1056 1582 ac
1080 1516 1226 1604 deprime
1248 1518 1365 1583 fluetus

560 1619 687 1694 Cordis,
710 1627 747 1685 ut
768 1627 936 1685 aeternam
959 1621 1127 1685 valeamus
1151 1641 1287 1706 carpere
1311 1622 1422 1687 vitam.

998 1856 1040 1899 xu

558 1937 652 2000 Haec
675 1942 811 2002 aeterna
832 1937 932 2001 micat
954 1936 1123 2023 Stephano
1145 1943 1383 2023 protomartyre
1406 1959 1536 2024 magno,

559 2037 623 2112 Qui
644 2041 773 2105 veniam
795 2041 940 2126 indignis
963 2041 1060 2105 venia
1081 2040 1302 2126 lapidantibus
1324 2041 1416 2105 illum

558 2143 735 2229 Deposcit;
764 2144 888 2210 Christi
910 2165 1004 2209 sacra
1025 2151 1077 2209 est
1099 2145 1252 2229 exempla
1275 2151 1417 2212 secutus.

559 2247 704 2313 Adiuvat
727 2269 804 2315 ecce
829 2249 897 2314 suis
920 2248 1074 2336 precibus
1097 2249 1171 2334 plus
1195 2256 1318 2334 martyr
1339 2249 1471 2314 amicos.

992 2484 1045 2530 xm

558 2567 677 2632 Petrus
700 2568 882 2655 apostolico
906 2575 1080 2633 conservet
1102 2569 1233 2634 nomine
1258 2591 1397 2656 semper,

641 2669 836 2734 Praeclarus
859 2670 1012 2756 princeps
1036 2677 1124 2735 tecta
1146 2677 1273 2736 sacrata
1295 2671 1369 2737 sibi.

559 2771 624 2846 Qui
647 2773 774 2838 clavem
798 2774 883 2839 caeli
905 2773 1056 2839 manibus
1079 2774 1231 2860 deportat
1252 2775 1401 2842 honestis

642 2876 847 2943 Clementem
870 2878 966 2942 nobis
990 2877 1113 2964 pandat
1132 2877 1174 2942 ad
1197 2885 1286 2943 astra
1308 2879 1403 2944 viam.

996 3115 1049 3158 XlV

558 3202 654 3268 Hanc
678 3209 772 3289 regat
795 3205 1002 3289 omnipotens
1026 3205 1168 3269 Michael
1192 3206 1409 3292 archangelus
1432 3229 1532 3291 aram,

641 3306 707 3371 Per
729 3327 826 3390 quem
848 3308 953 3373 vietus
977 3316 1047 3373 erat
1069 3308 1213 3394 perfidus
1237 3310 1292 3374 ills
1315 3309 1425 3392 draco,

557 3408 601 3474 Et
624 3412 738 3496 procul
761 3412 886 3476 eiectus
910 3413 1000 3477 celso
1023 3411 1064 3477 de
1086 3413 1228 3478 culmine
1251 3415 1346 3494 caeli,

639 3511 704 3586 Qui
728 3515 859 3602 culpare
883 3516 973 3601 eupit
995 3537 1127 3601 semper
1150 3517 1183 3580 in
1206 3538 1261 3582 ore
1284 3518 1368 3604 pios.

559 3618 709 3704 Iungitur
730 3618 807 3683 huic
830 3617 966 3683 Gabriel
989 3619 1098 3684 socius
1120 3620 1318 3686 venerabilis
1341 3642 1428 3704 arae,

640 3722 705 3796 Qui
726 3723 847 3788 virtute
870 3723 924 3808 pia
946 3723 1053 3808 fulget
1075 3723 1108 3788 in
1131 3745 1206 3789 arce
1229 3726 1307 3811 poli.

559 3824 661 3891 Cuius
684 3826 725 3890 ab
749 3847 805 3891 ore
825 3846 918 3890 sacro
940 3825 1054 3890 mundi
1077 3848 1236 3911 generare
1259 3828 1398 3894 salutem

638 3928 765 3993 Didicit
786 3936 954 3993 aeternam
977 3929 1072 4014 virgo
1095 3930 1200 3994 Maria
1222 3930 1329 3998 deum.

555 4030 699 4096 Additur
719 4031 771 4096 his
793 4031 953 4119 Raphael‚
977 4034 1089 4098 oculos
1112 4033 1168 4119 qui
1191 4033 1275 4100 forte
1300 4033 1424 4100 Tobiae

641 4134 786 4216 Sanavit,
809 4142 921 4200 natum
944 4136 1039 4202 duxit
1061 4144 1095 4202 et
1116 4137 1173 4202 ille
1198 4158 1303 4206 suum.

555 4239 627 4304 Hos
651 4245 718 4304 tres
741 4239 795 4304 hic
818 4241 972 4326 precibus
997 4241 1117 4305 nostris
1140 4240 1271 4307 adstare
1294 4263 1476 4328 precamur,

635 4343 760 4409 Audiat
782 4349 819 4408 ut
841 4344 982 4409 famulos
1005 4345 1156 4412 Christus
1179 4346 1220 4411 ab
1245 4367 1320 4412 arce
1345 4367 1432 4412 suos.

1001 4579 1044 4623 XV

554 4671 651 4736 Hanc
672 4671 818 4757 baptista
840 4676 957 4757 potens
981 4671 1106 4737 meritis
1129 4671 1290 4737 tutabitur
1311 4693 1412 4752 aram,

638 4772 703 4847 Qui
727 4772 893 4839 dominum
917 4774 1082 4841 Christum
1104 4776 1203 4840 tinxit
1226 4777 1260 4840 in
1283 4797 1377 4842 amne
1402 4797 1504 4841 sacro.

555 4879 619 4944 Hic
643 4880 769 4945 electus
792 4883 864 4944 erat
885 4880 1000 4944 matris
1024 4879 1065 4945 de
1088 4887 1203 4946 ventre
1226 4881 1370 4946 tonantis

637 4982 714 5048 Vox
736 4983 830 5048 verbi
853 4989 887 5048 et
909 4990 1042 5049 nostrae
1064 5004 1185 5069 praeco
1208 4985 1324 5049 salutis
1347 4991 1428 5050 erat.

487 5106 499 5142 ⁶
556 5084 621 5150 Hic
643 5085 706 5151 fuit
728 5086 883 5171 egregius
907 5085 1031 5151 Christi
1053 5087 1297 5174 paranymphus
1320 5088 1353 5151 in
1376 5087 1466 5166 orbe,

554 5289 622 5356 Iste
646 5291 702 5357 dei
725 5291 838 5379 digitis
862 5314 982 5379 agnum
1004 5294 1198 5358 monstravit
1220 5293 1349 5376 adesse,

639 5395 808 5482 Sanguine
831 5396 887 5482 qui
908 5396 1022 5462 mundi
1045 5397 1181 5462 crimina
1202 5403 1320 5462 cuncta
1341 5397 1427 5464 tulit.

269 5627 280 5692 ΙΙ
293 5624 347 5693 [ιιι]
367 5625 381 5678 l
394 5629 465 5677 Haec
477 5625 568 5676 domus
580 5635 683 5678 aeterna
695 5625 725 5690 Q,
743 5627 834 5677 domus
848 5643 896 5676 nnc.
905 5624 934 5676 F
1006 5623 1134 5676 2vauiam
1143 5626 1210 5677 iuter
1219 5626 1321 5677 veniam
1333 5625 1363 5690 Q,
1380 5643 1448 5676 corn
1460 5625 1489 5676 F
1566 5625 1577 5692 ΙΙ
1594 5623 1661 5694 [xlv]
1681 5627 1694 5677 l
1708 5625 1847 5694 angelusQ

187 5711 198 5782 ll
216 5711 270 5782 [xv]
290 5712 305 5764 1
323 5712 465 5775 cubiturd
569 5711 587 5764 6
599 5723 759 5779 pernam
770 5713 839 5766 dccet
943 5710 960 5764 8
978 5713 1063 5764 vmido
1081 5711 1122 5762 bic
1139 5712 1217 5778 epipr.
1236 5713 1294 5763 CIV
1316 5711 1468 5775 Quaem
1484 5711 1554 5778 qood
1570 5712 1645 5778 infre
1662 5712 1793 5779 repento.

1573 5804 1628 5860 40·
