4936 6406
771 383 817 438 DE
835 380 979 438 FRUCTU
998 379 1178 436 CENTENO.
1214 380 1261 434 DE
1278 379 1506 437 HYPOGRITIS.

676 558 783 622 Fluxa
806 557 937 622 camilla
959 563 1072 643 caput,
1099 560 1244 620 mentem
1266 555 1350 640 tegit
1372 559 1443 620 atra
1464 557 1624 637 voluntas,

758 661 888 746 Aspera
908 661 985 725 lana
1006 665 1112 741 artus,
1134 661 1237 726 vestis
1261 660 1358 725 ovina
1377 660 1502 747 lupum.

678 763 824 829 Ohlaeua
846 763 970 850 duplex
991 762 1071 828 foris
1094 770 1161 845 est,
1191 764 1279 829 intus
1301 763 1492 850 praecordia
1514 762 1647 851 duplex,

765 867 992 955 Simplicitatis
1014 868 1120 932 honos
1144 871 1195 932 est
1217 867 1259 932 ab
1281 872 1420 953 utroque
1442 870 1568 955 procul.

594 992 619 1031 ss
677 970 817 1036 Follicat
839 972 948 1057 ampla
970 971 1089 1055 quibus
1112 971 1257 1055 turgenti
1280 970 1383 1037 calcia
1405 992 1524 1058 panno,

759 1073 942 1159 Velocique
963 1073 1043 1161 pedi
1064 1074 1139 1139 vilis
1162 1075 1250 1139 inest
1271 1074 1387 1160 caliga.

675 1177 757 1242 Pars
772 1197 900 1263 quoque
914 1178 1010 1243 laeva
1024 1178 1115 1243 vehit
1130 1177 1280 1260 cultrum,
1296 1178 1525 1264 geminamque
1537 1177 1705 1261 tabellam,

763 1279 807 1344 ut
828 1280 914 1346 bene
937 1287 1072 1366 tegmen
1095 1282 1126 1347 ei
1149 1287 1183 1347 et
1204 1280 1362 1369 graphius
1385 1302 1461 1347 esse
1485 1283 1579 1347 solet.

677 1385 788 1450 Pallor
810 1390 844 1450 et
867 1405 924 1450 cra
946 1391 1038 1451 tenet
1049 1385 1071 1466 ¹,
1100 1386 1240 1472 suspiria
1260 1392 1376 1472 pectus
1399 1385 1529 1468 anhela,

595 1512 621 1549 ,ιι
764 1488 809 1553 Et
830 1489 920 1554 tenui
943 1489 1052 1553 sonitu
1075 1510 1140 1554 vox
1162 1487 1370 1574 gemebunda
1393 1496 1499 1556 sonat.

678 1594 755 1659 Vox
777 1592 985 1680 gemebunda
1007 1601 1103 1658 sonat
1124 1592 1205 1658 daus
1229 1593 1305 1659 ficta
1327 1601 1361 1659 et
1383 1594 1490 1660 dulcia
1512 1595 1624 1676 verba,

760 1696 849 1762 Pura
870 1703 908 1762 ut
929 1695 1028 1762 corda
1049 1698 1218 1762 hominum
1239 1704 1315 1785 post
1337 1719 1397 1763 sua
1419 1705 1495 1764 vota
1517 1699 1656 1765 trahant.

677 1803 813 1868 Plorare
836 1807 872 1866 ut
893 1806 1076 1885 nequeant,
1100 1801 1235 1887 cupiunt
1257 1802 1405 1887 plorasse
1427 1800 1543 1879 videri,

763 1904 887 1970 Fallaci
909 1904 1049 1968 incultas
1072 1903 1176 1969 imbre
1199 1904 1328 1989 rigante
1351 1926 1464 1990 genas.

596 2034 621 2072 ss
678 2009 837 2076 Nituntur
857 2010 934 2074 iusti
956 2009 1125 2094 sanctique
1148 2009 1258 2095 piique
1281 2006 1396 2090 videri,

761 2112 884 2178 Laudis
906 2118 944 2177 ut
965 2112 1128 2176 humanae
1151 2113 1257 2197 gloria
1279 2112 1384 2199 possit
1405 2114 1480 2181 emi.

678 2218 752 2283 Hoc
774 2217 890 2283 habitu
912 2218 1038 2281 vultum
1060 2216 1194 2303 pietatis
1216 2216 1305 2281 velat
1326 2217 1445 2302 imago,

762 2321 843 2387 Plus
866 2321 956 2386 cerni
977 2321 1013 2385 hi
1036 2321 1152 2400 sancti,
1175 2341 1273 2406 quam
1295 2324 1405 2384 tamen
1428 2340 1502 2387 esse
1524 2322 1648 2386 volunt.

678 2425 779 2491 Plura
800 2445 862 2490 nec
891 2425 954 2489 hoc
976 2424 1145 2488 homiuum
1167 2445 1271 2508 genus
1294 2424 1342 2488 ira
1365 2445 1426 2510 per
1448 2424 1569 2512 oppida
1590 2424 1707 2505 nescit,

599 2553 625 2591 ιο
768 2530 927 2596 Lustrare
950 2536 1008 2593 aut
1029 2534 1139 2593 cessat
1161 2523 1314 2613 compita,
1338 2549 1424 2608 rura,
1446 2549 1553 2595 casas.

679 2634 753 2700 Hoc
776 2634 845 2720 agit
867 2639 904 2698 ut
925 2632 1049 2718 rapidis
1071 2638 1171 2718 queat
1191 2630 1345 2697 infercire
1368 2632 1531 2697 crumenis

763 2738 874 2825 Turpe
896 2737 1033 2818 lucrum,
1057 2745 1091 2802 et
1115 2735 1251 2824 cupidos
1275 2757 1383 2802 rerum
1413 2757 1550 2803 onerare
1574 2736 1693 2804 sinus².

679 2841 726 2907 Hi
750 2843 838 2907 bona
859 2840 1020 2906 iactanter
1041 2847 1214 2928 peragunt,
1237 2841 1325 2905 mala
1347 2841 1450 2906 multa
1471 2841 1624 2921 latenter,

762 2944 832 3010 Ista
853 2950 968 3032 patent
990 2945 1159 3009 hominum
1179 2944 1317 3025 visibus,
1339 2944 1398 3008 illa
1420 2942 1485 3009 dci.

599 3069 624 3108 ss
682 3047 828 3135 Dignum
850 3069 932 3135 opus
955 3049 1106 3113 humanis
1130 3049 1278 3133 quisquis
1301 3068 1360 3134 pro
1382 3047 1536 3114 laudibus
1559 3048 1636 3134 egit,

764 3150 953 3217 Mercedem
976 3152 1104 3238 recipit,
1127 3151 1202 3232 heu,
1225 3151 1327 3216 miser
1349 3152 1405 3217 ille
1428 3173 1531 3217 suam.

681 3253 786 3319 Verbi
809 3255 994 3340 euangelici
1016 3255 1116 3319 lituus
1139 3255 1186 3318 sic
1208 3255 1337 3319 intonat
1358 3255 1504 3340 ingens³,

764 3354 809 3422 Et
829 3356 914 3424 bene
937 3379 997 3444 per
1020 3358 1132 3422 mundi
1155 3358 1299 3444 compita
1321 3359 1425 3443 mugit
1448 3380 1566 3424 ovans:

683 3456 788 3533 ‘Quod
810 3470 868 3529 tua
889 3462 1006 3528 dextra
1027 3461 1123 3547 gerit,
1147 3460 1247 3526 tacito
1271 3463 1401 3528 nescire
1424 3461 1602 3542 sinistram,

600 3591 626 3628 so
771 3568 863 3633 Time
887 3567 949 3632 erit
971 3570 1143 3652 acceptum
1167 3564 1254 3650 quod
1275 3566 1364 3650 geris
1388 3587 1484 3632 omne
1507 3565 1592 3632 de0.’

684 3671 819 3739 Scilicet
840 3676 877 3736 ut
900 3668 1007 3735 laudis
1029 3669 1192 3735 humanae
1214 3670 1328 3734 nescia
1350 3689 1443 3734 mens
1467 3670 1519 3750 sit,

763 3775 847 3841 (lum
869 3774 1021 3840 dextrum
1044 3774 1174 3860 peragit
1195 3774 1337 3859 inclytus
1360 3794 1442 3839 usus
1464 3794 1558 3860 opus.

683 3881 749 3946 Per
769 3881 897 3946 laevam
919 3898 1088 3965 praesens,
1111 3898 1171 3964 per
1192 3876 1342 3943 dextram
1365 3876 1433 3941 vita
1454 3876 1566 3941 futura

768 3983 933 4070 Signatus,
957 3982 1055 4048 docet
1076 3983 1139 4048 hoe
1162 3983 1283 4069 pagina
1306 3988 1420 4048 sancta
1441 3980 1508 4047 dei.

602 4113 627 4151 ss
685 4088 836 4174 Namque
861 4087 1010 4174 sophista
1031 4093 1148 4174 potens
1172 4085 1315 4172 quidam,
1337 4106 1399 4152 rex
1420 4085 1574 4172 inclytus,
1598 4084 1676 4149 olim

767 4191 903 4257 Talibus
926 4213 946 4258 e
968 4190 1069 4258 rebus
1091 4190 1173 4256 talia
1194 4190 1297 4256 verba
1319 4189 1445 4256 dedite

685 4295 778 4362 ‘Eius
801 4295 901 4380 longa
922 4294 994 4360 dies
1017 4301 1069 4360 est
1091 4293 1209 4360 dextra
1230 4294 1264 4358 iu
1286 4299 1381 4381 parte
1403 4293 1521 4374 locata,

765 4401 871 4487 Inque
894 4401 966 4466 eius
988 4400 1084 4464 laeva
1105 4399 1220 4485 gloria,
1244 4399 1384 4480 culmen,
1406 4401 1510 4487 opes',

686 4506 781 4572 Illius
805 4511 897 4572 extat
919 4506 998 4570 item
1020 4511 1132 4570 nostre
1155 4505 1217 4569 sub
1240 4504 1363 4570 vertice
1385 4504 1491 4585 laeva,

603 4635 629 4672 so
773 4608 818 4674 Et
839 4608 932 4674 dabit
954 4609 1127 4696 amplexus
1150 4607 1289 4674 dextera
1311 4615 1425 4674 sancta
1447 4609 1531 4696 pios,

641 4746 645 4756 ·
685 4713 752 4780 Dat
775 4713 929 4799 quoniam
950 4713 985 4776 in
1007 4713 1103 4778 laeva
1125 4712 1310 4798 praesentis
1334 4711 1505 4778 commoda
1525 4713 1623 4792 vitae,

770 4818 959 4904 Perpetuae
982 4816 1016 4880 in
1038 4815 1157 4882 dextra
1179 4837 1240 4882 seu
1262 4817 1333 4882 sine
1355 4816 1420 4882 fine
1443 4823 1547 4903 parat.

686 4921 771 4987 Nam
793 4920 857 4991 duo
881 4918 1034 5006 discipuli
1056 4920 1186 4984 laevam
1207 4919 1424 5005 dextramque
1447 4925 1562 4986 tenere

766 5024 841 5090 Hoc
864 5024 997 5110 signant
1019 5022 1144 5088 domini
1168 5024 1224 5110 qui
1247 5022 1423 5090 residendo
1446 5025 1570 5090 volunt.

421 5323 454 5375 21
473 5325 575 5376 camilla
593 5323 622 5388 S,
639 5324 738 5391 apella
756 5324 834 5376 waic.
855 5322 968 5388 caspius
986 5321 1115 5386 (Odoacar.
1134 5322 1199 5374 mcd
1220 5330 1243 5374 et
1261 5322 1309 5389 inf.
1328 5323 1373 5372 lat.
1390 5322 1429 5373 cd,
1448 5321 1581 5374 Hauctel
1597 5324 1631 5386 11,
1640 5317 1686 5385 65)

424 5494 450 5562 l)
473 5491 607 5548 urucae.
628 5492 725 5564 Psyct.
747 5492 799 5546 702
820 5493 911 5562 pallor
932 5491 962 5546 in
980 5508 1034 5546 ore.
1104 5491 1133 5560 2)
1151 5491 1286 5546 Pnsdcnt.
1305 5492 1405 5562 Psycls.
1422 5491 1562 5548 458-460
1579 5507 1630 5547 nec
1653 5491 1757 5548 sufficit
1777 5492 1885 5563 amplos
1904 5492 1909 5562 Ι
1929 5490 1975 5545 Ιιι-

320 5597 439 5669 plavissa
457 5597 542 5660 sinus,
560 5596 641 5652 iuvat
657 5596 786 5652 infarcire
797 5597 929 5652 cruminis
944 5598 950 5664 1
965 5596 1059 5667 Turpe
1077 5597 1192 5650 lucrum.
1251 5595 1279 5664 3)
1297 5594 1399 5650 Marcu.
1416 5595 1595 5660 eccleciae
1608 5595 1723 5651 sinistra
1735 5599 1793 5662 tua,
1806 5595 1876 5666 quid
1887 5593 1976 5650 faciat

320 5702 435 5757 dextera
452 5703 509 5755 tua.
573 5702 601 5768 4)
620 5699 706 5754 Prae.
722 5699 792 5764 3,16
810 5699 969 5772 Longitudo
987 5699 1096 5755 dierum
1113 5699 1144 5754 in
1162 5698 1277 5755 dextera
1295 5700 1362 5764 eius,
1381 5702 1410 5754 ct
1427 5699 1458 5754 in
1475 5699 1589 5756 sinistra
1605 5699 1682 5756 illius
1700 5697 1819 5755 divitiae
1836 5701 1866 5756 at
1876 5697 1975 5770 gloria

388 5798 828 5852 Ponsrmnnnrncmormu
1734 5792 1770 5848 60
