4936 6406
843 433 892 486 AD
911 431 1090 486 KAROLUM
1108 431 1384 487 IMPERATOREM.

654 603 788 669 Invidus
810 604 897 669 hunc
920 626 1056 691 serpens
1079 605 1229 670 fortassis
1253 607 1388 672 vulnere
1412 627 1511 671 saevo

652 918 808 984 Armillas
832 920 948 1004 grandi
970 941 1173 1005 gemmarum
1199 921 1344 1008 pondere
1369 927 1402 986 et
1425 922 1506 1003 auri,

554 1041 598 1089 (ss)
657 1021 802 1088 Offertur
825 1025 956 1111 sonipes
980 1025 1051 1088 auri
1074 1025 1134 1088 sub
1159 1025 1302 1109 tegmine
1325 1025 1465 1109 fulgens.

653 1125 716 1190 His
740 1149 822 1212 puer
845 1149 887 1193 ex
910 1126 1003 1192 donis
1028 1126 1151 1191 domini
1174 1127 1297 1192 ditatur
1320 1128 1447 1214 opimis,

654 1228 707 1292 Ad
730 1251 825 1314 quem
848 1229 930 1295 haec
954 1252 1014 1294 rex
1036 1230 1174 1315 placidis
1196 1230 1400 1317 deprompsit
1414 1231 1501 1295 dicta
1515 1231 1681 1316 loquellis:

651 1330 800 1417 ‘Suscipe
823 1331 975 1417 perpetui
999 1333 1139 1396 servitus
1162 1332 1301 1416 pignora
1323 1333 1449 1398 nostri'

654 1432 777 1497 Oscula
799 1440 868 1498 tum
892 1435 1021 1499 libans¹
1046 1435 1185 1519 genibus
1207 1435 1376 1520 predulcis
1397 1437 1485 1521 regis

545 1556 601 1599 ‹roo›
654 1535 742 1617 Dua,
766 1542 864 1621 atque
887 1536 947 1600 bas
971 1538 1096 1602 celeres
1119 1536 1274 1624 produxit
1296 1543 1430 1623 pectore
1452 1559 1564 1602 voces:

653 1638 748 1719 ‘Rem
772 1639 832 1703 tibi
855 1638 994 1704 donetur
1015 1662 1132 1705 munus
1155 1663 1215 1726 per
1238 1648 1356 1704 cuncta
1379 1642 1505 1707 salutis.

653 1741 715 1806 Ast
739 1764 801 1826 ego
825 1744 996 1807 servitium
1018 1744 1112 1808 vobis
1136 1765 1197 1829 per
1219 1746 1351 1808 saecula
1373 1746 1484 1809 solvo!

655 1845 710 1910 Sic
734 1846 830 1928 fatus,
854 1847 942 1932 regis
966 1869 1039 1911 cum
1062 1847 1147 1912 dono
1171 1847 1211 1911 ad
1236 1853 1345 1911 eastra
1367 1848 1540 1913 recessit².

910 2067 1321 2076 ——-—-——-—--—-

1082 2272 1144 2337 ΙΠ.

732 2394 919 2468 VERSUS
947 2392 1130 2468 KAROLI
1156 2394 1497 2470 IMPERATORIS.

656 2527 750 2592 Haec
774 2534 825 2592 cst
847 2548 926 2592 vera
947 2526 1040 2608 fides,
1065 2527 1149 2592 coeli
1172 2547 1255 2612 quae
1279 2527 1370 2592 ducit
1392 2527 1434 2592 ad
1456 2531 1574 2610 aulam,

738 2632 834 2696 Hanc
857 2637 979 2712 teneat,
1001 2631 1149 2716 requiem
1172 2630 1320 2716 quisquis
1343 2630 1466 2698 habere
1490 2635 1590 2720 cupit.

653 2735 716 2799 Est
738 2736 860 2800 etenim
883 2735 986 2799 virtus
1009 2735 1134 2799 cunctis
1158 2733 1368 2799 credentibus
1391 2736 1500 2822 ampla

738 2839 831 2904 More
854 2838 919 2903 fide
942 2839 1027 2902 trino
1050 2837 1167 2924 phise³
1189 2838 1321 2924 placere
1344 2838 1417 2905 deo.

586 2965 598 3002 s
656 2941 807 3007 Summus
831 2962 919 3028 apex
940 2940 1082 3006 Karolus
1106 2940 1239 3021 Caesar,
1262 2963 1329 3027 pax
1351 2944 1439 3008 orbis
1463 2947 1582 3032 opima,

738 3045 826 3110 Huic
849 3053 972 3110 turmas
995 3044 1163 3109 homiuum
1186 3044 1327 3110 subdere
1352 3048 1436 3112 colla
1458 3047 1563 3115 docet.

652 3146 761 3212 Altior
782 3156 818 3212 ut
841 3149 949 3212 cuncti
972 3149 1065 3233 regni
1087 3169 1147 3212 rex
1169 3169 1253 3212 unus
1276 3147 1409 3230 honore,

739 3250 842 3332 More,
866 3250 940 3321 fide,
964 3251 1068 3314 forma
1090 3249 1224 3330 Caesar,
1245 3257 1282 3315 ut
1305 3259 1381 3337 opto
1403 3254 1502 3339 prior,

654 3353 719 3427 Qui
742 3353 804 3417 sibi
826 3354 1010 3438 praesentis
1034 3354 1128 3436 regni
1151 3361 1360 3418 concesserat
1381 3377 1500 3438 arcem,

572 3477 597 3513 ro
739 3456 826 3520 Arce
849 3457 917 3542 poli
939 3476 1100 3520 summum
1124 3454 1180 3520 det
1203 3456 1275 3535 sibi,
1299 3477 1410 3542 posco,
1432 3458 1551 3523 locum.

655 3557 805 3642 Exiguus
829 3559 900 3642 regi
922 3578 1059 3644 parvum
1082 3579 1168 3623 nunc
1190 3557 1291 3623 reddo
1315 3559 1464 3624 libellum

738 3660 921 3725 Oollectum
944 3681 987 3726 ex
1010 3661 1108 3725 variis
1132 3662 1212 3726 flore
1236 3668 1385 3727 comante
1409 3664 1492 3728 rosis
1503 3665 1527 3729 ‘.

1084 4087 1144 4153 IV.

721 4213 906 4288 VERSUS
932 4212 1116 4287 KAROLI
1142 4211 1507 4291 IMPERATORIS⁵.

655 4348 763 4427 Carta,
788 4347 920 4412 Christo
944 4347 1074 4427 comite,
1097 4368 1157 4433 per
1179 4346 1306 4411 telluris
1331 4348 1471 4433 spatium

653 4452 707 4516 Ad
730 4451 883 4516 Caesaris
907 4449 1114 4537 splendidum
1138 4471 1224 4514 nuuc
1247 4470 1349 4536 perge
1372 4451 1539 4537 palatium,

393 4710 427 4764 93
444 4722 505 4779 post
527 4713 588 4763 baec
612 4712 663 4763 duo
679 4712 752 4777 solia
775 4711 935 4774 occidental,
958 4727 1023 4775 qaue
1040 4719 1115 4760 eram
1131 4710 1217 4760 acedia
1235 4710 1417 4774 mocianicam
1532 4706 1583 4760 1oe
1600 4711 1711 4762 caeleres
1725 4709 1752 4761 P
1835 4728 1940 4780 pecoere

291 4797 403 4849 uocenP
505 4795 553 4848 101
573 4799 679 4848 docetur
691 4796 721 4858 P,
739 4798 848 4848 donetur
864 4797 945 4858 Mar,
962 4797 1070 4846 debetur
1087 4795 1146 4846 Mai
1251 4792 1300 4846 102
1317 4797 1443 4846 seruitum
1455 4794 1481 4845 P

284 4895 287 4898 '
360 4882 416 4950 [Ill]
443 4882 455 4933 1
476 4891 563 4935 uestm
574 4882 605 4947 P,
623 4900 684 4935 vera
702 4883 772 4933 Mar.
893 4879 1002 4933 2abere
1015 4881 1041 4931 P
1157 4877 1276 4932 dlmorc
1305 4880 1331 4930 P
1416 4882 1488 4948 phise
1501 4881 1532 4945 P,
1548 4898 1645 4949 speque
1662 4881 1721 4933 Mai
1840 4879 1941 4934 babet

288 4969 389 5020 carolus
414 4986 498 5021 cessar
519 4968 544 5018 P
680 4966 697 5019 6
724 4970 797 5020 decet
818 4967 876 5017 Mat
1005 4965 1020 5017 1
1048 4968 1135 5018 Alcior
1154 4966 1181 5017 P
1273 4985 1349 5018 umus
1376 4984 1454 5019 onore
1473 4967 1505 5032 P,
1535 4985 1651 5020 summus
1677 4967 1763 5031 Man,
1788 4985 1858 5020 unus
1883 4968 1942 5019 Mat

291 5051 324 5104 10
341 5056 408 5106 loam
421 5055 452 5119 P,
470 5056 556 5106 locum
572 5055 645 5105 Mar.
751 5052 783 5103 12
801 5061 920 5104 cumanis
933 5051 958 5101 P

365 5139 421 5207 [lv]
441 5140 456 5192 1
474 5141 599 5194 telnrisP
687 5137 705 5190 2
721 5140 828 5191 cessaris
844 5140 959 5206 spacium
968 5138 1000 5203 P,
1017 5139 1157 5206 spatiosum
1175 5139 1255 5203 Mar,
1272 5140 1371 5206 regium
1388 5139 1447 5189 Mai
1514 5137 1641 5206 palatioP

393 5295 419 5362 1)
440 5293 482 5360 Cf.
501 5310 588 5362 supra
605 5310 634 5361 p.
651 5291 702 5345 311
720 5307 744 5344 o.
762 5291 823 5344 459.
891 5291 920 5358 2)
940 5295 1011 5346 Ana.
1029 5291 1209 5346 Laureolum.
1228 5292 1277 5345 781
1296 5291 1359 5358 (SS.
1377 5290 1470 5360 1,33):
1493 5290 1598 5356 Quinto
1615 5291 1687 5347 Non.
1707 5289 1834 5346 Octobris
1845 5289 1940 5346 Dasilo

288 5396 345 5450 dux
363 5396 398 5450 ad
417 5413 510 5466 regern
528 5396 619 5460 venit,
644 5399 673 5448 et
691 5395 717 5449 ei
735 5394 858 5449 reddidit
889 5413 1006 5466 regnum
1031 5397 1242 5466 bagoaricum,
1268 5398 1297 5450 et
1319 5396 1467 5466 semetipso
1486 5397 1566 5452 Carlo
1590 5411 1656 5466 rege
1673 5394 1703 5448 in
1720 5410 1805 5448 manu
1822 5393 1941 5448 tradidit

289 5501 318 5552 et
341 5515 458 5568 regnum
481 5497 688 5568 Begoariorum.
775 5497 802 5562 3)
823 5497 854 5550 id
877 5504 916 5552 est
937 5499 1012 5553 erim
1034 5500 1065 5552 ia
1083 5516 1140 5554 uno
1164 5501 1269 5553 antara
1291 5499 1502 5556 MARTENE.
1587 5500 1616 5566 4)
1645 5497 1729 5569 Qum
1745 5497 1942 5566 incompacta

288 5602 372 5667 diem,
390 5604 560 5672 ipsoramus.
646 5603 673 5668 ὁ)
689 5600 770 5654 taetri
787 5602 952 5668 collatioris,
969 5621 1029 5657 cum
1046 5603 1227 5659 consonantia
1244 5603 1403 5673 copulativa
1419 5603 1565 5675 trisyllaba
1579 5603 1706 5673 perfecto
1718 5606 1768 5656 aut
1779 5600 1942 5671 imperfecta

289 5706 346 5764 ΖΕ
353 5706 431 5764 USS.
