4666 6406
1076 423 1283 480 THEODULFI
1301 423 1477 479 eruntne.

821 601 908 665 Hinc
930 606 1007 686 pete
1030 596 1178 663 Nebridii
1199 597 1302 682 petris
1324 596 1522 660 venerabilis
1545 596 1677 675 aedos1‚

898 704 978 770 Mox
1001 709 1035 769 et
1056 701 1178 766 Donati
1202 701 1244 766 sit
1266 700 1327 765 tibi
1349 701 1420 764 visa
1442 699 1568 765 domus.

819 808 886 874 Sed
908 829 969 873 nec
991 812 1181 894 praetereas
1206 804 1312 869 saneti
1333 805 1406 869 loca
1428 804 1536 868 fratris
1559 805 1651 884 Atili,

908 909 1094 994 Auianique
1117 908 1182 972 mei
1205 913 1294 972 tecta
1316 913 1469 972 verenter
1491 905 1570 972 adit

818 1013 977 1100 Nampius
1002 1011 1163 1098 adspiciat
1185 1010 1318 1075 dantem
1340 1009 1404 1074 sibi
1426 1008 1511 1074 dona
1534 1009 1676 1088 salutis³,

895 1118 995 1182 Atala
1017 1124 1051 1181 te
1074 1115 1195 1194 videat,
1218 1113 1336 1199 dieque
1360 1112 1583 1194 ‘Olemunde⁴,
1606 1113 1700 1177 vale'.

822 1220 868 1284 At
891 1220 919 1284 si
941 1220 1025 1284 forte
1048 1220 1139 1284 vales
1162 1216 1343 1282 mundanas
1366 1217 1414 1280 ire
1437 1237 1497 1302 per
1518 1216 1628 1295 urbes,

899 1321 1038 1408 Singula
1061 1321 1265 1408 perlustrans
1290 1319 1420 1406 oppida,
1443 1341 1528 1400 rura,
1552 1341 1657 1398 casas,

819 1427 1032 1494 Praesulibus
1056 1433 1185 1492 nostras
1210 1427 1243 1489 in
1267 1425 1409 1490 carmine
1432 1423 1540 1510 pande
1563 1425 1696 1504 salutes,

903 1530 1014 1616 Atque
1038 1530 1126 1595 omni
1150 1531 1248 1608 clero,
1273 1549 1418 1614 quosque
1443 1526 1565 1592 referre
1588 1548 1680 1591 mora
1702 1533 1753 1592 est
1762 1528 1783 1590 ⁵.
1812 1581 1815 1590 ,

820 1636 933 1714 Attila,
957 1634 1119 1715 Olarinus,
1142 1632 1350 1714 'leutfredus
1374 1631 1524 1712 leubilis,
1549 1637 1582 1695 et
1605 1631 1709 1695 omnis

901 1737 1013 1802 Turba
1035 1744 1163 1824 patrum
1186 1742 1335 1800 nostrum
1359 1735 1480 1800 sentiat
1503 1735 1589 1799 almo
1611 1736 1695 1798 vale.

821 1843 907 1918 Quid
931 1842 993 1906 tibi
1016 1843 1111 1928 plura
1134 1847 1271 1905 canam?
1295 1845 1429 1904 cunctos
1453 1860 1497 1904 ex
1519 1859 1599 1903 voce
1624 1839 1730 1903 saluta

904 1945 1031 2032 Hisque
1055 1943 1203 2009 salutetis
1227 1949 1260 2007 te
1283 1942 1363 2007 mihi
1386 1940 1487 2007 redde
1511 1941 1619 2007 citam.

1226 2170 1237 2172 ...
1252 2167 1486 2174 -0----·-—...-———

1217 2387 1345 2452 XXXI.

1119 2513 1184 2586 AD
1212 2513 1443 2588 REGlNAM.

823 2647 851 2710 Ο
875 2647 989 2731 regina
1011 2647 1156 2732 potens⁴,
1180 2668 1199 2711 o
1222 2648 1330 2730 magni
1354 2647 1459 2732 gloria
1482 2647 1580 2731 regis,

906 2749 934 2814 Ο
958 2751 1080 2837 populi,
1104 2771 1123 2815 o
1147 2751 1228 2815 cleri
1251 2752 1372 2836 luxque
1396 2750 1560 2836 decusque
1584 2750 1714 2834 vigens:

823 2853 872 2918 Te
894 2861 990 2939 pater
1011 2854 1208 2919 altithronus
1231 2857 1364 2940 longum
1387 2859 1561 2920 conservet
1582 2855 1616 2918 in
1640 2874 1766 2930 aevum,

906 2956 950 3020 Et
972 2958 1079 3044 prosis
1102 2959 1231 3044 populis
1256 2960 1483 3044 ecclesiaeque
1506 2956 1570 3022 dei.

753 3105 758 3114 .
827 3059 877 3125 Tu
900 3060 958 3124 lux
981 3067 1014 3124 et
1038 3060 1201 3145 splendor,
1226 3069 1261 3125 tu
1283 3063 1377 3146 regni
1400 3061 1528 3146 insigne
1552 3059 1729 3144 decusque,

906 3162 1021 3248 Tuque
1045 3163 1164 3229 decore
1189 3166 1271 3229 cluis
1295 3186 1368 3229 cum
1391 3165 1524 3252 pietatis
1547 3184 1620 3248 ope.

823 3265 867 3331 Et
890 3267 1014 3331 sociata
1036 3268 1091 3354 pio
1115 3275 1148 3332 et
1171 3268 1280 3332 meriti
1304 3267 1380 3332 data
1402 3289 1537 3332 munere
1559 3267 1641 3352 regi,

906 3369 1011 3444 Quem
1035 3370 1116 3436 deus
1140 3372 1275 3450 exaltet,
1300 3372 1352 3436 cui
1375 3371 1461 3436 bona
1483 3377 1600 3435 cuncta
1621 3376 1724 3455 parat,

822 3472 903 3539 Eius
927 3475 959 3538 in
982 3476 1141 3539 auxilium
1165 3483 1200 3539 tu
1223 3483 1318 3540 nocte
1342 3475 1461 3561 dieque
1484 3475 1625 3554 laboras,

913 3576 1006 3642 Illius
1030 3585 1064 3643 et
1086 3599 1218 3664 semper
1240 3600 1360 3644 nomen
1382 3577 1425 3643 ad
1448 3580 1515 3642 alta
1535 3579 1636 3642 levas.

823 3679 968 3768 Corpore
992 3683 1129 3768 pulchra
1150 3705 1279 3763 manes,
1309 3690 1417 3748 mente
1442 3705 1478 3747 es
1502 3680 1561 3746 sed
1583 3680 1749 3768 pulchrior
1771 3679 1852 3765 ipso,

906 3784 945 3848 In
968 3785 1068 3849 dubio
1093 3795 1154 3866 est,
1177 3787 1254 3852 hinc
1278 3789 1322 3851 sis
1345 3808 1479 3873 prorsus
1503 3807 1545 3850 an
1569 3784 1644 3850 inde
1667 3783 1766 3870 prior.

822 3886 965 3952 Pulchra
989 3909 1025 3953 es
1048 3889 1222 3954 verborum
1247 3911 1356 3970 sensu,
1381 3889 1438 3954 sed
1460 3887 1627 3975 pulchrior
1649 3893 1734 3968 actu,

906 3990 957 4054 Τιι
979 3997 1088 4056 tamen
1111 4013 1148 4058 es
1171 3992 1289 4057 victrix
1312 3993 1383 4056 sola
1404 3992 1437 4057 in
1461 3997 1601 4075 utroque
1624 3991 1681 4054 tui.

742 4113 765 4151 rs
826 4091 890 4165 Qui
911 4094 999 4158 bona
1022 4095 1107 4160 velle
1130 4095 1191 4159 tibi
1214 4095 1380 4160 concessit
1402 4099 1494 4162 tanta
1517 4101 1655 4174 creator,

906 4197 1070 4262 Perficere
1094 4197 1146 4263 hic
1171 4197 1282 4278 donet,
1306 4203 1338 4262 te
1361 4204 1395 4262 et
1418 4197 1490 4262 sine
1511 4196 1576 4262 fine
1598 4195 1698 4261 iuvet.

1700 4333 2004 4342 -——.-————--——-

562 4419 595 4473 70
613 4424 778 4489 Annianique
791 4422 921 4474 Mabillcn

526 4505 634 4575 [XXXI]
653 4524 685 4559 eor
702 4507 741 4559 ed.
761 4506 896 4560 Sirmondi
909 4526 937 4574 p.
958 4505 1009 4558 194
1028 4510 1045 4560 l.
1065 4511 1101 4558 lll
1123 4529 1143 4559 o.
1164 4511 1184 4558 V

560 4677 587 4742 1)
608 4676 651 4744 Cf.
669 4676 792 4730 Aedonia
806 4675 838 4731 V.
858 4679 886 4730 S.
908 4677 1051 4732 Benedicti
1068 4693 1091 4731 c.
1107 4678 1139 4730 10
1157 4677 1306 4744 (Mobillon
1317 4680 1390 4732 Actu
1403 4680 1456 4732 SS.
1471 4681 1490 4731 Ι
1495 4677 1522 4742 V,
1534 4679 1557 4742 l,
1568 4677 1629 4744 196)
1647 4677 1735 4729 Erant
1746 4678 1841 4728 autem
1853 4689 1903 4743 per
1914 4672 1988 4726 idem
2001 4675 2110 4741 tempus

456 4778 487 4832 in
510 4777 654 4849 provincia
681 4779 732 4833 illa
758 4778 873 4847 quidam
897 4795 1021 4833 summae
1045 4781 1204 4835 sanctitatis
1228 4781 1335 4835 strenui
1358 4779 1424 4849 viri,
1451 4779 1540 4835 Atilio
1567 4779 1699 4833 videlicet
1722 4781 1751 4832 et
1772 4775 1928 4840 Nibridius,
1952 4791 2060 4829 necnon
2083 4777 2112 4827 et

456 4881 602 4935 Annianus
624 4881 754 4952 religiose
774 4881 922 4951 degentes,
948 4882 995 4935 sed
1022 4883 1177 4952 regularem
1196 4884 1357 4953 ignorantes
1382 4883 1546 4946 custodiam,
1565 4901 1582 4936 a
1601 4882 1701 4951 quihus
1737 4882 1894 4950 compertus
1914 4895 1977 4933 non
2005 4877 2112 4932 modice

457 4984 637 5054 diligebatur.
657 4986 703 5040 Dc
712 4985 850 5053 Nifridio,
859 4985 957 5040 abbate
968 4986 1184 5055 Orbionensi,cf.
1194 4987 1271 5042 Mon.
1281 4989 1390 5042 Alcnin.
1396 5005 1427 5056 p.
1437 4987 1487 5041 831
1496 5003 1523 5040 n.
1533 4988 1557 5040 4.
1593 4988 1620 5046 2)
1633 4985 1801 5040 Crediderim
1809 4984 1968 5038 Aenianum
1977 4997 2035 5036 esse
2044 4997 2113 5050 enm,

457 5090 505 5157 qni
523 5090 613 5144 sancti
627 5089 755 5142 Anniani
773 5090 937 5144 monasterio
953 5091 992 5155 (S.
1005 5091 1136 5155 Chinian)
1154 5091 1184 5144 in
1198 5091 1293 5146 Gallio
1307 5091 1486 5145 Narbonensi
1503 5092 1634 5145 hactenns
1651 5090 1795 5145 exsistenti
1811 5105 1907 5142 nornen
1924 5087 2010 5142 dedit:
2040 5085 2114 5156 qnod

456 5209 520 5248 ecoe
536 5193 695 5262 confundus
712 5208 773 5246 enos
790 5195 959 5248 monasterio
973 5195 1086 5247 Anione
1104 5210 1153 5248 seu
1172 5197 1289 5249 Arriano.
1310 5194 1406 5248 MAB.
1425 5196 1508 5260 (Acta
1526 5194 1574 5248 SS.
1594 5197 1645 5258 IV,
1658 5196 1680 5258 l,
1691 5194 1762 5260 220).
1794 5193 1969 5261 Mihipotins
1983 5191 2113 5245 Anianns

455 5283 763 5364 illesabtussipnificari
773 5296 890 5362 uidetur,
908 5299 958 5367 qni
974 5313 1049 5352 anno
1067 5298 1116 5352 794
1134 5301 1303 5354 remerteria
1319 5299 1347 5354 S.
1360 5299 1496 5353 Iohannis
1513 5299 1542 5351 in
1552 5297 1674 5353 Extorto
1692 5301 1717 5352 et
1735 5299 1764 5352 S.
1778 5297 1928 5351 Lamentii
1944 5297 1974 5350 in
1990 5295 2113 5362 Olibepio

456 5398 486 5451 in
503 5399 578 5469 repis
586 5398 815 5454 mundeburdum
832 5401 1037 5466 commendarit,
1063 5403 1102 5470 cf.
1127 5403 1220 5457 Siclrel
1236 5406 1309 5458 Acta
1326 5401 1429 5456 Karoli
1447 5401 1498 5454 143
1521 5417 1550 5468 p.
1576 5400 1635 5455 ⁸274,
1709 5403 1736 5469 3)
1759 5401 1882 5470 Numpio
1910 5399 1997 5454 abtas
2019 5413 2113 5453 monu-

456 5502 535 5556 sterii
567 5501 597 5556 S.
621 5501 731 5555 Hilarii
748 5502 785 5556 'in
815 5503 1032 5559 Carcassonensi
1057 5521 1138 5575 popo
1170 5507 1219 5561 siti
1242 5504 1314 5574 suit,
1345 5507 1382 5572 cf.
1409 5503 1502 5559 sistet
1524 5502 1596 5557 Acta
1617 5503 1730 5559 Lndoro.
1759 5504 1807 5558 231
1833 5522 1860 5573 p.
1878 5504 1937 5558 371.
2023 5504 2051 5568 4)
2069 5502 2113 5556 De

458 5603 609 5659 Olomnndo
629 5604 735 5670 abbate,
752 5607 914 5662 monoeterii
930 5607 1036 5662 Montis
1057 5606 1131 5662 Olioi
1150 5608 1327 5677 (Montolienl
1346 5609 1384 5676 cs.
1403 5607 1518 5662 Alcnini
1535 5607 1616 5676 epist.
1633 5607 1685 5660 270
1698 5625 1729 5677 p.
1741 5609 1800 5674 836,
1818 5608 1908 5663 Sictel
1925 5611 1999 5662 Acta
2017 5605 2112 5662 Ludo-

457 5706 521 5761 eoici
538 5708 602 5778 imp.
622 5708 665 5762 71.
735 5711 763 5776 5)
783 5709 829 5764 Ου.
843 5709 909 5765 Met.
923 5713 983 5777 III,
992 5711 1044 5764 225
1063 5710 1193 5781 Quosque
1212 5713 1313 5766 referre
1331 5728 1409 5766 mora
1427 5713 1477 5764 est.
1546 5711 1573 5780 6)
1597 5711 1756 5782 Lintocrtlu
1780 5711 1955 5782 (tae-800).
