4936 6406
718 407 975 467 FRAGMENTUM
993 407 1041 464 DE
1058 407 1169 465 vmns
1188 405 1434 465 CAPITALIBUS.

605 585 669 652 His
692 608 796 674 genus
820 588 998 652 humanum
1021 585 1109 650 vitiis
1133 584 1223 650 ferus
1246 583 1350 651 hostis
1372 582 1517 651 habebat

511 712 549 752 aaa
694 691 879 779 Captivum,
902 691 954 756 his
977 691 1076 756 armis
1099 689 1354 776 subdideratque
1378 691 1450 756 sibi.

604 795 750 861 Perculit
772 801 807 860 et
829 795 969 881 primum
991 794 1170 880 probrosus
1192 801 1229 859 ut
1250 795 1307 860 ille
1329 801 1511 882 parentem,

688 898 783 963 Illius
806 899 840 962 in
862 905 968 963 totum
991 898 1039 961 sio
1062 904 1173 962 moret
1195 919 1287 963 arma
1307 920 1424 984 genus.

606 1001 650 1066 Et
673 1002 792 1088 quibus
815 1002 903 1066 huno
926 1001 1025 1066 armis
1050 1002 1213 1066 scelerata
1235 1009 1345 1068 mente
1369 1002 1511 1088 subegit,

691 1106 755 1170 His
779 1106 844 1170 sibi
865 1105 1058 1191 progeniem
1082 1104 1223 1170 subdere
1248 1111 1352 1169 certat
1373 1110 1478 1171 atrox.

512 1230 549 1269 aaa
607 1210 668 1275 Est
690 1212 768 1296 gula
790 1231 930 1296 nemque
954 1231 1066 1289 vorax,
1090 1210 1237 1294 sequitur
1253 1210 1338 1274 hane
1357 1210 1508 1276 moeohia
1524 1213 1638 1299 turpis,

688 1314 792 1379 Fraus
815 1321 850 1379 et
875 1313 1044 1394 avaritiae,
1067 1335 1128 1379 seu
1149 1315 1257 1379 scelus
1279 1313 1432 1396 invidiae,

610 1416 760 1482 Tristitia
781 1417 858 1482 hine
881 1417 1003 1503 segnis,
1026 1417 1169 1482 furiosae
1192 1418 1325 1482 morbus
1348 1423 1383 1484 et
1404 1419 1483 1500 irae,

690 1521 833 1608 Duxque
856 1521 973 1586 harum
996 1522 1048 1586 his
1072 1528 1224 1608 superest
1246 1521 1322 1587 inde
1348 1524 1491 1609 superba
1512 1524 1594 1588 lues.

606 1624 709 1689 Arma
732 1625 791 1689 sed
813 1624 897 1689 haee
920 1623 1032 1711 posuit
1054 1622 1136 1689 dous
1159 1625 1211 1689 his
1234 1627 1399 1690 contraria
1419 1626 1530 1707 larvis,

513 1750 551 1788 mo
695 1727 823 1793 Harum
846 1728 1033 1793 adnulletur
1056 1729 1128 1814 quis
1152 1730 1318 1814 sapienter
1340 1751 1432 1816 opus.

611 1833 666 1897 sie
688 1832 824 1898 adhibet
848 1834 979 1920 sapiens
1002 1832 1149 1897 medicus
1173 1834 1337 1897 contraria
1356 1834 1480 1899 morbis

689 1937 793 2002 Arma
814 1958 832 2002 e
855 1936 995 2018 diverso,
1019 1935 1116 2001 detur
1137 1943 1174 2000 ut
1195 1938 1281 2001 alma
1304 1939 1401 2018 salus,

606 2039 740 2124 Frigida
763 2061 963 2126 componens
986 2039 1110 2119 calidis,
1132 2040 1302 2106 humentia
1325 2042 1431 2122 sioois,

687 2142 898 2207 Malliacum
920 2141 1052 2223 duris¹,
1075 2143 1206 2207 lenibus
1229 2143 1316 2208 hirta
1339 2145 1448 2208 etiam.

512 2265 551 2306 aa
608 2245 729 2311 Sancta
751 2247 849 2331 gulae
873 2246 1052 2330 ingluviem
1075 2253 1232 2332 superant
1255 2247 1377 2310 ieiunia
1398 2247 1538 2330 foedam,

689 2349 782 2424 Quae
805 2351 943 2416 mortale
966 2371 1070 2436 genus
1093 2349 1203 2426 afficit,
1227 2355 1323 2431 artat,
1345 2351 1424 2437 agit.

605 2453 709 2539 Virgo
731 2453 899 2540 pudicitia,
923 2453 1073 2541 specioso
1097 2461 1227 2540 compta
1249 2452 1378 2535 decore,

688 2556 863 2643 Extinguit
885 2557 1042 2638 flammas,
1065 2563 1150 2622 tetra
1173 2556 1285 2639 libido,
1309 2566 1393 2623 tuas.

604 2660 718 2726 Vincit
740 2662 911 2726 avaritiam
933 2661 1015 2726 felix
1038 2662 1186 2749 operatio
1208 2661 1317 2743 dandi,

509 2787 548 2824 eso
691 2764 840 2830 Dextera
862 2766 954 2851 larga
975 2766 1063 2850 gerit
1085 2786 1159 2831 oum
1181 2767 1317 2853 pietatis
1341 2787 1433 2853 opus.

605 2868 767 2934 Invidiam
791 2875 925 2956 superat
947 2868 1071 2934 domini
1095 2876 1128 2935 et
1152 2868 1285 2936 dilectio
1307 2871 1453 2952 lratmm,

690 2973 799 3038 Huius
823 2981 856 3039 et
878 2979 954 3039 aotu
976 2975 1048 3039 eius
1072 2995 1167 3039 omne
1191 2974 1315 3039 latiseit
1337 2996 1430 3062 opus.

604 3079 851 3164 Tristitiamque
873 3079 966 3163 fugat
988 3079 1134 3142 fraterna
1154 3079 1277 3144 locutio
1301 3101 1446 3164 segnem,

689 3181 812 3246 Orandi
836 3187 870 3245 et
893 3181 1045 3263 studium,
1067 3181 1166 3246 lectio
1191 3182 1260 3247 sive
1284 3203 1386 3248 sacra.

511 3304 549 3341 aa
605 3283 652 3347 At
675 3305 792 3349 secura
814 3286 896 3347 iram
919 3283 1041 3370 frangit
1063 3285 1223 3369 patientia
1245 3284 1350 3349 diram

688 3386 800 3468 Lenis,
823 3391 857 3450 et
879 3386 967 3450 illius
992 3387 1119 3472 spicula
1141 3408 1240 3452 saeva
1262 3389 1349 3455 terit.

604 3489 780 3574 Frangitur
802 3490 963 3575 exemplis
987 3490 1100 3554 inflata
1124 3490 1303 3576 superbia²
1326 3490 1460 3573 Christi,

687 3592 848 3679 Haneque
872 3601 979 3658 metus
1004 3613 1131 3678 poenae
1155 3594 1253 3658 solvit
1276 3600 1309 3658 et
1332 3595 1437 3659 almus
1460 3616 1561 3660 amor.

608 3695 663 3761 Sic
685 3697 833 3762 medicus
855 3696 909 3762 hio
932 3718 992 3784 per
1015 3698 1180 3761 contraria
1203 3718 1304 3784 saepe
1327 3697 1486 3782 medetur,

511 3820 549 3858 sao
692 3800 771 3866 Fert
794 3808 828 3865 et
849 3800 891 3864 ab
914 3800 1074 3886 oppositis
1099 3822 1199 3887 saepe
1223 3802 1338 3866 salutis
1361 3822 1467 3888 opem.

605 3903 713 3989 Saepe
737 3904 836 3969 etiam
858 3925 919 3990 per
941 3926 994 3968 res
1018 3904 1143 3970 similes
1167 3906 1316 3970 conferre
1339 3904 1501 3971 medelam

689 4008 891 4073 Vulneribus
913 4008 1010 4072 huius
1033 4009 1157 4072 assolet
1179 4008 1265 4072 alma
1287 4029 1414 4092 manus,

604 4113 785 4198 Longaque
808 4110 865 4176 dat
886 4111 1005 4197 longis,
1028 4111 1228 4196 adhibetque
1251 4110 1391 4176 rotunda
1413 4112 1561 4177 rotundis

686 4214 885 4302 Emplastra,
909 4223 943 4280 et
965 4214 1097 4280 modulo
1120 4215 1266 4280 vulneris
1290 4221 1381 4302 aptat
1403 4237 1453 4281 ea.

508 4341 547 4380 aaa
605 4319 711 4405 Ligno
734 4341 823 4383 mors
846 4318 958 4398 subiit,
982 4318 1067 4384 redit
1090 4326 1124 4383 et
1146 4320 1214 4383 vita
1236 4319 1360 4404 inclyta
1380 4319 1481 4405 ligno,

688 4423 784 4488 Illam
807 4428 924 4508 gustus
947 4423 1026 4506 agit,
1050 4422 1134 4502 hano
1158 4423 1265 4487 erucis
1287 4423 1372 4487 altus
1395 4423 1513 4487 honos.

604 4526 708 4612 Virgo
730 4532 825 4591 vetus
849 4532 1000 4606 mortem,
1023 4527 1136 4591 retulit
1158 4547 1243 4591 nova
1264 4527 1357 4612 virgo
1381 4527 1531 4607 salutem,

687 4630 781 4695 Haeo
805 4629 973 4694 suadendo
997 4630 1112 4710 virum,
1135 4629 1217 4695 haee
1239 4628 1428 4715 generando
1452 4628 1559 4712 deum.

538 4701 543 4720 l
602 4733 716 4798 Prisca
738 4735 851 4819 virago
874 4735 945 4798 viro
969 4735 1071 4799 letum
1096 4734 1168 4808 fert,
1192 4741 1226 4800 at
1248 4755 1333 4800 nova
1356 4733 1523 4800 Christum

507 4862 545 4899 aaa
689 4839 813 4905 Vivere
837 4839 1007 4925 discipulis
1029 4841 1159 4904 nuntiat
1183 4859 1261 4905 ecoe
1283 4841 1357 4926 piis.

600 4945 722 5030 Angue
742 4945 898 5029 loquente
922 4943 1009 5008 subit
1031 4944 1174 5024 morbus,
1196 4943 1366 5031 pendente
1389 4943 1521 5020 latieoit,

685 5049 759 5114 Hoo
782 5070 974 5134 squamosus
997 5054 1103 5129 atrox,
1128 5069 1245 5113 aereus
1268 5047 1350 5113 illud
1371 5048 1450 5134 agit.

601 5151 690 5216 Esca
711 5151 802 5217 dedit
823 5159 974 5232 mortem,
996 5153 1096 5216 vitam
1122 5151 1272 5216 coneedit
1294 5158 1327 5215 et
1350 5172 1437 5232 esoa,

685 5255 777 5320 Tune
793 5254 893 5321 dabat
904 5255 975 5320 Eva
986 5277 1120 5338 nocens,
1143 5255 1201 5320 das
1225 5253 1333 5336 modo,
1356 5253 1487 5320 Christe
1505 5261 1634 5342 potens.

346 5455 586 5465 n———-.-...-——-
598 5455 615 5459 -.
644 5453 703 5458 ---
726 5451 1029 5459 ---———.-———--

339 5607 365 5674 1)
385 5607 433 5659 Ov.
452 5605 519 5660 Mes.
537 5601 563 5664 1,
575 5603 678 5658 19-20
696 5601 810 5673 Frigida
829 5603 995 5673 pugnabant
1013 5601 1119 5670 ualidis,
1138 5601 1284 5655 humentia
1301 5600 1389 5656 siooia.
1406 5603 1409 5670 l
1426 5600 1524 5655 Mollia
1536 5617 1599 5654 oum
1612 5600 1696 5654 duris.
1750 5603 1778 5668 2)
1798 5601 1888 5658 Prud.

236 5705 336 5780 l'ayolr.
356 5708 407 5762 178
425 5709 523 5762 inflata
541 5707 685 5778 Superbia.

1635 5800 1693 5856 bl*
