4628 6428
1048 465 1198 526 ALCUINI
1217 467 1392 526 CARMINA.

677 665 707 710 vr
741 643 804 708 AD
828 644 957 708 ARAM
984 644 1258 711 SANCTORUM
1281 643 1462 710 REMIGII
1486 642 1543 707 ΕΤ
1566 639 1782 707 AUDOINI.

760 767 960 831 Francorum
982 767 1095 832 doctor
1116 768 1286 853 Remigius
1310 770 1449 853 inclytus
1473 788 1563 831 aram

849 871 944 934 Hanc
968 878 1059 936 tenet
1082 875 1255 937 almivolus
1279 872 1515 956 Audoinusque
1542 871 1645 935 simul.

762 973 889 1037 Horum
912 997 988 1038 nam
1010 977 1138 1040 meritis
1163 998 1296 1040 currens
1319 983 1356 1039 tu
1377 976 1472 1054 forte,
1496 975 1610 1050 viator,

844 1077 910 1141 Per
931 1078 1005 1142 loca
1028 1086 1142 1143 sancta
1163 1080 1253 1166 pins,
1277 1080 1320 1142 sit
1341 1079 1402 1142 tibi
1425 1085 1515 1142 certo
1538 1079 1635 1141 solus.

633 1310 674 1354 vu
707 1289 769 1352 AD
793 1290 922 1354 ARAM
946 1290 1220 1356 SANOTORUM
1242 1290 1500 1356 LANTBERTI
1523 1290 1580 1354 ET
1603 1289 1837 1355 RICHARII.

763 1401 962 1466 Lantbcrtus
985 1403 1086 1468 habet
1109 1404 1194 1467 hanc
1218 1411 1315 1488 atque
1338 1402 1514 1466 Richarius
1538 1424 1638 1482 oram,

846 1506 911 1570 Hic
934 1507 1104 1571 confessor
1126 1514 1206 1587 erat,
1230 1513 1353 1590 martyr
1376 1513 1409 1569 et
1430 1506 1486 1569 ille
1509 1506 1594 1590 pius.

765 1609 873 1672 Ambo
898 1609 960 1673 deo
984 1611 1061 1690 cari,
1085 1612 1275 1674 meritorum
1298 1609 1443 1695 pondere
1466 1616 1587 1694 patres,

845 1712 990 1777 Plurima
1013 1720 1188 1799 portantes
1211 1714 1301 1777 lucra
1325 1734 1383 1776 suo
1406 1712 1547 1776 domino.

623 1925 677 1970 vm
712 1906 775 1970 AD
798 1907 927 1973 ARAM
951 1910 1225 1974 SANCTORUM
1250 1907 1470 1973 GREGORII
1493 1907 1551 1971 ΕΤ
1574 1907 1844 1973 HIERONIMI.

767 2019 946 2106 Gregorius
969 2025 1101 2108 praesul
1124 2024 1302 2107 doctorque
1325 2021 1539 2086 Hieronimus
1562 2021 1666 2083 almus

850 2126 1045 2190 Accolesiae
1069 2127 1124 2190 ille
1148 2133 1252 2211 pater,
1276 2126 1339 2187 iste
1362 2125 1521 2208 magister
1543 2131 1623 2187 erat.

765 2225 888 2290 Nostra
910 2228 1017 2292 lerant
1041 2230 1195 2314 precibus
1218 2229 1342 2314 pariter
1365 2248 1493 2312 quoque
1517 2235 1593 2290 vota
1615 2226 1752 2306 tonanti,

853 2334 893 2395 Ut
916 2355 975 2396 nos
1000 2341 1173 2398 conservet
1196 2354 1327 2417 semper
1348 2331 1471 2415 ubique
1494 2331 1585 2395 deus.

588 2537 619 2580 rx
653 2515 716 2581 AD
739 2518 868 2584 ARAM
893 2519 1169 2585 SANCTORUM
1191 2519 1440 2584 BENEDICTI
1463 2521 1520 2584 ET
1544 2518 1880 2583 SCOLASTICAE.

767 2631 840 2696 Hoc
863 2639 959 2718 poter
982 2633 1136 2718 egregius
1161 2635 1279 2697 colitur
1301 2633 1502 2698 Benedictus
1526 2633 1557 2696 in
1582 2654 1646 2710 ora,

851 2734 1039 2807 Quiritem
1062 2737 1232 2801 monachis
1256 2737 1431 2822 scripserat
1453 2736 1523 2823 ipse
1546 2736 1644 2820 pium.

769 2836 877 2923 Ipsius
901 2845 999 2924 atque
1024 2861 1116 2902 soror
1137 2841 1307 2925 praeclara
1330 2839 1510 2902 Scelestioa
1531 2839 1622 2922 virgo

852 2942 1004 3026 Iungitur
1025 2943 1079 3007 hic
1102 2943 1196 3006 fratri
1218 2942 1338 3007 nobilis
1362 2943 1433 3028 ipsa
1456 2962 1526 3005 suo.

688 3155 707 3198 x
743 3136 806 3201 AD
828 3138 959 3203 ARAM
983 3138 1257 3204 SANCTORUM
1281 3139 1462 3203 COSMAE
1485 3138 1544 3202 ΕΤ
1566 3135 1774 3201 ΒΑΜΙΑΝΙ.

770 3249 930 3315 Haeduo
954 3253 1102 3335 germani
1126 3251 1263 3315 Cosmas
1288 3259 1321 3314 et
1342 3251 1524 3315 Damianus
1548 3251 1581 3314 in
1604 3272 1660 3314 uro

853 3353 1049 3418 Scribuntur
1070 3354 1195 3439 pariter
1216 3354 1422 3418 versificante
1447 3375 1554 3420 manu.

771 3453 941 3542 Quamque
965 3457 1087 3520 bonum
1108 3458 1228 3521 fratres
1246 3457 1395 3521 habitare
1420 3463 1470 3521 est
1487 3478 1616 3541 semper
1638 3455 1670 3517 in
1686 3474 1806 3534 unum,

852 3559 898 3624 Ut
920 3560 1092 3646 psalmista
1115 3560 1203 3624 canit
1217 3561 1237 3638 ¹,
1261 3581 1350 3638 eece,
1374 3559 1532 3623 iocundus
1556 3579 1654 3622 amor.

808 3773 840 3817 χι
874 3755 937 3819 so
961 3755 1091 3820 assu
1116 3755 1393 3820 ssuooason
1415 3711 1653 3819 vmmsm.

772 3862 926 3948 Caecilia,
949 3866 1110 3950 Agatth,
1133 3866 1248 3950 Agnes
1272 3874 1306 3930 et
1327 3865 1431 3928 Lucia
1454 3866 1560 3949 virgo:

854 3967 948 4032 Haec
971 3968 1044 4030 istis
1067 3969 1189 4053 pariter
1211 3989 1268 4030 ara
1292 3974 1419 4030 sacrata
1442 3967 1549 4046 micat,

770 4065 857 4131 Lilia
879 4091 954 4134 oum
976 4070 1060 4133 rosis
1083 4071 1211 4154 fulgent
1233 4071 1267 4133 in
1289 4071 1413 4134 vertice
1438 4091 1574 4154 quarum

854 4171 898 4236 Et
921 4173 1047 4257 lampas
1070 4174 1183 4236 rutilat
1205 4174 1276 4236 luce
1300 4193 1445 4258 perenne
1469 4172 1576 4237 simul.

773 4477 866 4544 Haec
890 4488 941 4544 est
963 4502 1020 4544 ara
1043 4480 1150 4544 erucis
1175 4487 1307 4544 sanctae
1333 4489 1460 4544 sacrata
1482 4478 1665 4565 triumphis,

856 4582 895 4646 ln
918 4604 983 4667 qua
1005 4583 1068 4646 iam
1093 4582 1205 4645 mundi
1227 4585 1295 4646 vita
1319 4585 1406 4646 salus
1429 4583 1560 4668 patitur.

774 4685 927 4770 Martyris
951 4687 1076 4769 egregii
1101 4684 1244 4769 Crispini
1269 4692 1302 4749 et
1325 4685 1533 4771 Crispiniani,

857 4790 1053 4854 Nominibus
1077 4811 1218 4874 quorum
1239 4791 1344 4874 fulget
1367 4799 1401 4855 et
1423 4793 1480 4855 illa
1503 4792 1613 4856 sacris.

681 5007 736 5052 xm
770 4987 833 5051 AD
858 4988 988 5052 ARAM
1013 4987 1219 5051 SANCTAE
1243 4988 1419 5052 MARlAE
1441 4989 1498 5052 ΕΤ
1522 4988 1796 5056 CLEMENTIS.

774 5098 847 5162 Hoc
871 5101 974 5162 altare
998 5098 1053 5161 dei
1076 5099 1220 5182 genitrix
1242 5099 1297 5183 pia
1318 5101 1408 5184 virgo
1432 5101 1537 5164 Mario

858 5201 1008 5286 Aspiciat
1033 5202 1129 5264 solita
1153 5221 1225 5263 curn
1249 5202 1372 5285 pietate
1395 5211 1523 5289 potens.

776 5303 980 5367 Pontifioalis
1004 5324 1101 5387 apex,
1124 5302 1216 5366 Petri
1239 5325 1409 5370 successor
1432 5313 1465 5371 et
1487 5308 1591 5370 almus

859 5406 1045 5471 Praeclaris
1069 5404 1223 5469 Clemens
1247 5413 1366 5488 augeat
1388 5417 1422 5472 et
1443 5410 1578 5473 meritis.

521 5544 796 5553 --·-—-——.-.--r-
808 5546 938 5552 ..-.-...-,-.
948 5545 1037 5552 .--,.,...-
1053 5545 1147 5550 ------.
1160 5545 1377 5552 ...ω--ν-ηὴ-
1413 5549 1417 5554 ,
1456 5549 1503 5554 ,-,,
1593 5549 1603 5554 ,
1613 5549 1623 5552 -
1636 5548 1662 5553 -.
1703 5549 1725 5554 .-
1738 5551 1783 5556 „—

496 5625 507 5686 l
529 5624 572 5689 [xi]
592 5625 608 5674 3
627 5629 741 5694 surgon

520 5756 546 5820 1)
566 5755 640 5808 Psol.
659 5760 744 5822 toul
763 5759 832 5813 Ecce
851 5776 935 5826 quam
952 5761 1058 5814 benum
1076 5763 1105 5812 et
1123 5779 1206 5828 quam
1225 5761 1375 5815 iucundum
1394 5763 1521 5818 habiture
1539 5767 1636 5817 imbres
1654 5764 1683 5815 in
1703 5783 1804 5822 unum.
