4936 6406
716 429 765 482 AD
782 428 962 483 KAROLUM
980 427 1255 482 IMPERATOREM.
1292 428 1341 480 ΑΙ)
1359 426 1565 482 ECCLFSIAM.

678 602 717 666 In
740 597 812 688 quis
835 603 1031 667 Romuleum
1055 623 1181 666 summa
1202 602 1322 666 virtute
1346 602 1508 686 gubernat

762 707 942 792 Imperium
963 704 1112 770 domiuus
1136 707 1290 791 pacificus
1313 704 1466 785 Karalus,

679 808 740 872 Cui
763 808 883 872 cedunt
898 829 1051 893 proceres
1076 816 1109 873 et
1132 810 1238 894 gloria
1261 811 1350 874 celsa
1371 810 1527 895 priorum,

760 910 846 975 Solis
871 910 1106 976 obumbrantur
1129 913 1238 977 sidera
1261 935 1321 978 ceu
1344 911 1454 994 radiis,

598 1037 621 1073 n
677 1013 830 1078 Flumina
852 1035 912 1078 ceu
934 1013 1021 1092 Nile,
1046 1016 1147 1079 colles
1172 1017 1346 1080 vincuntur
1369 1014 1511 1100 Olimpo,

761 1118 908 1202 Argenta
932 1117 1079 1181 obrizum
1103 1120 1175 1204 plus
1199 1121 1290 1183 velut
1314 1140 1369 1183 ore
1393 1120 1493 1182 nitet:

679 1221 743 1300 Sic,
767 1228 917 1306 auguste,
941 1222 1001 1286 tibi
1025 1221 1113 1286 cedit
1135 1224 1210 1302 iam,
1233 1224 1376 1286 maxime
1398 1242 1525 1306 regum,

759 1324 870 1406 Fama,
893 1327 997 1410 vigor,
1020 1327 1133 1406 virtus,
1157 1327 1271 1412 gloria,
1294 1347 1424 1403 nornen,
1448 1324 1561 1390 honor.

677 1429 814 1515 Singula
837 1451 912 1494 narn
936 1431 1070 1516 reliquis
1094 1432 1250 1495 virtutum
1274 1429 1360 1494 dona
1382 1427 1576 1509 redundant,

593 1555 618 1594 ao
761 1533 800 1596 In
823 1539 856 1597 te
880 1542 998 1597 cuncta
1020 1534 1111 1599 sidet
1134 1535 1271 1619 quisque
1294 1532 1436 1597 notando
1460 1533 1587 1618 probat.

676 1635 768 1716 Sunt,
792 1657 873 1720 quos
897 1635 1003 1700 forma
1025 1636 1157 1718 decens,
1182 1637 1264 1701 alios
1288 1642 1426 1700 ventosa
1448 1636 1603 1719 loquella,

758 1739 886 1804 Nobilis
910 1749 966 1805 aut
989 1743 1123 1826 sanguis
1147 1741 1304 1805 dextrave
1328 1740 1433 1804 Marte
1457 1745 1575 1826 potens

837 2486 845 2528 1
876 2463 1053 2529 VERSUS
1077 2462 1139 2528 AD
1163 2461 1430 2528 ECCLESIAM.

677 2584 771 2649 Haec
795 2593 845 2649 est
869 2586 952 2648 mira
973 2584 1090 2648 domus
1115 2584 1204 2648 vario
1229 2582 1361 2669 depicta
1384 2582 1528 2662 metalla,

759 2688 888 2753 Nobilis
911 2689 943 2753 in
967 2690 1065 2769 clerc,
1087 2688 1241 2773 dogmate
1264 2688 1353 2752 clara
1375 2688 1440 2773 pio.

675 2791 766 2855 Auro
789 2798 878 2856 tecta
900 2793 1015 2870 nitent,
1040 2792 1150 2877 paries
1174 2797 1353 2876 argenteus
1376 2791 1476 2870 albet,

758 2892 811 2956 Ex
833 2894 935 2958 nitido
959 2915 1075 2980 pressa
1098 2915 1260 2958 marmore
1284 2901 1372 2958 terra
1394 2893 1505 2977 gemit.

607 3018 619 3054 a
677 2995 771 3062 Haec
794 2998 938 3063 formosa
960 2998 1075 3064 domus
1098 3035 1140 3045 —
1165 3000 1271 3062 viator
1293 3018 1493 3082 cognoscere
1516 2996 1619 3061 debes
1641 3033 1684 3044 -

759 3099 905 3187 Corpora
928 3109 1117 3166 sanctorum
1141 3101 1288 3165 continet
1308 3121 1373 3164 una
1395 3101 1493 3165 trium
1508 3101 1528 3162 ¹.

865 3353 884 3394 ιι
916 3331 1091 3395 VERSUS
1114 3331 1177 3396 AD
1200 3330 1396 3396 FONTEM.

676 3450 739 3515 Hic
763 3451 835 3516 fons
859 3452 1005 3536 inriguus
1030 3454 1143 3517 vitalia
1165 3452 1245 3516 dora
1268 3453 1440 3529 ministrat,

757 3553 801 3618 Et
823 3575 982 3619 renovans
1005 3557 1144 3642 populos
1166 3556 1267 3619 mittit
1290 3555 1331 3619 ad
1353 3561 1442 3619 astra
1464 3552 1537 3617 deo.

675 3656 727 3720 Eu
750 3657 796 3721 ibi
820 3659 969 3722 Christus
993 3658 1095 3739 adest,
1120 3661 1176 3745 qui
1197 3660 1293 3746 primi
1316 3659 1415 3723 fontis
1439 3659 1530 3742 origo

757 3762 873 3826 Abluit
896 3783 990 3827 ornus
1013 3764 1130 3842 scelus,
1154 3770 1274 3849 purgat
1297 3771 1331 3828 et
1354 3784 1449 3827 omne
1474 3762 1579 3828 nefas.

607 3885 619 3922 ι
678 3864 806 3930 Currite
830 3886 915 3929 nuuc
938 3867 1031 3952 pueri
1054 3865 1095 3930 ad
1117 3867 1233 3931 latices
1253 3866 1423 3952 undasque
1447 3873 1602 3945 sacratas,

758 3968 918 4034 Sordibus
942 3969 975 4034 in
998 3971 1114 4035 mersis
1137 3991 1275 4044 munera
1298 3971 1381 4035 ferte
1405 3969 1476 4034 dec.

813 4221 844 4265 ιιι
877 4200 1054 4265 VERSUS
1077 4200 1140 4265 AD
1164 4199 1451 4267 FENESTRAM.

674 4323 725 4387 Ne
748 4321 880 4386 David²
901 4323 1075 4408 grabatum
1098 4330 1275 4410 temptator
1298 4322 1434 4387 callidus
1458 4323 1568 4404 intret,

759 4425 914 4510 Signatur
937 4425 1061 4490 domini
1083 4427 1147 4491 ista
1169 4427 1315 4492 fenestra
1337 4433 1453 4491 manu!

415 4718 445 4772 ll
460 4723 554 4788 quibus
563 4720 745 4774 rumulcumP
813 4719 844 4771 12
853 4722 990 4774 carolusP
1057 4723 1090 4774 13
1099 4725 1223 4778 cctuutP
1291 4723 1323 4775 15
1332 4743 1365 4776 eu
1375 4726 1427 4776 nilo
1438 4724 1463 4774 P
1513 4721 1609 4775 olimP
1678 4721 1709 4773 16
1719 4724 1834 4775 obrizum
1842 4726 1963 4777 arabeum

310 4825 411 4858 murum
430 4809 487 4875 plus
505 4810 577 4859 uelut
594 4811 655 4861 hors
672 4811 736 4860 uitet
749 4807 779 4871 P,
797 4810 856 4874 plus
874 4811 938 4860 uitat
956 4812 1084 4861 Arabsum
1096 4813 1166 4862 Mor.
1255 4809 1287 4862 17
1305 4813 1348 4862 dat
1365 4812 1432 4861 cedit
1445 4809 1470 4859 P
1553 4807 1586 4858 19
1605 4809 1727 4861 uirtutem
1739 4809 1766 4861 P
1841 4810 1967 4864 201aP

310 4897 427 4961 quisquis
445 4897 551 4947 notiudo
563 4896 589 4945 P
684 4893 716 4945 21
736 4897 823 4946 diacus
836 4895 862 4944 P
948 4895 983 4947 22
1001 4899 1029 4947 in
1042 4897 1068 4947 P
1082 4900 1178 4949 lacuna
1195 4917 1248 4949 oon
1265 4907 1355 4960 erutor,
1372 4898 1417 4948 aad
1434 4898 1521 4946 anulus
1538 4896 1616 4945 ruber
1631 4905 1690 4960 post
1705 4913 1805 4947 versum
1823 4895 1857 4949 22
1874 4916 1964 4950 marus

310 4991 353 5046 est,
371 4983 415 5047 pai
432 4983 512 5033 liter-ia
528 4983 644 5033 cathenis
655 4982 809 5048 ficmentum
820 4983 890 5048 solio
910 4980 958 5033 121
978 4985 1089 5048 requitur
1107 4986 1244 5050 Epitalium
1262 4986 1309 5035 filii
1328 4984 1450 5034 Cothonis
1468 4982 1508 5032 la'c
1528 4981 1648 5031 emisam
1667 4980 1751 5044 (Riese
1769 4981 1838 5048 683).

380 5067 424 5134 [VI
437 5065 453 5133 1]
476 5067 493 5119 3
515 5070 610 5119 intecta
622 5068 648 5118 P
728 5077 806 5119 annet
823 5069 853 5131 P,
876 5071 945 5120 albet-
962 5070 1032 5120 Mar.
1139 5070 1156 5120 5
1173 5073 1259 5122 ulatur
1272 5070 1302 5132 P,
1319 5072 1401 5120 uictor
1413 5069 1493 5131 Mar,
1511 5069 1594 5118 viator
1605 5067 1664 5117 Mai
1765 5066 1775 5135 ll
1793 5067 1829 5135 [ιι]
1847 5073 1930 5122 sontes
1942 5070 1968 5121 P

310 5157 404 5206 sontem
417 5155 475 5204 Mai
596 5153 611 5205 1
629 5156 690 5205 dora
699 5152 731 5217 P,
748 5155 814 5206 dona
831 5156 902 5206 Mar.
1019 5155 1165 5224 apopores
1178 5157 1203 5207 P
1313 5153 1331 5207 4
1354 5156 1453 5206 scaelus
1466 5152 1492 5203 P
1596 5152 1613 5204 6
1631 5155 1749 5205 inmarcis
1762 5154 1788 5205 P
1857 5165 1929 5209 ucrtc
1942 5157 1967 5207 P

312 5239 322 5302 ΙΙ
336 5238 385 5308 [ιιι]
406 5241 419 5291 1
437 5249 576 5308 temptatur
587 5239 614 5290 P
678 5240 810 5320 iutratP'

416 5412 441 5474 1)
461 5411 604 5480 Dionysii,
624 5411 740 5474 Rustici,
755 5411 920 5476 Eleutherii,
938 5413 974 5481 es.
989 5417 1060 5467 Aan.
1075 5413 1204 5469 Laurisa.
1222 5414 1288 5468 osai.
1301 5413 1366 5478 757;
1385 5413 1515 5482 Dorycli
1527 5411 1670 5480 epistolam
1688 5411 1777 5472 (Mon.
1792 5411 1881 5468 Cerci.
1893 5415 1964 5484 434).

314 5512 357 5580 Cf.
379 5514 451 5567 Hor.
471 5513 540 5566 liter.
558 5513 592 5566 de
611 5513 720 5567 Franco
733 5514 862 5578 1V‚498:
881 5515 918 5569 Co
938 5519 1002 5570 sont
1020 5517 1093 5570 deux
1111 5516 1298 5586 inscriptions,
1317 5517 1391 5570 l'une
1410 5533 1481 5585 pour
1496 5515 1604 5568 relever
1622 5513 1661 5566 les
1678 5513 1794 5568 beantes
1812 5515 1847 5569 de
1859 5515 1965 5586 l'eglise

311 5615 347 5669 de
365 5615 391 5669 S.
404 5617 504 5684 Denys,
524 5632 578 5683 quc
597 5615 652 5668 l'on
671 5616 786 5686 designo
805 5617 967 5672 clairement
988 5637 1059 5688 pour
1076 5621 1104 5674 la
1122 5621 1239 5689 qualite',
1258 5621 1340 5687 qu'on
1360 5620 1401 5674 lui
1420 5620 1511 5673 donne
1530 5618 1565 5671 de
1583 5615 1750 5706 depositaire
1769 5619 1816 5673 dea
1834 5637 1913 5690 corps
1931 5622 1965 5677 de

312 5719 380 5772 trois
398 5719 487 5772 saints
506 5721 633 5786 martyra.
703 5720 729 5786 2)
747 5720 766 5772 ι’.
784 5736 806 5773 e.
827 5720 921 5773 Caroli
938 5722 1044 5790 Mopni.

384 5819 488 5867 Porrus
501 5828 585 5866 ιΑτιιιι
596 5829 655 5865 ssvr
667 5817 792 5866 Cuaomru
805 5818 823 5867 1.
1728 5817 1762 5874 51
