4694 6428
832 391 970 444 VERSUS
991 391 1039 444 AD
1058 390 1259 444 PAULINUM.

581 566 738 650 Protegat
761 572 858 650 etque
881 571 984 649 rogat,
1008 565 1164 628 virtutum
1188 563 1319 628 floribus
1343 571 1447 629 ornet.

582 668 695 752 Tuque
717 667 831 745 Maris,
855 667 908 731 dei
932 667 1092 752 genetrix,
1118 667 1324 730 sanctissime
1346 667 1448 751 virge,

581 772 743 857 Prospere
766 779 883 835 cuncte
907 792 980 834 meo
1004 771 1141 834 Pauline
1165 791 1275 855 posce,
1298 791 1480 855 precamur.

582 875 627 939 Ut
649 876 770 960 vigeat,
794 875 902 938 valeat
925 873 1046 938 Christi
1070 874 1215 959 repletus
1239 895 1360 939 amore.

513 1002 524 1036 s
581 978 651 1041 Vos
674 999 813 1063 quoque,
836 999 911 1042 esra
935 979 1030 1041 simul
1053 985 1240 1040 sanctorum
1265 977 1369 1056 turbs,
1393 975 1528 1052 tonanti,

580 1080 642 1154 Qui
666 1082 795 1145 bibulas
819 1083 913 1168 proni
935 1081 1067 1144 monitis
1091 1079 1289 1145 caelestibus
1312 1101 1408 1144 eures
1424 1081 1445 1160 ¹,

580 1184 750 1249 Ecclesiae
774 1192 894 1270 patres
918 1184 1077 1248 habuistis
1102 1205 1232 1268 semper
1254 1193 1397 1269 apertos,

580 1288 624 1352 Et
645 1310 730 1353 nuuc
755 1310 827 1353 cum
850 1287 980 1351 Christe
1004 1287 1162 1351 caelestis
1185 1308 1286 1370 regna
1308 1287 1439 1366 tenetis,

581 1392 722 1456 Fundite
745 1413 868 1478 proque
892 1393 956 1455 mei
980 1391 1119 1462 Paulini,
1144 1411 1254 1476 poseo,
1278 1389 1384 1452 salute

499 1519 516 1554 a
583 1495 664 1560 Cum
687 1495 809 1580 pietate
834 1516 948 1580 preces
974 1515 1099 1557 summo
1124 1513 1222 1578 super
1245 1493 1353 1556 omnio
1374 1492 1456 1576 regi,

579 1599 625 1663 Ut
647 1599 767 1682 vigent,
790 1599 897 1661 valeat
920 1597 1041 1661 Christi
1065 1604 1222 1684 precepta
1245 1603 1377 1660 secutus
1390 1596 1413 1660 ².

580 1702 624 1766 Et
646 1723 715 1779 vos,
740 1702 902 1765 eeclesiae
926 1708 1058 1764 sanotae
1084 1701 1290 1764 sanctissima
1312 1701 1432 1786 proles,

581 1808 619 1870 In
642 1827 812 1870 commune
836 1827 951 1890 precor
973 1811 1136 1890 prostrato
1160 1825 1295 1890 corpore
1319 1805 1425 1886 terris.

579 1909 688 1993 thue
712 1910 777 1972 mei
800 1929 910 1971 eurem
933 1908 1061 1971 Paulini
1083 1907 1233 1970 habeatis
1257 1907 1288 1971 in
1312 1928 1439 1982 aevum,

499 2037 523 2072 ss
580 2013 673 2078 Illius
696 2019 729 2076 et
752 2012 851 2076 vitam
876 2012 1028 2097 precibus
1052 2009 1271 2074 commendite
1296 2009 1436 2080 Christo,

580 2115 626 2180 Ut
649 2117 768 2200 vigeat,
793 2114 900 2178 voleat
922 2115 1082 2198 longaevo
1106 2119 1254 2198 tempere
1278 2135 1387 2177 sanus.

580 2220 734 2303 Angelici
755 2219 875 2282 facicm
899 2223 1012 2281 coetus
1035 2218 1088 2302 qui
1112 2217 1244 2280 cernitis
1267 2217 1398 2286 almam.

581 2323 736 2409 Perpetui
759 2323 862 2409 patris
887 2321 1023 2385 caelesti
1046 2321 1078 2383 in
1102 2321 1243 2383 culmine
1268 2341 1407 2406 semper,

580 2425 743 2511 Expansis
767 2425 917 2488 manibus
940 2423 1054 2488 humili
1078 2421 1135 2486 sed
1159 2429 1293 2508 pectore
1316 2444 1425 2508 posce,

579 2528 648 2591 Vos
672 2548 800 2611 quoque
823 2527 995 2591 Paulinum
1019 2525 1172 2612 precibus
1195 2524 1362 2590 defendite
1385 2528 1514 2606 vestris,

579 2631 624 2695 Ut
646 2631 792 2716 gaudens
816 2639 934 2715 regnet
956 2640 1065 2695 vestro
1089 2630 1232 2695 sociatus
1257 2631 1382 2694 honori.

578 2736 799 2820 Aeternisque
823 2735 876 2799 dei
899 2735 1069 2798 vobiscum
1093 2734 1244 2800 laudibus
1267 2733 1365 2814 adsit,

578 2839 695 2923 Regna
718 2838 815 2903 beata
838 2845 964 2912 tenens,
988 2838 1068 2901 felix
1092 2839 1162 2902 sine
1186 2838 1259 2920 fines
1284 2838 1443 2923 polorum.

579 2943 651 3007 Hos
674 2964 753 3027 rogo
777 2944 956 3007 versiculos
980 2943 1113 3016 habeas,
1137 2951 1230 3030 pater
1254 2944 1385 3029 optime,
1409 2950 1516 3008 tecum
1527 2943 1549 3024 ³,

511 3070 521 3104 s
579 3047 625 3111 Ut
647 3054 704 3111 tua
727 3067 818 3111 ruens
841 3055 1000 3111 memoret
1021 3048 1107 3111 leeto
1130 3069 1188 3132 pro
1213 3047 1355 3111 carmine
1379 3053 1500 3112 natum.

579 3149 629 3213 Sit
653 3149 712 3213 tibi
737 3150 886 3215 Christus
909 3172 1009 3230 emor,
1033 3152 1147 3222 virtus,
1170 3149 1288 3227 decue,
1312 3151 1421 3214 omnia
1444 3149 1605 3231 Christus

581 3253 631 3317 Sit
655 3254 717 3327 vis,
740 3255 818 3334 vita,
842 3256 941 3332 salus,
965 3275 1041 3340 spes
1065 3262 1098 3317 et
1121 3255 1202 3334 laus,
1226 3254 1331 3338 gloria
1354 3274 1472 3340 perpes

579 3355 717 3443 Semper
739 3357 772 3420 in
796 3379 852 3420 ore
876 3365 980 3438 sonet,
1004 3363 1198 3441 maneatque
1222 3357 1255 3420 in
1276 3363 1415 3442 pectore
1439 3380 1579 3444 semper,

577 3459 623 3524 Ut
646 3459 707 3523 tibi
730 3480 803 3522 curn
827 3461 947 3524 sanetis
970 3461 1094 3524 tribuat
1117 3460 1273 3524 caelestia
1295 3481 1414 3545 regna:

581 3563 653 3637 Qus
674 3584 799 3628 memor
821 3569 892 3628 esto
916 3565 964 3628 tui
987 3565 1065 3642 nati,
1090 3571 1121 3629 tc
1145 3585 1244 3650 posco
1268 3565 1452 3650 perillum,

580 3664 644 3739 Qui
666 3672 699 3730 te
723 3673 915 3752 perpetuam
939 3669 1022 3731 eseli
1045 3667 1186 3732 deducat
1209 3667 1241 3731 in
1264 3668 1406 3733 eulanr‘.

579 3769 623 3832 Et
646 3790 741 3846 nune,
765 3776 800 3834 et
823 3792 963 3857 semper,
987 3772 1030 3835 mi
1053 3772 1098 3836 mi
1120 3771 1257 3836 Pauline
1281 3771 1399 3838 valeto.

579 3872 740 3937 Carminis
763 3873 816 3937 hic
839 3874 938 3938 finem
960 3875 1104 3938 lacrimis
1127 3875 1284 3938 faciemus
1309 3873 1441 3954 obortis,

580 3974 646 4040 Sed
669 3996 833 4060 nunquam
857 3978 940 4042 sacri
964 3978 1063 4042 finem
1086 3978 1244 4042 faciemus
1267 3978 1420 4042 emorisl.

316 4339 349 4391 15
366 4349 495 4393 uirentem
508 4341 533 4391 Z
618 4338 652 4391 ‘2⁸2
664 4349 766 4392 serietas
783 4359 829 4390 ens.
853 4347 875 4402 U
965 4339 999 4392 ‘23
1017 4351 1141 4407 prostrate
1158 4359 1261 4408 corpore
1279 4346 1394 4406 sanuel)
1479 4340 1514 4393 24
1532 4344 1650 4410 Angelici
1668 4345 1758 4395 faciem
1775 4363 1860 4396 caram

213 4428 350 4489 l‘euliniQ
446 4424 479 4476 ‘27
498 4437 585 4478 caetus
606 4431 635 4488 Q,
655 4433 742 4477 coelus
758 4426 783 4474 Z
882 4424 1047 4478 ebrehario
1065 4428 1090 4476 Z
1183 4425 1217 4478 32
1235 4429 1317 4480 leudis
1336 4429 1362 4478 Z
1456 4426 1490 4480 35
1508 4430 1574 4481 lseto
1595 4431 1617 4492 Q
1706 4427 1740 4480 37
1758 4431 1800 4480 uia
1818 4436 1862 4481 tue

212 4514 281 4564 selus
299 4514 325 4563 Z
391 4530 480 4580 perpes
498 4521 602 4565 aeterne
620 4513 645 4562 Z
743 4509 778 4561 43
797 4512 919 4564 lheienrus
936 4514 1027 4563 ametis
1047 4513 1070 4575 Q
1172 4512 1207 4564 44
1224 4515 1319 4565 ubertis
1337 4515 1362 4564 Z

317 4702 344 4767 1)
372 4700 415 4767 Cf.
438 4715 526 4768 supra
542 4715 573 4768 p.
596 4699 648 4752 ‘232
674 4697 712 4751 ad
738 4697 908 4767 Hipboldum
936 4699 1017 4767 episc.
1044 4718 1067 4754 v.
1090 4700 1138 4752 141
1166 4701 1280 4755 lllorunr
1306 4701 1416 4756 bibulas
1443 4701 1558 4756 monitis
1583 4701 1748 4756 caelestibus
1775 4721 1862 4756 aures.

212 4807 239 4870 2)
258 4805 301 4872 Cf.
316 4819 411 4857 uersus
427 4802 465 4856 ad
483 4802 693 4856 Aellrelburdum
711 4803 727 4856 3
746 4803 836 4870 (Mon.
857 4802 966 4856 Alcuin.
982 4821 1012 4873 p.
1032 4806 1107 4872 796);
1139 4805 1182 4859 Sis
1194 4805 1278 4860 alecus
1290 4808 1448 4872 aecclesiae,
1467 4806 1568 4862 Christi
1582 4809 1732 4875 praecepta
1745 4810 1862 4861 secutus.

211 4911 238 4972 3)
258 4908 301 4975 Cf.
320 4922 426 4960 curruca
445 4905 483 4960 ad
499 4905 615 4959 anticum
632 4904 734 4960 absent.
754 4905 922 4974 (Frobenius
940 4906 984 4971 ΙΙ,
1003 4907 1065 4974 234)
1081 4925 1104 4960 v.
1119 4909 1166 4961 19:
1186 4908 1242 4962 Hos
1261 4926 1328 4979 rogo
1341 4909 1490 4963 versiculos
1503 4912 1595 4963 tecum
1608 4911 1656 4972 fer,
1670 4910 1755 4963 freter
1766 4910 1862 4964 amice.

212 5013 239 5078 l)
254 5013 297 5080 Cf.
311 5028 412 5073 cneus,
432 5011 532 5078 quihus
551 5010 689 5063 albuinus
707 5010 849 5078 epistolem
866 5029 892 5065 a.
912 5011 962 5064 796
980 5011 1018 5065 ad
1036 5011 1185 5064 Paulinum
1202 5011 1296 5066 datam
1314 5015 1395 5079 (abd
1412 5031 1439 5081 p.
1457 5013 1519 5080 ⁴286)
1537 5012 1658 5067 claudit:

622 5113 732 5166 Floreat
750 5113 780 5166 in
797 5117 890 5169 vestro
908 5115 1011 5169 divinis
1030 5119 1142 5186 pectore
1160 5117 1240 5170 donis

674 5199 789 5268 Semper
806 5199 836 5252 in
854 5204 999 5254 ueternum
1018 5201 1126 5270 sophis,
1145 5205 1240 5256 sancte
1259 5206 1347 5272 peter.

622 5285 661 5339 Tc
679 5285 748 5338 mihi
767 5289 910 5340 conservet
928 5286 1029 5340 Christi
1048 5287 1146 5341 dextra
1164 5287 1364 5357 omnipotentis

674 5371 852 5434 Incolumem,
870 5373 976 5426 meritis
994 5377 1100 5443 augeat
1116 5373 1260 5436 aethereis,

558 5482 569 5517 ⁵
622 5457 714 5512 Donec
733 5457 867 5528 suscipiat
884 5458 950 5512 felix
969 5461 998 5513 te
1016 5463 1098 5528 ports
1116 5459 1250 5529 polorum,

669 5545 730 5609 Qun
747 5561 851 5598 memor
869 5547 927 5599 esto
946 5547 995 5600 tuo
1014 5562 1121 5616 semper
1140 5545 1169 5600 iu
1187 5563 1233 5600 ore
1251 5545 1315 5600 mei.

211 5648 237 5712 ὁ)
257 5647 301 5714 Cf.
320 5646 435 5699 Alcuim'
452 5649 530 5714 epist.
550 5646 712 5702 adalbardo
730 5646 827 5702 abbati
843 5647 953 5702 aeneam
971 5649 1061 5717 (Mon.
1079 5649 1190 5704 Alcuin.
1209 5649 1282 5718 lrej:

279 5763 384 5814 Poenas
396 5772 481 5812 earne
498 5774 556 5812 arvi
571 5763 696 5816 Cenoerur
709 5765 728 5816 l.
