4554 6434
568 411 706 466 VERSUS
726 413 772 466 DE
789 413 939 469 SANCTIS
959 413 1218 469 EUBORICENSIS
1237 413 1436 471 ECCLESIAE.

590 585 748 650 Omnibus
771 592 808 650 ut
829 586 923 651 fieret
944 609 1065 674 parvus
1088 609 1196 674 sopor,
1220 611 1297 655 esca
1319 589 1379 655 sub
1402 597 1491 666 actu;

588 687 663 752 Non
678 697 782 753 terras
798 689 979 774 victusque,
995 689 1121 771 domus,
1138 693 1377 774 nummismata,
1388 699 1508 774 vestes,

588 790 659 856 Nee
683 793 856 877 quicquam
878 795 1044 878 proprium
1070 795 1201 860 sibimet
1223 797 1287 861 iam
1309 796 1451 862 vindicet
1479 797 1576 876 ullus,

588 893 706 958 Omnia
729 895 787 959 sed
810 896 934 959 cunctis
956 896 1074 962 fierent
1096 899 1278 963 communia
1301 920 1440 985 semper.

508 1016 518 1054 r
592 995 655 1070 Qui
677 1004 807 1064 terrena
831 998 904 1078 sibi,
929 1001 1093 1065 caelorum
1115 1003 1168 1066 vel
1191 1004 1275 1088 petit
1297 1003 1425 1083 haeres,

589 1098 726 1181 Gaudia,
749 1102 804 1185 qui
827 1101 952 1166 cunctis
975 1101 1070 1167 fieret
1093 1105 1278 1169 communia
1299 1105 1403 1190 regni.

588 1201 654 1268 Hic
677 1205 749 1290 pius
773 1204 911 1269 antistes
933 1205 1061 1289 magnis
1085 1207 1259 1272 virtutibus
1284 1208 1379 1272 buius

588 1304 740 1392 Implevit
761 1313 936 1392 postquam
958 1309 1144 1392 praesentis
1166 1317 1315 1395 tempora
1337 1311 1433 1389 vitae,

588 1409 720 1475 Transit
740 1411 774 1475 in
796 1410 985 1475 aetheream
1007 1412 1113 1476 laetus
1136 1412 1277 1478 feliciter
1299 1413 1417 1477 aulam.

507 1533 531 1570 u
631 1513 727 1578 Visio
749 1514 951 1599 temporibus
973 1515 1193 1580 memorabilis
1215 1521 1289 1580 aeta
1310 1516 1371 1580 sub
1394 1514 1508 1595 isdem,

589 1613 634 1678 Ut
657 1637 732 1681 reor
754 1616 786 1680 in
809 1623 921 1680 nostro
946 1617 992 1680 sie
1016 1617 1078 1681 erit
1104 1616 1132 1680 si
1155 1618 1297 1682 carmine
1322 1618 1452 1703 scripta.

588 1717 741 1783 Proderit
763 1725 898 1783 aeterna
920 1718 1030 1782 multis
1053 1716 1094 1783 de
1117 1727 1221 1784 morte
1244 1719 1409 1784 vocandis.

586 1821 707 1886 Posset
728 1829 765 1886 ut
788 1843 866 1906 ergo
889 1821 1013 1885 animas
1036 1821 1125 1886 vitiis
1149 1843 1264 1888 sanare
1287 1831 1483 1909 peremptas,

587 1923 735 1989 Mortuus
759 1946 836 1990 ecce
860 1924 916 1989 diu
940 1926 1082 1990 surrexit
1105 1947 1241 2012 corpore
1265 1925 1396 2011 quidam
1407 1929 1427 2007 ¹,

586 2027 754 2113 Multaque
777 2050 861 2113 quae
883 2029 966 2093 vidit
989 2037 1169 2094 memoratu
1191 2029 1291 2115 digna
1313 2030 1450 2109 ferebat,

586 2130 614 2194 E
639 2131 756 2216 quibus
779 2131 832 2196 hic
854 2132 975 2195 nostris
998 2131 1156 2198 addemus
1179 2154 1282 2217 pauca
1304 2132 1481 2196 camoenis.

585 2233 674 2320 Ergo
697 2234 828 2299 domum
844 2235 1008 2319 propriam
1024 2235 1184 2299 communi
1198 2235 1232 2299 in
1248 2235 1346 2322 plebe
1363 2234 1509 2312 maritus,

585 2337 694 2424 Atque
718 2360 810 2403 suam
833 2339 919 2403 rexit
942 2339 1027 2403 iusto
1050 2339 1273 2404 moderamine
1297 2339 1407 2418 vitam,

587 2440 650 2515 Qui
673 2449 747 2529 post
769 2449 875 2506 taetus
899 2448 970 2506 erat
993 2442 1105 2506 morbo
1128 2443 1192 2506 iam
1217 2442 1324 2507 carnis
1347 2441 1476 2520 acerbo,

520 2567 530 2602 a
585 2544 713 2630 Perque
738 2545 808 2610 dics
830 2546 950 2609 multos
974 2545 1081 2609 valido
1105 2551 1274 2610 arescente
1298 2543 1422 2625 dolore,

585 2647 737 2711 Infirmus
761 2648 922 2712 recubans
945 2655 1094 2713 extrema
1117 2649 1261 2734 pericula
1284 2647 1393 2721 duxit;

587 2751 735 2815 Mortuus
758 2773 796 2816 ac
819 2751 951 2816 tandem
974 2753 1078 2836 primo
1103 2752 1164 2817 sub
1188 2759 1335 2838 tempore
1358 2751 1474 2830 noctis,

585 2854 667 2919 Eius
690 2856 725 2919 in
748 2860 897 2920 extrema
919 2856 1083 2941 respirans
1107 2861 1199 2941 parte
1225 2855 1354 2934 reuixit,
1468 2853 1470 2856 ’

586 2957 695 3043 Atque
717 2957 920 3042 resurgendo
944 2965 1078 3023 cunctos
1102 2958 1198 3022 simul
1221 2958 1297 3024 inde
1321 2957 1445 3042 fugavit

496 3081 497 3084 ¹
585 3059 725 3124 Funeris
750 3061 926 3146 exsequias
949 3068 1147 3147 peragentes
1169 3070 1265 3128 nocte
1289 3063 1349 3128 sub
1373 3063 1454 3147 ipsa.

584 3161 664 3226 Plus
689 3162 747 3228 sed
769 3184 879 3228 amore
896 3163 1011 3248 vigens
1035 3165 1156 3229 coniux
1178 3166 1224 3231 ibi
1248 3167 1318 3230 sola
1341 3165 1509 3244 remansit,

585 3261 690 3336 Quam
713 3264 849 3328 nimium
871 3264 1021 3350 pavidam
1049 3265 1180 3331 rediens
1204 3288 1223 3330 a
1246 3274 1350 3331 morte
1373 3266 1510 3330 maritus

586 3366 749 3453 Coeperat
771 3367 904 3447 hortari,
928 3369 1063 3453 reliquis
1086 3369 1288 3454 fugientibus
1311 3371 1415 3435 illinc:

587 3469 690 3544 ‘Quae
712 3471 792 3534 mihi
807 3471 873 3535 fida
886 3472 965 3536 satis
981 3493 1132 3537 remanes
1149 3495 1192 3538 ex
1209 3474 1380 3554 omnibus',
1395 3473 1508 3558 inquit,

539 3629 543 3637 .
587 3573 645 3638 ‘Te
669 3595 759 3660 rogo,
782 3596 823 3638 nc
840 3582 966 3640 metuas
984 3597 1069 3640 nunc
1085 3597 1149 3657 me,
1173 3576 1361 3641 dulcissima
1377 3577 1507 3640 coniux.

585 3676 670 3741 Vivo
694 3676 856 3762 equidem,
878 3700 955 3744 vcrc
980 3680 1109 3744 surrexi
1132 3701 1152 3744 a
1174 3686 1277 3744 morte
1301 3679 1468 3758 remissus,

586 3779 651 3844 Sed
673 3780 753 3844 mihi
775 3782 872 3866 longe
896 3781 991 3846 aliter
1013 3803 1098 3846 nunc
1123 3782 1227 3847 altera
1249 3781 1319 3846 vita
1342 3779 1509 3866 sequenda
1532 3785 1597 3856 est3

586 3883 713 3949 Gaudia
735 3886 788 3949 vel
811 3886 907 3949 luxus
930 3905 1037 3950 meme
1060 3884 1214 3952 damnare
1238 3906 1375 3951 necesse
1399 3885 1470 3950 est'.

583 3986 654 4052 Nec
676 4007 769 4052 mora
790 3986 911 4052 divitiis
934 4009 1012 4052 mox
1035 3989 1185 4054 omnibus
1208 3989 1264 4054 illc
1288 3988 1422 4068 relictis,

587 4087 662 4153 Iura
685 4090 876 4154 monasterii
898 4088 1017 4155 devoto
1040 4097 1091 4155 est
1114 4090 1211 4156 eorde
1236 4097 1379 4172 secutus,

584 4193 693 4278 Atque
718 4193 764 4257 ibi
786 4198 853 4256 tam
876 4190 956 4257 duro
979 4192 1105 4257 domuit
1128 4193 1188 4257 sub
1212 4192 1357 4279 pondere
1381 4214 1508 4280 corpus,

585 4295 631 4361 Ut
652 4296 748 4361 facile
772 4317 815 4360 ex
836 4296 904 4360 vita
925 4303 1061 4383 possent
1084 4318 1285 4382 cognoscere
1310 4298 1428 4377 cuncti,

586 4399 678 4474 Quae
700 4399 753 4464 vel
776 4405 897 4484 quanta
918 4399 1009 4484 prius
1032 4399 1148 4463 ductus
1165 4398 1206 4463 de
1223 4420 1358 4485 corpore
1375 4395 1509 4464 crevit².

584 4501 653 4567 Isto
675 4523 814 4587 namque
837 4501 933 4567 modo
956 4523 1039 4586 quae
1062 4501 1143 4566 vidit
1166 4501 1251 4567 ferre
1277 4503 1415 4567 solebat.

586 4603 815 4691 ‘Splendidus',
831 4605 945 4689 inquit,
958 4609 1050 4686 ‘erat,
1063 4605 1117 4690 qui
1129 4626 1181 4669 mc
1201 4603 1241 4669 de
1258 4625 1394 4690 corpore
1407 4604 1511 4683 duxit,

583 4707 628 4772 Et
650 4714 761 4772 contra
783 4708 944 4772 aestivum
968 4709 1047 4772 solis
1069 4707 1290 4793 processimus
1319 4713 1435 4787 ortum,

583 4809 654 4884 Quo
676 4811 829 4876 adlatam
845 4811 965 4876 vallem
980 4810 1171 4876 devenimus
1187 4817 1285 4895 atque
1307 4808 1511 4896 profundam,

585 4915 685 4979 Cuius
707 4915 741 4977 in
763 4912 941 4997 oblongum
964 4919 1102 4978 extensa
1125 4920 1176 4978 est
1199 4915 1270 4977 sine
1290 4913 1354 4976 fine
1378 4932 1510 4996 vorago,

584 5019 675 5092 Quae
698 5019 783 5081 latus
805 5015 1003 5080 horrendum
1025 5017 1162 5080 flammis
1187 5016 1387 5080 ferventibus
1410 5015 1485 5092 urit,

488 5145 526 5183 aru
581 5122 689 5207 Atque
712 5117 801 5184 aliud
823 5118 939 5183 habuit
961 5120 1090 5204 glaciali
1113 5118 1271 5204 grandine
1304 5119 1445 5204 plenum.

581 5226 674 5291 Haec
696 5221 866 5288 animabus
889 5229 960 5286 erat
980 5223 1147 5287 hominum
1170 5222 1247 5286 hinc
1270 5219 1345 5284 inde
1374 5221 1511 5306 repleta,

502 5400 778 5408 .-..-—.-,....—-—-1·
804 5400 814 5405 ¹-
997 5398 1195 5404 -.--—.—--.
1212 5395 1395 5402 .-.---.——---.-
1414 5395 1493 5400 .—..

270 5523 318 5575 8'll
339 5525 434 5574 Βοαιπι
453 5529 601 5588 ccrmptum
620 5539 680 5585 esse,
697 5522 750 5570 iarn
771 5519 867 5570 eatae
886 5517 1013 5567 asteriscis
1026 5517 1117 5582 positia
1135 5517 1262 5566 irrdicauit.
1367 5513 1419 5565 909
1437 5523 1517 5566 urunt
1537 5514 1609 5564 Gale.

272 5694 297 5760 1)
316 5693 487 5746 Dritbetmus
504 5699 623 5764 vocatus.
642 5693 691 5762 qui
710 5688 901 5746 monasterium
922 5688 1047 5741 llloilros
1065 5685 1106 5739 cel
1124 5685 1242 5739 Metrosc
1260 5685 1382 5737 intrauit.
1487 5685 1513 5750 2)
1531 5683 1548 5739 i.
1571 5701 1593 5738 e.
1613 5682 1690 5736 vidia
