4756 6412
863 400 1001 455 VERSUS
1020 401 1168 456 CONTRA
1188 401 1338 455 INDICES.

553 595 578 632 ⁴⁵
636 574 746 639 Iustus
770 576 816 639 ait
838 574 999 644 dominus.
1023 573 1183 639 moderati
1205 575 1285 639 iuris
1309 581 1444 650 amator,

721 679 821 744 Cuius
845 701 947 744 ovans
970 681 1079 744 vultus
1104 679 1212 743 omnia
1234 679 1322 743 iusta
1344 678 1444 751 vidct,

636 783 700 849 Hie
724 785 771 848 ita
793 804 948 848 censores
972 803 1090 868 pravos
1114 783 1165 846 his
1189 783 1325 848 vocibus
1348 784 1480 848 hiscens

719 887 885 951 Admonet
908 893 942 950 et
964 886 1096 950 monitis
1120 885 1241 950 talibus
1265 908 1323 951 ora
1345 889 1499 952 movet¹:

636 993 696 1056 ‘Ut
719 991 797 1078 quid
819 990 948 1056 iudiciis
972 990 1070 1054 toties
1094 991 1224 1054 instatis
1248 992 1380 1076 iniquis,

553 1119 578 1154 ⁵0
721 1094 766 1160 Et
788 1094 858 1159 fera
879 1101 1075 1179 peccantum
1098 1094 1227 1158 sumitis
1251 1116 1307 1158 ora
1331 1096 1450 1160 simul?

634 1197 794 1284 Pauperis
817 1195 860 1262 ad
882 1217 1014 1261 causam
1038 1197 1221 1261 concurrite
1246 1198 1315 1262 sive
1338 1198 1465 1284 pupilli,

717 1301 762 1364 Et
784 1301 885 1366 misor
907 1307 941 1365 et
963 1321 1086 1386 pronus
1108 1300 1302 1365 iustificatos
1326 1309 1395 1376 eat;

635 1405 704 1469 Vos
728 1405 843 1489 inopes
866 1404 1016 1468 manibus
1039 1411 1233 1489 peccantum
1257 1404 1379 1470 demite
1401 1404 1503 1482 diris,

716 1508 804 1572 Hinc
825 1509 955 1595 prolixa
977 1509 1052 1572 stilo
1075 1509 1154 1572 talia
1175 1509 1270 1595 plura
1292 1509 1388 1573 canit

554 1633 578 1666 ⁵5
637 1610 746 1674 Huius
770 1611 804 1674 in
826 1610 1011 1674 inmensum
1033 1609 1222 1674 veneranda
1244 1610 1392 1695 potentia
1415 1612 1530 1692 tendit,

717 1711 830 1787 Quivit
851 1714 899 1778 eri
921 1713 1004 1778 felix
1029 1713 1084 1798 qni
1107 1719 1202 1799 pater
1224 1734 1298 1778 esse
1323 1714 1385 1778 sui.

635 1818 700 1883 Hic
723 1818 935 1883 adversorum
959 1817 1073 1882 crebra
1096 1823 1148 1881 est
1170 1817 1302 1883 fornace
1326 1825 1474 1883 recoctus
1484 1819 1507 1898 ²,

717 1923 806 1988 Hinc
830 1923 950 1987 virtute
974 1923 1064 2002 cluit,
1088 1929 1266 2008 exsuperat
1289 1923 1377 1989 vitia.

635 2027 699 2091 His
722 2027 793 2091 eius
817 2026 971 2112 quoniam
994 2026 1100 2089 caruit
1122 2026 1304 2090 clarissima
1324 2028 1445 2113 proles,

722 2129 810 2194 Hinc
833 2131 907 2194 leva
929 2127 1081 2193 doxtrum
1105 2136 1215 2193 mente
1238 2130 1371 2216 reliquit
1393 2131 1466 2195 iter.

635 2233 708 2308 Quo
731 2254 829 2318 mage
852 2253 964 2296 vomer
986 2231 1120 2297 humum
1144 2233 1327 2298 subiectam
1350 2235 1475 2300 sauciat
1497 2237 1632 2316 uncus³,

721 2337 783 2401 Est
806 2336 883 2400 hinc
907 2337 1001 2423 spina
1024 2337 1142 2418 minus,
1166 2336 1241 2401 hinc
1264 2358 1359 2422 mage
1383 2345 1477 2423 grata
1499 2361 1607 2424 seges.

634 2444 710 2509 Rex
732 2442 839 2507 fuerat
862 2441 1004 2527 sapiens,
1027 2442 1139 2526 legum
1162 2447 1195 2506 et
1217 2441 1439 2508 moderamine
1463 2443 1579 2523 iustus,

716 2545 882 2611 Femineis
905 2552 1020 2632 captus
1043 2546 1076 2610 ni
1099 2545 1185 2610 foret
1207 2546 1260 2610 hic
1283 2547 1422 2631 laqueis:

567 2697 571 2708 .
637 2651 715 2715 Heu
737 2649 824 2714 bona
847 2655 895 2714 tot
917 2649 1069 2734 linquens
1092 2655 1184 2713 tanta
1207 2655 1258 2714 est
1281 2648 1323 2714 ad
1344 2650 1466 2736 probra
1487 2651 1629 2730 volutus,

718 2753 850 2832 Nectar,
875 2750 971 2818 dulce
994 2753 1079 2816 meri
1102 2752 1150 2816 sio
1171 2753 1257 2817 male
1280 2753 1391 2839 perdis
1414 2775 1498 2820 acor.

636 2856 749 2922 Crovit
771 2863 805 2922 et
826 2856 991 2922 Ezechiae
1014 2855 1194 2921 venerandi
1216 2857 1321 2941 gloria
1343 2858 1431 2943 regis

718 2960 869 3025 Iustitiae
892 2959 1017 3024 meritis
1041 2966 1075 3024 et
1097 2959 1230 3045 pietatis
1253 2981 1332 3047 ope:

637 3064 698 3130 Cui
721 3065 784 3129 tria
807 3065 1011 3151 cunctipater
1034 3064 1136 3128 voluit
1160 3063 1381 3150 superaddere
1405 3064 1518 3146 lustro,

722 3167 839 3232 Mortis
864 3175 897 3232 et
919 3189 1038 3232 occasu
1060 3168 1112 3231 cui
1135 3167 1190 3253 pia
1212 3168 1282 3231 vita
1302 3166 1389 3232 redit
1401 3168 1425 3232 ⁴.

635 3271 763 3337 Edocct
783 3272 836 3336 hic
859 3272 1016 3358 populum
1039 3272 1161 3358 patrias
1186 3270 1334 3336 ediscere
1357 3273 1450 3356 leges
1464 3275 1487 3352 ⁵,

722 3375 767 3439 Et
788 3375 903 3459 fugere
927 3375 1045 3438 erroris
1069 3373 1294 3460 inpedimento
1316 3375 1403 3440 mali.

636 3477 751 3563 Fregit
773 3479 807 3542 in
830 3478 964 3542 excelso
987 3484 1181 3564 conpostnm
1203 3484 1313 3542 monte
1337 3476 1495 3542 celidrum
1506 3480 1529 3557 ⁰,

720 3582 819 3648 Vitae
842 3582 895 3646 hic
918 3603 1017 3646 causa
1039 3581 1139 3668 prius,
1163 3581 1335 3666 postmodo
1358 3581 1473 3645 mortis
1495 3589 1577 3647 erat.

568 3732 572 3742 .
639 3685 694 3750 Sic
717 3685 835 3750 medici
858 3685 986 3771 scalpro
1010 3685 1066 3769 qui
1089 3705 1125 3749 se
1148 3683 1310 3768 transfigit
1333 3690 1439 3758 acuto,

719 3788 815 3854 Unde
840 3789 929 3853 salus
952 3788 1037 3868 aliia,
1060 3787 1136 3854 huic
1159 3787 1249 3852 venit
1272 3795 1343 3852 atra
1364 3789 1448 3852 lues.

638 3893 732 3958 Haec
755 3893 826 3974 tibi,
850 3893 966 3972 Iosias‚
992 3892 1054 3956 fuit
1078 3891 1296 3972 observantia,
1319 3892 1483 3978 princeps,

724 3997 885 4083 Haecque
909 3997 1039 4062 celebre
1063 3997 1139 4061 tulit
1161 4016 1280 4060 nomen
1304 3994 1435 4059 adalta
1458 4001 1560 4072 tuum,

637 4101 743 4188 Impia
764 4101 820 4186 qui
843 4103 978 4167 sceleris
1002 4100 1107 4166 demis
1129 4106 1342 4165 monumenta
1364 4100 1496 4180 vetusti,

556 4229 581 4262 so
724 4205 769 4271 Et
791 4206 915 4292 patrias
937 4206 1030 4290 leges
1054 4226 1118 4290 qua
1141 4210 1236 4292 potes
1259 4224 1363 4290 nsque
1386 4224 1498 4283 novas,

638 4309 703 4384 Qui
725 4308 898 4374 decedenti
921 4308 1017 4374 datus
1041 4331 1077 4375 es
1100 4309 1155 4394 pia
1177 4309 1283 4393 gloria
1305 4329 1417 4393 regno,

722 4413 828 4487 Quem
851 4413 1032 4497 vespertini
1055 4412 1214 4497 temporis
1238 4411 1316 4475 ordo
1340 4410 1440 4476 dedit.

638 4516 693 4581 Sic
717 4524 841 4581 ostrum
863 4517 996 4596 limbus,
1020 4517 1068 4580 sic
1091 4514 1214 4580 clandit
1236 4513 1373 4601 prandia
1394 4515 1516 4586 vinum,

718 4619 799 4684 Post
821 4619 946 4685 fructus
969 4621 1046 4684 anni
1068 4620 1198 4707 pinguis
1222 4619 1335 4683 olivai
1358 4619 1458 4704 viget.

376 4849 411 4902 45
429 4849 604 4902 moderatorL
690 4845 725 4899 49
737 4850 834 4899 tociens
847 4847 872 4898 P
956 4846 991 4896 50
1002 4849 1129 4898 summitis
1141 4848 1175 4898 Μ
1258 4845 1289 4896 51
1310 4848 1365 4897 sive
1376 4863 1423 4896 occ.
1438 4845 1470 4895 Μ
1554 4843 1589 4896 54
1601 4847 1765 4912 rusiccada,
1778 4849 1925 4900 Hirroeorr.

275 4939 336 4989 talia
355 4940 477 5006 propheta
490 4937 520 5003 P,
538 4937 618 5000 (talio)
637 4937 711 5003 plura
727 4936 931 5001 oonitmperecr.
941 4934 1055 4984 thuliaL
1159 4932 1193 4984 56
1212 4933 1262 4997 Qui
1271 4934 1380 4983 nithiare
1394 4932 1457 4983 felix
1467 4930 1493 4981 P
1507 4931 1543 4982 ad
1560 4949 1642 4998 marp.
1661 4951 1690 4997 r.,
1708 4933 1760 4998 Qui
1772 4934 1855 4986 uideri
1864 4934 1897 4984 Μ
1903 4933 1927 4983 L

273 5021 308 5075 60
325 5023 464 5091 reliquidL
474 5023 507 5074 Μ
607 5021 641 5073 61
659 5023 753 5073 sentiat
764 5020 790 5071 P
878 5017 912 5071 62
931 5029 1002 5088 pratu
1013 5039 1087 5088 seges
1099 5020 1125 5070 P
1214 5019 1248 5070 63
1266 5020 1408 5070 rnodamine
1421 5017 1447 5067 P
1462 5035 1532 5067 marc.
1550 5035 1601 5068 rec.
1614 5019 1675 5070 add.
1690 5037 1718 5070 ro
1805 5017 1839 5070 64
1852 5020 1892 5070 his
1904 5018 1930 5069 P

272 5109 307 5162 66
325 5113 392 5162 mnis
405 5111 430 5161 P
557 5108 591 5161 61
616 5109 702 5160 Credit
719 5106 745 5158 P
856 5105 889 5158 73
909 5109 1046 5174 oecydrum
1064 5108 1089 5158 P
1199 5106 1232 5157 76
1250 5105 1353 5157 111ch
1431 5105 1479 5156 Hic
1499 5105 1571 5156 uenit
1587 5102 1613 5154 P
1714 5102 1748 5156 78
1765 5107 1821 5168 Hec
1839 5107 1883 5172 qni
1897 5106 1930 5156 Μ

278 5195 312 5248 79
330 5199 434 5262 sceleris
447 5198 480 5247 Μ
580 5193 616 5246 80
633 5195 677 5262 qui
690 5195 724 5246 Μ
824 5193 858 5245 63
876 5196 915 5247 Sit
931 5204 1028 5247 oenum
1048 5197 1151 5262 lymbus
1165 5194 1190 5244 P

378 5333 404 5396 1)
424 5332 502 5386 Psat.
520 5333 563 5394 61,
581 5333 598 5385 2
617 5331 766 5400 Usquequo
787 5330 918 5384 iudicatis
936 5329 1125 5397 iniquitatem.
1144 5330 1173 5382 et
1191 5329 1275 5382 iacies
1293 5331 1471 5397 peccatorum
1490 5328 1618 5381 sumitis?
1650 5329 1667 5380 3
1686 5327 1811 5382 Iudicate
1829 5344 1926 5396 egeno,

274 5429 303 5480 ct
315 5425 435 5496 pupillo:
455 5426 588 5480 humilem
601 5429 631 5479 ct
640 5441 791 5495 pauperem
804 5425 963 5478 iustificate.
998 5425 1302 5494 4Eripitepaupcren1‚
1321 5427 1350 5477 et
1362 5439 1482 5492 egenum
1495 5424 1530 5477 dc
1542 5440 1627 5477 mann
1637 5424 1791 5492 pecmtoris
1800 5424 1926 5478 liberate.

273 5521 302 5586 2)
321 5520 410 5576 Prad.
424 5520 524 5591 Payct.
542 5521 594 5574 599
612 5537 662 5574 ncc
681 5521 772 5575 adhuc
790 5520 901 5574 fornace
919 5523 1056 5574 recoctam
1072 5523 1076 5586 1
1092 5519 1253 5583 Matonem
1275 5519 1341 5573 Vea.
1354 5519 1471 5573 Fortun.
1490 5517 1528 5571 ad
1545 5517 1608 5572 cler.
1621 5517 1760 5573 Poricc'ac.
1788 5520 1821 5572 15
1838 5519 1927 5573 veluti

274 5616 385 5670 fornace
408 5619 523 5670 recocto.
610 5617 637 5682 3)
657 5615 706 5668 Oc.
730 5615 804 5670 Rem.
825 5616 874 5668 172
896 5615 1009 5670 Sauciet
1032 5618 1065 5668 ut
1086 5615 1185 5668 duram
1207 5631 1302 5668 vomer
1324 5614 1448 5668 aduncus
1473 5615 1596 5668 humum.
1673 5615 1701 5681 4)
1719 5615 1736 5668 4
1755 5613 1823 5682 ch.
1840 5615 1883 5676 20.
1902 5615 1927 5668 6.

274 5711 302 5778 5)
322 5709 369 5765 Oc.
388 5712 480 5765 Amor.
500 5713 524 5772 Ι,
544 5711 584 5770 15.
603 5710 620 5762 5
639 5709 714 5778 leges
732 5707 863 5763 ediscere.
932 5711 960 5778 6)
978 5709 996 5762 4
1016 5707 1084 5777 Bep.
1105 5709 1145 5771 18,
1162 5709 1187 5762 4.
1258 5710 1284 5776 ’1)
1305 5711 1352 5763 Ου,
1372 5708 1438 5762 Met.
1457 5709 1494 5773 X,
1513 5708 1563 5762 116
1580 5709 1694 5780 pinguis
1712 5709 1788 5764 olivi.
