4988 6434
752 423 968 477 ,canicunis
988 424 1084 488 QUAE
1103 423 1202 477 Mlsl'r
1222 424 1354 477 SOROR-I
1374 423 1474 476 SUAE.

649 596 788 662 Nesciat
818 604 854 661 ut
882 605 987 661 ratum
1015 619 1106 662 mens
1135 619 1219 662 vano
1252 618 1361 660 errore
1390 598 1539 684 decepta.

648 700 803 765 Dextera
832 723 973 786 namque
1000 722 1073 765 mea
1100 701 1206 766 tradet
1236 701 1307 765 fera
1337 723 1474 788 corpora
1502 703 1601 772 locto,

648 805 765 869 Inseia
792 803 947 870 baccetur
972 805 1101 890 quando
1129 805 1290 888 vertigine
1324 826 1433 872 caeca.

558 925 579 958 ³⁴-
648 908 818 973 Ardentes
847 909 934 993 agito
967 929 1134 973 sermones
1168 907 1279 972 ordine
1309 910 1418 989 stulto,

647 1011 777 1076 Lurida
809 1012 952 1075 rixarum
980 1012 1110 1096 populis
1139 1011 1208 1074 fera
1235 1012 1359 1076 semina
1388 1033 1517 1099 spargo.

648 1115 873 1200 Omnipotens
900 1113 1033 1178 mandat
1064 1116 1184 1178 sanetis
1217 1136 1268 1179 me
1298 1114 1457 1180 absistere
1492 1117 1633 1204 templis.

648 1219 739 1292 Quae
770 1240 822 1282 me
855 1219 1065 1282 circumstent
1092 1239 1157 1282 non
1186 1217 1303 1282 deinde
1331 1220 1476 1305 pericula
1508 1242 1616 1285 cerno.

647 1322 729 1386 Uon
756 1343 830 1385 mea
859 1321 1010 1385 terrificis
1039 1343 1123 1406 vaga
1153 1328 1308 1408 personat
1337 1323 1404 1387 alta
1430 1324 1580 1408 loquelis,

574 1455 589 1464 »-
647 1426 749 1490 Ιιιίια
776 1424 862 1489 dicta
889 1424 998 1488 ferens
1031 1431 1064 1488 et
1093 1446 1165 1488 raro
1195 1426 1300 1489 sentio
1332 1447 1420 1493 vera.

645 1527 787 1593 Talibus
818 1527 851 1590 in
882 1526 980 1590 rebus
1014 1527 1139 1612 spatior
1166 1526 1357 1612 retrograda
1383 1529 1509 1594 vivens.

648 1636 742 1696 Uana
773 1631 1007 1715 superstitione
1036 1650 1109 1693 mea
1139 1630 1212 1694 volo
1241 1652 1371 1717 semper
1400 1631 1528 1712 adesse,

649 1733 789 1800 Ritibus
818 1734 976 1820 angelicis
1006 1734 1156 1820 expellor
1188 1733 1229 1798 ab
1258 1735 1393 1800 aethere
1426 1757 1562 1803 summo.

387 2063 437 2116 3ῖῖ
457 2074 535 2132 utque
554 2065 646 2130 return]
665 2063 725 2116 scil.'
741 2067 815 2116 uulso
835 2066 961 2132 depellere
984 2067 1007 2116 C
1117 2063 1168 2115 378
1189 2068 1242 2116 t'ero
1261 2064 1288 2114 Ε
1400 2063 1450 2116 379
1471 2068 1554 2117 luscio
1583 2068 1707 2120 bachatur
1730 2087 1790 2122 ceca
1816 2073 1941 2137 vertigine

285 2151 374 2216 lingua
397 2153 424 2208 (ζ’,
459 2155 541 2203 Iuscie
559 2152 587 2202 Ε
705 2149 756 2202 380
774 2154 874 2218 agitans
888 2152 910 2199 (¹
1023 2148 1072 2202 381
1092 2149 1196 2216 Lurida]
1216 2151 1268 2202 scil.
1289 2168 1336 2217 ego
1355 2153 1377 2201 (ῥ’
1443 2154 1549 2218 populos
1566 2153 1594 2202 Ε
1713 2153 1766 2205 382
1783 2159 1889 2208 mundat
1907 2158 1939 2220 E,

286 2237 395 2302 prandet]
419 2240 473 2289 scil.
497 2257 546 2306 que
567 2240 589 2290 G
659 2257 698 2290 rna
722 2238 898 2302 sustineren,
922 2240 990 2288 absti
1008 2237 1038 2302 P,
1061 2236 1191 2302 absistere]
1211 2239 1236 2288 id
1254 2246 1292 2288 est
1309 2239 1439 2289 abesset*
1539 2237 1591 2290 383
1609 2242 1659 2304 Qui
1678 2259 1718 2292 ιιιθ
1735 2244 1893 2295 circumdant
1913 2246 1939 2309 (J,

286 2323 450 2375 eireurnstant
463 2325 489 2374 P
552 2343 603 2376 non
616 2327 674 2376 inde
689 2326 711 2374 ζ’
771 2325 884 2391 pericula
896 2321 988 2389 nitent]
1001 2325 1027 2374 id
1039 2334 1079 2374 est
1095 2325 1230 2390 fuff'entG
1313 2322 1485 2375 384terriiioc
1499 2325 1526 2374 Ε
1588 2326 1706 2391 loquellis
1718 2347 1784 2378 corr.
1796 2330 1905 2396 loquelis
1918 2331 1944 2380 P

285 2407 336 2459 335
361 2409 451 2475 indita]
479 2413 503 2462 id
530 2420 568 2462 est
594 2412 712 2462 iracunda
740 2411 772 2472 C,
808 2411 886 2460 Inrita
913 2409 939 2459 P
1051 2407 1103 2461 333
1129 2411 1254 2462 Tubulius
1282 2411 1307 2460 P
1386 2409 1502 2477 spatiata]
1529 2413 1633 2462 dilatata
1662 2413 1684 2462 0
1756 2418 1888 2483 retrogado
1907 2417 1939 2480 Ε,

285 2502 431 2567 retrogrado
457 2501 478 2550 (ι’
595 2495 647 2548 337
669 2499 741 2548 Varro
765 2497 803 2560 Ε,
830 2495 911 2561 Varia]
933 2499 987 2548 scii.
1007 2515 1054 2564 ego
1082 2497 1104 2549 U
1185 2499 1358 2564 superstitioni
1380 2499 1418 2548 sic
1443 2499 1464 2548 C
1541 2497 1639 2563 adesse]
1664 2501 1690 2550 id
1713 2509 1752 2552 est
1775 2503 1896 2553 iuteresse
1921 2505 1943 2553 0

284 2583 336 2635 333
354 2587 410 2636 finit
427 2585 488 2634 aad
508 2585 536 2634 Ε

390 2691 424 2740 In
449 2691 471 2740 C
490 2701 630 2755 seqrruatur
648 2699 709 2756 poa!
731 2708 753 2739 c.
771 2686 823 2739 338
845 2689 872 2738 lo·
893 2705 994 2750 reram,
1011 2688 1055 2752 qai
1072 2688 1109 2738 od
1126 2689 1272 2753 (resupinato
1290 2689 1419 2756 Born's'utii
1441 2708 1493 2740 ιιυιι
1506 2692 1644 2755 pertinent,
1661 2693 1737 2742 iurato
1755 2693 1791 2742 od
1811 2677 1941 2743 Aldlrelriri

282 2793 374 2841 poeno
392 2777 494 2827 deeris
513 2777 646 2827 duodecim
665 2776 786 2841 apiostolus
805 2774 954 2825 dedicatie¹.

643 2863 748 2925 Saulus,
768 2862 812 2925 qui
830 2867 931 2910 sanetas
948 2860 1074 2910 conclusit
1092 2875 1192 2910 carcere
1211 2861 1307 2923 turbas,

646 2949 772 2998 (raduine
791 2948 902 2997 efficitur
920 2953 1017 2996 mutato
1035 2946 1138 2996 nomine
1155 2946 1259 2996 Paulus.

646 3036 695 3085 Hic
713 3041 768 3084 erat
784 3033 905 3100 egregius
923 3033 1010 3084 doctor
1027 3032 1168 3098 mundique
1185 3033 1313 3098 magister,

646 3123 758 3172 Barbara
776 3129 927 3172 convertens
946 3120 1068 3170 doctrinis
1085 3120 1187 3186 agmina
1205 3120 1307 3182 sanctis,

581 3214 592 3247 b
645 3210 759 3258 Plurima
777 3209 907 3274 frugiferis
925 3208 1074 3272 dispergens
1091 3206 1189 3256 semina
1207 3206 1300 3268 veritis,

645 3296 684 3344 De
703 3312 753 3359 quo
771 3311 842 3344 saera
860 3311 933 3359 seges
952 3293 1041 3343 muudi
1059 3293 1186 3342 succrevit
1204 3293 1230 3342 iu
1249 3292 1317 3342 occis
1335 3289 1369 3356 [id
1388 3291 1471 3341 estin
1489 3289 1567 3354 estid,

645 3383 726 3444 Quem
745 3382 808 3431 deus
826 3382 933 3430 infidum
951 3379 1015 3430 caeli
1032 3379 1151 3429 clamavit
1169 3376 1288 3443 [roenvit]
1308 3379 1340 3428 ub
1357 3395 1428 3441 ores;

645 3467 713 3530 Quid
731 3485 771 3518 me
789 3467 948 3532 persequeris
966 3466 1029 3516 dura
1047 3481 1107 3514 cum
1125 3464 1194 3514 calce
1211 3466 1343 3530 refragans
1361 3455 1560 3528 [recalcitrandt

391 3651 415 3716 1)
433 3651 566 3706 Aldtclmi
581 3669 665 3721 opero
684 3652 724 3706 ed.
745 3652 821 3706 Gilre
835 3667 864 3720 p.
884 3651 941 3714 120,
960 3652 1008 3704 ubi
1025 3665 1122 3706 uersus
1140 3650 1157 3702 3
1176 3656 1201 3704 et
1218 3650 1236 3703 4
1254 3650 1360 3704 meunt.
