4694 6428
473 409 522 464 Au
540 406 691 466 GENTEM
710 407 924 474 GOTHORUM,
942 407 1093 464 LEONEM
1112 407 1244 476 PAPAM,
1264 407 1439 466 CAROLUM
1457 409 1590 466 REGRM.
1795 413 1857 480 245

978 687 1084 755 xxv.
1124 665 1126 668 ’

572 825 680 902 Salve,
704 825 810 890 Roma
832 832 960 911 potens,
983 824 1096 890 mundi
1118 825 1230 906 decus,
1254 827 1376 912 inclyta
1399 833 1511 906 mater,

571 929 681 1014 Atque
705 930 753 993 tui
777 935 886 993 tecum
910 931 1042 994 valeant
1065 930 1098 992 in
1123 930 1234 994 secula
1256 931 1338 1006 nati;

569 1033 613 1097 Et
637 1041 734 1120 capnt
757 1033 854 1108 orbis,
879 1033 982 1097 honor
1004 1053 1152 1117 magnus,
1175 1033 1245 1099 Leo
1268 1034 1375 1119 papa²
1398 1033 1516 1099 valeto.

571 1138 622 1202 Tu
646 1158 773 1223 quoque
797 1137 942 1202 iustitiae
967 1143 1141 1222 sceptrum,
1165 1137 1223 1200 lux
1247 1136 1346 1218 sedis,
1369 1136 1501 1200 honoris

573 1242 746 1328 Perpetuis
770 1242 892 1320 valeas,
916 1239 1047 1304 Christo
1071 1239 1223 1320 donante,
1246 1240 1436 1326 triumphis:

573 1345 725 1429 Claviger
748 1344 925 1423 aetherius,
949 1342 1062 1407 doctor
1085 1344 1181 1407 simul
1205 1344 1345 1428 inclytus
1369 1344 1468 1424 orbis,

572 1447 620 1512 Tc
643 1447 796 1534 precibus
819 1446 943 1532 paritor
965 1451 1139 1510 conservet
1162 1467 1291 1532 semper
1312 1447 1444 1532 ubique,

572 1549 616 1614 Et
640 1571 721 1634 quos
745 1548 850 1613 Roma
872 1554 963 1612 tenet
987 1548 1108 1611 circum
1132 1569 1191 1612 sua
1215 1549 1354 1630 moenia,
1379 1549 1482 1612 sancti

572 1654 642 1717 Vos
665 1652 818 1739 precibus
842 1651 964 1737 paritor
987 1650 1107 1714 sanctis
1132 1656 1286 1714 tueantur
1307 1650 1439 1736 ubique.

574 1755 602 1820 Ο
625 1763 747 1841 patres,
771 1755 922 1840 populus,
945 1753 1113 1817 Romanae
1136 1753 1241 1837 gloria
1264 1754 1382 1838 gentis,

573 1859 712 1945 Semper
734 1860 767 1922 in
790 1865 960 1922 aeternum
984 1855 1115 1920 domino
1138 1857 1315 1921 miserante
1338 1858 1457 1922 valete.

831 2087 1240 2094 Μ

972 2304 1099 2370 XXVI.

574 2447 746 2511 Venerunt
768 2446 878 2531 apices
901 2450 1031 2508 vestrae
1055 2443 1187 2529 pictatis
1211 2443 1252 2506 ab
1276 2444 1360 2514 aula,

574 2548 603 2612 Ο
626 2548 745 2612 dilecte
768 2547 840 2627 deo,
864 2545 971 2610 David
994 2545 1192 2626 dulcissime,
1215 2545 1345 2627 Flacco,

574 2652 747 2715 Portantes
770 2657 899 2714 vestrae
922 2649 1017 2714 nobis
1040 2650 1096 2736 pia
1118 2649 1204 2713 dona
1226 2649 1351 2731 salutis,

574 2755 680 2828 Quam
704 2753 785 2818 deus
810 2752 1017 2839 omnipotens
1041 2774 1173 2839 semper
1195 2758 1424 2838 superaugeat,
1448 2758 1535 2837 opto.

575 2858 625 2923 Tu
647 2859 729 2936 laus,
753 2877 895 2943 spesque
918 2857 995 2937 tuis,
1019 2862 1087 2920 toto
1111 2863 1147 2920 tu
1170 2855 1289 2942 gaudia
1311 2877 1422 2940 regno,

574 2961 624 3025 Tu
647 2960 747 3026 decus
772 2959 944 3038 ecclesiae,
967 2966 1085 3039 rector,
1108 2957 1272 3040 defensor,
1296 2961 1430 3024 amator.

574 3064 625 3128 Tu
647 3063 764 3148 dignos
788 3062 939 3148 equidem
963 3062 1081 3127 misisti
1104 3068 1192 3127 sorte
1214 3063 1381 3126 ministros

574 3166 752 3231 Ordinibus
776 3165 878 3229 sceris
901 3165 966 3228 iam
989 3185 1048 3250 per
1070 3166 1143 3229 loca
1163 3170 1243 3228 nota
1265 3166 1424 3250 capellae.

574 3268 661 3334 Ecce
686 3267 875 3334 sacerdotes
899 3266 1021 3331 Christi
1045 3289 1105 3331 sua
1127 3267 1197 3332 iura
1219 3268 1388 3344 tenebunt,

577 3372 726 3436 Officiale
749 3370 848 3436 decus
872 3377 1005 3435 servant
1028 3371 1092 3434 sibi
1115 3371 1175 3434 rite
1199 3371 1339 3434 ministri

573 3475 803 3559 Nathaneique
829 3495 888 3538 suo
911 3472 1057 3558 gaudent
1079 3473 1139 3538 sub
1162 3474 1310 3559 principe
1334 3479 1435 3537 certo.

574 3579 761 3643 Accurrunt
782 3577 903 3642 medici
926 3598 1012 3657 mox,
1035 3575 1270 3663 Hippocratioa
1292 3575 1420 3640 secta²:

574 3684 639 3748 Hic
661 3703 763 3747 rencs
787 3680 902 3762 fundit,
926 3681 1047 3746 herbas
1070 3681 1123 3746 hic
1146 3681 1264 3745 miscet
1288 3681 1320 3744 in
1344 3680 1418 3756 olla,

574 3785 636 3851 Ille
660 3785 769 3870 coquit
791 3786 910 3871 pultes,
934 3786 1017 3850 alter
1039 3784 1098 3849 sed
1121 3785 1239 3870 pocula
1260 3782 1415 3869 praefert.

506 3913 517 3948 s
577 3888 621 3953 Et
643 3897 763 3968 tomen,
788 3910 806 3953 o
829 3886 959 3969 medici,
983 3888 1107 3952 cunctis
1133 3886 1310 3973 impendite
1334 3886 1448 3970 gratis,

573 3992 619 4056 Ut
641 3993 791 4056 manibus
815 3992 932 4056 vestris
957 3990 1043 4055 adsit
1065 3990 1251 4056 benedictio
1275 3989 1415 4054 Christi:

573 4096 667 4162 Haec
691 4095 771 4160 mihi
794 4100 913 4160 cuncta
935 4095 1077 4180 placent,
1101 4095 1163 4158 iste
1187 4099 1238 4158 est
1259 4092 1434 4158 laudabilis
1457 4091 1547 4156 ordo.

576 4198 662 4273 Quid
684 4199 777 4264 Maro
801 4199 971 4264 versificus
994 4200 1082 4263 solus
1106 4198 1255 4284 peccarit
1277 4197 1311 4260 in
1332 4198 1431 4261 nula?

573 4302 648 4367 Non
671 4302 732 4366 fuit
754 4303 810 4366 illc
831 4309 925 4388 pater
947 4302 1011 4366 iam
1034 4301 1152 4386 dignus
1177 4301 1298 4366 habere
1322 4300 1526 4386 magistrum,

491 4429 517 4466 so
576 4403 640 4478 Qui
661 4403 755 4468 daret
777 4405 928 4488 egregios
951 4405 1062 4490 pueris
1085 4425 1144 4490 per
1166 4410 1254 4470 tecta
1277 4410 1451 4471 camenas?

577 4507 664 4581 Quid
686 4508 785 4573 faciet
806 4507 946 4572 Beleel³
968 4507 1131 4572 Hiliacis‘
1154 4508 1269 4573 doctus
1292 4509 1324 4572 in
1348 4508 1443 4573 odis?

577 4610 653 4691 Cur,
677 4631 775 4695 rogo,
790 4631 856 4674 non
880 4610 985 4675 tenuit
1008 4611 1130 4675 scolam
1154 4611 1215 4675 sub
1238 4612 1370 4676 nomine
1394 4611 1518 4697 patris?

574 4713 660 4788 Quid
682 4714 782 4779 faciet
805 4713 916 4778 tardus
939 4721 1058 4778 canuto
1081 4716 1203 4779 vertice
1227 4713 1385 4794 Drances,

321 4913 477 4920 .,,.-.,--.
501 4913 632 4918 ,-,--...
657 4911 750 4916 ..-----.
779 4913 784 4915 .
822 4910 844 4915 -.-
862 4909 910 4914 --v-
936 4908 1076 4914 ----—-----.
1109 4909 1264 4914 .-.-.=.......
1288 4909 1356 4914 .„....
1377 4909 1727 4915 .,>.....-.—..-.......-—.

279 5041 375 5110 [111111]
393 5045 432 5096 ed.
454 5045 517 5110 Qp.
532 5042 599 5095 1729
616 5062 643 5094 ιι.
661 5045 772 5107 CCXVI,
792 5043 821 5092 Z.
834 5038 1022 5108 atad-231
1042 5044 1099 5094 aine
1114 5041 1186 5092 titulo
1292 5040 1309 5092 3
1326 5059 1418 5110 nugne
1433 5043 1455 5105 Q
1558 5042 1634 5095 dlex
1648 5042 1674 5092 Z
1772 5042 1790 5094 1)
1807 5045 1866 5095 Per·

210 5137 303 5196 pctuua
324 5129 346 5190 Q
448 5127 634 5181 'deonservant
655 5129 677 5191 Q

281 5213 391 5281 [XXVI]
426 5216 505 5266 edidit
525 5216 547 5278 Q
560 5235 588 5281 p.
609 5213 721 5266 173021.
740 5217 844 5266 CCXXI
984 5213 1001 5264 2
1023 5215 1094 5265 davit
1114 5215 1136 5276 Q
1274 5213 1307 5265 10
1332 5223 1435 5266 servent
1454 5214 1489 5278 Q,
1515 5225 1619 5267 servant
1635 5214 1746 5268 Froben.
1770 5233 1797 5282 p.
1816 5213 1868 5267 228

211 5299 244 5351 12
270 5309 336 5352 tecta
357 5301 391 5366 Q,
418 5309 487 5353 secta
509 5319 576 5353 corr.
603 5301 726 5362 Orellius,
759 5301 874 5351 Karalus
892 5299 928 5351 M.
948 5309 971 5350 et
992 5300 1044 5351 Leo
1062 5317 1137 5366 papa
1153 5318 1179 5365 p.
1198 5297 1215 5348 3
1232 5317 1258 5349 ιι.
1279 5297 1291 5349 l
1433 5299 1466 5351 15
1492 5309 1577 5368 grates
1595 5299 1630 5365 Q,
1659 5301 1738 5367 gratis
1755 5300 1867 5352 Froben.

314 5486 340 5550 1)
367 5485 429 5550 ΙΙΙ,
453 5488 598 5542 795-816.
703 5486 730 5554 2)
760 5487 801 5554 tt.
826 5484 943 5539 Alcuiui
967 5485 1043 5554 epist.
1062 5483 1099 5538 ud
1119 5484 1247 5537 duratura
1269 5499 1359 5554 repom
1382 5484 1475 5538 ἀαίαιιι
1498 5485 1593 5553 111p.
1612 5484 1678 5538 455:
1705 5483 1865 5554 Hipocratis

210 5604 329 5657 campos.
444 5590 471 5656 3)
499 5589 518 5643 ι’.
536 5607 557 5644 e.
576 5589 697 5644 Beselerl
723 5589 782 5644 siae
806 5587 984 5651 Eindurdaa,
1014 5588 1051 5655 cs.
1078 5587 1192 5640 Alcaim'
1215 5601 1256 5654 ep.
1276 5587 1327 5640 112
1340 5603 1371 5657 p.
1393 5586 1456 5641 459:
1484 5586 1590 5640 Besalel
1617 5590 1709 5641 vestcr
1730 5587 1815 5641 immo
1839 5590 1868 5642 et

210 5693 304 5746 nost-er
321 5691 467 5746 familiaria
485 5693 603 5746 adiutor.
674 5692 702 5752 4)
720 5693 739 5745 i.
759 5709 779 5746 e.
801 5691 964 5746 Homericis.
