4936 6406
557 419 657 474 VOTA
681 423 753 478 PRO
773 424 1015 480 ANGILBERTO.
1058 426 1254 480 EPITAPHIA
1273 428 1427 482 AI'DACIS
1447 430 1493 483 ΕΤ
1511 430 1695 486 HEBRARII.

659 596 696 660 Id
720 599 886 683 proprium
911 599 1059 674 credens,
1083 600 1237 684 quicquid
1261 623 1432 667 commune
1455 604 1573 669 luisset

741 700 811 766 Nec
835 701 898 766 sibi
922 725 957 766 se
982 705 1116 789 cupiens
1141 705 1262 778 vivere,
1287 705 1345 770 sed
1368 709 1505 792 patriae.

657 802 783 868 Edibus
807 806 863 869 ille
886 807 993 870 locum
1017 807 1101 871 hunc
1125 809 1241 894 positis
1265 811 1490 896 templumque
1515 811 1666 889 secrevit,

740 906 784 970 Et
807 909 912 972 vicum
936 909 1016 973 fecit
1039 910 1128 974 urbis
1152 911 1275 975 hebere
1300 913 1410 992 decus,

577 1031 601 1067 u
658 1009 764 1083 Quem
787 1019 921 1075 aeterno
945 1012 1095 1076 dominus
1119 1013 1260 1098 diligens
1284 1017 1427 1081 custodit
1449 1037 1571 1099 emere,

742 1114 791 1176 Ac
815 1115 939 1178 meritis
963 1117 1086 1201 pariter
1109 1118 1252 1203 requiise
1277 1127 1354 1202 quet
1378 1121 1536 1206 septenis.

659 1215 777 1281 Series
801 1217 902 1281 denos
927 1219 1074 1304 explevit
1097 1220 1246 1284 cursibus
1270 1243 1383 1302 annos,

741 1319 823 1392 Quis
848 1322 966 1384 meruit
989 1323 1075 1386 vitae
1099 1324 1225 1408 premia
1248 1333 1437 1411 perpetuae.

659 1421 779 1486 Audax
800 1432 853 1486 est
875 1424 975 1508 igitur
997 1446 1061 1489 ucn
1085 1426 1169 1489 false
1192 1428 1323 1492 nomine
1347 1430 1454 1494 dictus

570 1545 595 1582 20
746 1524 896 1610 Namque
920 1527 1002 1612 petit
1025 1529 1162 1606 caelum,
1187 1531 1318 1614 ultaque
1344 1553 1445 1616 regne
1467 1540 1567 1598 tenet.

1038 1992 1202 2058 XXVIII.

587 2115 774 2196 VERSUS
801 2118 1077 2191 BERNOWINI
1104 2119 1320 2193 EPISCOPI
1347 2121 1412 2194 AD
1440 2120 1649 2196 CRUCEM.

616 2246 771 2315 Conditor
816 2257 972 2330 aeterne,
1024 2273 1120 2336 quem
1173 2253 1269 2316 laudo
1321 2254 1471 2318 versibus
1522 2254 1602 2323 istic

614 2350 682 2418 Rex
709 2354 856 2438 requiem
883 2354 1050 2420 Bernwini
1071 2355 1129 2432 de,
1161 2365 1376 2442 peteretque
1408 2358 1603 2444 redemptoll

614 2454 724 2522 Virtus
820 2458 976 2522 virtutum
1070 2459 1174 2552 victor
1265 2461 1402 2525 victorie
1492 2462 1600 2531 Hiesll

615 2556 721 2625 xriste
778 2567 812 2624 tu
872 2561 977 2626 iustus
1042 2562 1142 2626 iudex
1202 2564 1359 2628 miserere
1415 2566 1483 2630 mei
1538 2566 1602 2634 reX

659 2763 875 2851 Omnipotens
898 2765 1060 2845 dominus,
1084 2765 1196 2829 mundi
1218 2766 1376 2831 formetur
1397 2773 1431 2831 et
1454 2775 1577 2849 auctor,
1632 2775 1641 2802 ⁴

659 2867 712 2931 Sis
735 2871 808 2954 pius
833 2877 867 2933 et
890 2870 1044 2949 clemens,
1067 2869 1147 2932 mihi
1171 2871 1216 2932 sis
1241 2892 1317 2956 spes
1341 2871 1438 2934 unice
1460 2872 1557 2952 vitae,

659 2969 797 3057 Suscipe
821 2971 883 3035 hoc
906 2993 1034 3050 munus,
1059 2979 1090 3035 te
1115 2972 1255 3057 supplex
1278 2973 1391 3059 accipe
1415 2994 1505 3058 rogo.

754 3175 929 3240 VERSUS
952 3176 1000 3240 IN
1024 3175 1187 3241 GALIOE
1210 3177 1269 3241 ET
1292 3179 1483 3243 PATENA.

701 3278 897 3342 Bernwinns
921 3279 1054 3343 humilis
1079 3301 1138 3344 sua
1161 3281 1272 3346 reddit
1294 3290 1371 3346 vote
1393 3283 1519 3346 tonanti

703 3380 777 3444 Hoc
802 3402 918 3468 corpus
942 3383 1075 3446 humilis
1098 3391 1244 3470 praestat
1268 3385 1368 3447 vitem
1390 3384 1532 3448 beatem.

1058 3825 1185 3890 XXIX.

827 3952 1137 4044 [EPITAPHIUM
1165 3952 1425 4042 HEBRARII.]

662 4083 818 4171 Quisquis
841 4108 1036 4172 magnorum
1061 4087 1151 4153 dolet
1173 4088 1275 4153 breve
1299 4087 1452 4153 decidere
1476 4088 1553 4168 vita,

661 4188 803 4275 Releget
826 4191 912 4256 hunc
936 4193 1075 4270 titulum,
1099 4213 1303 4256 communem
1327 4193 1472 4277 ingemat
1494 4213 1634 4257 ceussm.

662 4294 799 4378 Tegitur
822 4295 883 4360 hoc
907 4297 1031 4361 tumulo
1055 4318 1172 4362 acerve
1195 4298 1295 4361 aetati
1320 4344 1617 4363 ..........

661 4398 798 4487 Inpulsu
820 4400 948 4466 nobiles
973 4401 1032 4465 hac
1055 4409 1202 4465 mortuus
1226 4402 1326 4464 aetati
1349 4401 1480 4488 inpulsa

593 4523 605 4559 s
664 4501 789 4566 Cuncta
812 4505 936 4568 similes
961 4503 1073 4569 habuit
1096 4505 1220 4569 obtime
1244 4525 1371 4589 queque
1395 4504 1533 4568 inluster

664 4605 793 4670 Nomen
816 4606 1010 4686 Hebrarius‚
1034 4609 1089 4692 qui
1112 4607 1231 4671 meruit
1254 4607 1419 4672 consortia
1442 4607 1572 4670 sanctis.

664 4709 788 4782 Quarto
812 4709 924 4774 Nonus
947 4711 1143 4776 Novembris
1167 4711 1272 4774 ceruit
1293 4710 1415 4774 lumine
1438 4710 1525 4775 vitae

495 4829 710 4912 Iudiccio(ne)
728 4829 779 4893 XI
796 4829 888 4904 obiit,
911 4831 965 4914 qui
989 4831 1021 4894 iu
1045 4833 1156 4895 seculo
1178 4831 1261 4894 vixit
1283 4851 1386 4894 enuos
1411 4828 1546 4894 XXXte
1569 4838 1602 4896 et
1624 4828 1691 4893 VII
1716 4851 1760 4897 m.

404 4991 441 4996 .-
620 4991 760 4996 ..-..-..-
775 4991 1148 4998 -ae--——--..——--—-—..-....

402 5087 435 5140 14
457 5090 553 5155 dequos
572 5089 598 5140 P
723 5089 755 5141 15
781 5099 884 5141 aeterno
910 5107 970 5141 suos
992 5091 1102 5156 diligens
1119 5090 1144 5141 P
1227 5092 1307 5142 umeri
1321 5089 1353 5152 P,
1379 5107 1464 5140 aurore
1488 5089 1559 5141 Mer.
1682 5088 1797 5142 15-16
1819 5109 1867 5142 em.
1889 5090 1948 5141 Mai

300 5171 332 5224 16
354 5192 441 5225 cereus
458 5186 603 5242 cornipeta,
624 5195 660 5226 en
681 5194 760 5243 regne
783 5193 894 5243 superne
916 5177 985 5228 dedit
1003 5177 1110 5241 (tenet)?
1232 5174 1264 5226 17
1282 5177 1370 5228 Sexiee
1383 5175 1414 5238 P,
1432 5177 1474 5226 Sic
1492 5176 1557 5226 bene
1575 5193 1621 5226 sex
1633 5175 1691 5226 Mas·
1805 5173 1840 5227 20
1858 5185 1948 5244 petens

300 5263 400 5313 caelum
419 5271 522 5314 aeterne
539 5273 629 5314 tenens
641 5262 672 5326 P,
689 5281 769 5329 regnu
785 5263 859 5315 bccu
876 5271 946 5312 tenet
963 5261 1021 5312 Mai

368 5363 501 5432 [xxvm]
539 5365 552 5416 I
576 5375 693 5418 aeternae
710 5365 736 5416 P
864 5365 882 5416 2
909 5367 1037 5417 bernuini
1054 5365 1080 5416 P
1155 5365 1213 5431 pius
1230 5363 1261 5428 P,
1284 5373 1361 5429 atque
1379 5363 1452 5414 Wadi.
1562 5360 1581 5412 4
1602 5363 1664 5414 mihi
1686 5365 1735 5414 iem
1758 5381 1837 5415 uerus
1856 5381 1903 5415 rex
1917 5364 1949 5430 P,

297 5453 347 5503 mei
366 5452 437 5503 Mar.
554 5453 566 5516 ΙΙ
586 5449 603 5501 3
626 5453 688 5503 haec
701 5451 727 5502 P
801 5454 887 5519 accipe
909 5453 1019 5520 supplex
1041 5470 1102 5519 rogo
1116 5450 1146 5514 P,
1168 5450 1264 5501 mered.
1284 5449 1356 5500 Mar.
1472 5449 1483 5513 ll
1503 5449 1598 5500 calicee
1610 5448 1636 5499 P
1745 5447 1762 5500 2
1778 5467 1827 5501 σοι·
1844 5450 1949 5503 humilis

295 5540 367 5602 salso
384 5539 491 5604 repetitu
509 5555 561 5590 ecee
576 5538 676 5590 vident-r
749 5541 804 5591 uite
820 5541 894 5590 beuta
906 5539 932 5590 P

368 5639 480 5709 [xxix]
504 5645 567 5693 Item
590 5643 669 5692 ulium
688 5642 714 5692 P
828 5641 841 5692 1
865 5644 982 5694 desidem
1000 5642 1036 5708 P,
1059 5643 1180 5692 decedere
1205 5641 1276 5690 Mar.
1396 5635 1414 5688 2
1436 5639 1566 5690 tumulum
1590 5637 1764 5692 communeP
1837 5637 1953 5690 ceuseP

298 5729 315 5784 3
334 5732 464 5785 tumulum
483 5747 575 5782 scetus
592 5730 669 5782 scuti
680 5728 718 5779 P:
743 5729 784 5780 lu‘c
801 5739 824 5780 et
841 5739 968 5798 sequestra
985 5747 1072 5780 verme
1089 5727 1204 5792 corrupti
1221 5736 1286 5777 eunt.
