4628 6428
608 461 885 521 lNSCRIPTIONFS
904 463 1097 523 occassum
1115 466 1247 524 SANCTI
1265 467 1429 525 VEDASTI.

560 637 744 720 (lancellos,
767 660 841 704 aras
865 639 967 705 voluit
989 641 1111 707 vestire
1134 643 1287 724 metallis,

644 742 783 808 Vedasti
806 743 969 808 fabricans
993 745 1263 833 sarcofagumque
1286 747 1400 833 patris.

559 845 667 911 Pallia
690 846 860 932 suspendit
882 849 1063 934 parietibus
1086 857 1183 936 atque
1206 853 1356 916 lucernas

479 968 503 1005 ιο
646 948 792 1030 Addidit,
815 957 852 1014 ut
873 950 969 1016 fieret
990 953 1100 1018 lumen
1123 955 1156 1018 in
1179 954 1262 1020 aede
1287 976 1425 1020 sacrum.

558 1050 685 1116 Officiis
708 1052 832 1117 domini
854 1052 934 1118 fecit
956 1075 1084 1141 quoque
1108 1077 1187 1121 vasa
1210 1064 1337 1123 sacrata

642 1155 801 1241 Argento,
824 1177 952 1222 necnon
975 1179 1076 1224 aurea
1097 1166 1167 1225 tota
1190 1161 1333 1247 quidem.

560 1257 670 1323 Induit
692 1260 804 1324 altaris
828 1261 979 1346 speciosa
1002 1269 1093 1327 veste
1117 1263 1294 1346 ministros,

640 1360 687 1425 Ut
708 1361 793 1427 foret
817 1364 987 1449 egregium
1011 1387 1142 1452 semper
1164 1367 1284 1454 ubique
1308 1367 1419 1448 decus,

561 1463 679 1528 Omnia
700 1465 856 1531 mellifluo
880 1465 1003 1532 Christi
1025 1468 1163 1534 devotus
1187 1491 1297 1536 amore

641 1567 844 1632 Restaurans
869 1590 970 1655 opera
991 1571 1042 1636 vir
1063 1573 1137 1658 pius
1161 1574 1195 1638 in
1217 1575 1345 1640 melius.

556 1669 621 1734 Pro
645 1692 719 1755 quo,
743 1672 881 1756 quisque
903 1673 998 1759 legas
1020 1675 1143 1757 titulos,
1167 1677 1310 1762 rogitare
1334 1681 1509 1754 memento,

639 1773 783 1840 Adiuvat
807 1780 908 1860 utque
933 1777 1024 1842 illum
1047 1779 1152 1863 gratia
1174 1801 1301 1844 summa
1323 1778 1387 1844 dei.

652 1983 672 2027 11
705 1963 768 2027 AD
792 1963 967 2030 CORPUS
991 1966 1155 2032 SANOTI
1177 1933 1386 2034 vbnnsul.

556 2073 622 2138 Hic
645 2081 740 2160 pater
762 2077 914 2161 egregius
937 2075 1103 2144 Vedastus
1128 2101 1264 2167 corpore
1287 2089 1414 2167 pausat,

639 2177 741 2242 Cuius
764 2177 888 2244 honore
912 2201 1004 2246 sacro
1027 2183 1109 2247 haee
1132 2183 1248 2248 domus
1271 2185 1357 2249 alma
1378 2186 1488 2252 micat.

555 2282 705 2346 Fulcitur
726 2283 810 2346 tanti
832 2284 958 2349 meritis
981 2305 1042 2371 per
1064 2289 1173 2351 saecla
1194 2289 1333 2374 patroni,

638 2384 705 2450 Per
726 2405 823 2469 quem
846 2385 949 2450 multa
971 2388 1051 2452 deus
1075 2390 1171 2476 signa
1194 2391 1308 2455 salutis
1330 2391 1409 2476 agit.

489 2515 500 2548 ι,
556 2487 620 2562 Qui
643 2508 738 2553 sacra
761 2488 952 2554 celsithroni
975 2490 1089 2558 vivens
1113 2495 1253 2580 vestigia
1275 2493 1409 2574 Christi,

637 2591 778 2676 Lingua,
801 2599 922 2674 mente,
945 2615 1043 2660 manu
1065 2617 1206 2683 namque
1230 2604 1361 2663 secutus
1385 2605 1464 2665 erat.

555 2694 785 2780 Multiplieavit
808 2717 888 2782 opes
912 2697 963 2762 bis
986 2699 1093 2784 quinis
1116 2699 1200 2766 forte
1224 2702 1367 2782 talentis,

635 2796 706 2862 Nec
729 2797 806 2862 data
824 2801 985 2885 marsupii
1007 2802 1099 2867 lucra
1120 2804 1235 2889 ligavit
1257 2806 1356 2870 iners.

553 2899 677 2965 Audiet
699 2900 821 2966 idcirco
845 2922 961 2968 vocem
983 2925 1062 2969 mox
1084 2906 1200 2972 iudicis
1223 2909 1338 2972 almi¹:

642 3004 744 3069 ‘Intra
766 3027 851 3070 nunc
875 3005 998 3071 domini
1019 3009 1141 3093 gaudia
1164 3019 1278 3076 sancta
1299 3012 1369 3076 tui'.

859 3127 962 3135 .-

552 3255 555 3260 A
662 3214 694 3257 111
727 3193 790 3258 AD
813 3194 944 3259 ARAM
967 3195 1130 3261 SANCTI
1152 3198 1361 3264 VEDASTI.

551 3304 752 3369 Pontificalis
775 3326 862 3391 apex
885 3307 1011 3372 meritis
1035 3309 1203 3374 vivacibus
1226 3331 1317 3375 aram

636 3407 803 3474 Vadastus
827 3415 959 3474 sanctus
982 3410 1067 3475 banc
1089 3413 1174 3497 regit
1195 3413 1267 3498 ipse
1290 3419 1396 3499 pater.

550 3511 646 3576 Hanc
669 3511 770 3576 abbas
794 3513 928 3577 humilis
951 3515 1084 3579 vestivit
1104 3513 1198 3579 Rado
1220 3517 1374 3596 metallis,

633 3614 671 3680 In
694 3615 818 3681 domini
838 3616 980 3700 laudem,
1004 3617 1120 3683 ductus
1143 3640 1254 3684 amore
1277 3621 1390 3706 patris.

665 3827 696 3870 ιν
729 3805 792 3870 ΑΙ)
816 3805 945 3871 ARAM
969 3808 1132 3874 SANCTI
1155 3809 1360 3874 MARTINI.

552 3918 627 3984 Hoc
649 3919 752 3983 altare
776 3917 830 3983 dei
852 3921 1042 4008 praeclarus
1065 3921 1098 3984 in
1123 3922 1202 3986 orbe
1226 3921 1380 3987 sacerdos

633 4021 794 4086 Martinus
817 4022 944 4086 meritis
967 4031 1077 4088 servat
1098 4023 1220 4110 ubique
1245 4026 1324 4090 suis.

549 4123 673 4190 Abluat
696 4130 729 4188 et
751 4125 902 4189 lacrimas
925 4126 1112 4212 plangentis
1136 4128 1272 4192 crimina
1294 4127 1412 4214 plebis,

636 4228 830 4314 Deposcens
853 4229 992 4311 veniam,
1015 4251 1096 4296 voce
1119 4237 1264 4317 potente,
1288 4233 1386 4318 piam.

424 4433 444 4476 v
480 4409 542 4475 ΑΙ)
565 4408 695 4474 ΑΒΑΜ
719 4408 883 4474 SANOTI
904 4410 1111 4475 DYONISII
1134 4410 1457 4486 SOCIORUMQUE
1481 4412 1598 4478 EIUS.

554 4520 720 4606 Sanguine
744 4521 890 4605 martyrii
912 4521 1045 4607 praesul
1066 4521 1246 4607 Dyonisius
1269 4544 1359 4588 aram

635 4623 731 4689 Hanc
755 4631 850 4689 ornet
871 4625 996 4711 pariter
1018 4647 1091 4690 cum
1115 4628 1280 4712 sociisque
1304 4629 1382 4709 suis,

552 4728 747 4814 Magnificus
770 4727 894 4807 doctor,
917 4728 1011 4793 verbi
1035 4729 1090 4814 qui
1113 4731 1241 4795 semina
1263 4732 1394 4817 sparsit,

521 4879 525 4886 -
632 4832 797 4897 Imbribus
820 4833 984 4898 aethereis
1007 4833 1196 4899 aridarum
1218 4835 1343 4920 rigans.

786 4993 1036 5001 -*.,.——„
1044 4995 1141 5002 ..u-...ffl--
1160 4996 1286 5002 .------
1295 4997 1304 5000 -

284 5092 300 5144 'l
319 5095 418 5146 motulis
430 5093 475 5144 Da
555 5091 589 5145 10
606 5092 668 5144 aede
686 5109 754 5142 corr.
771 5093 799 5142 ia
817 5092 863 5144 ode
881 5092 926 5142 Du
1005 5091 1038 5143 14
1055 5096 1204 5161 aegreginm
1226 5112 1293 5144 corr.
1312 5095 1339 5144 ia
1357 5111 1396 5162 eg.
1416 5093 1460 5144 Du
1545 5091 1555 5160 Η
1573 5092 1609 5161 [ιι]
1629 5092 1647 5145 8
1664 5098 1801 5164 marsupiis
1817 5097 1843 5147 V

182 5176 192 5244 l}
203 5176 249 5244 [ιιι]
260 5179 300 5230 bic
311 5181 374 5248 finit
386 5179 418 5240 V,·
435 5182 462 5231 ia
480 5180 637 5246 repressam
647 5179 673 5229 A
686 5178 824 5243 pnttredboe
842 5179 901 5230 hinc
918 5180 978 5231 inde
996 5181 1136 5230 admodum
1153 5188 1289 5246 corruptus
1306 5188 1350 5244 eat,
1369 5182 1406 5232 ita
1423 5189 1451 5230 ut
1468 5179 1567 5231 liberm
1579 5197 1665 5246 poem
1679 5192 1838 5234 manarant.

182 5349 290 5404 cenobii
308 5351 397 5405 vitam
415 5351 515 5404 finivit.
560 5351 584 5404 Is
603 5351 692 5405 bonae
714 5349 805 5402 famae
827 5352 857 5404 et
878 5350 968 5404 saneti
992 5350 1085 5405 meriti
1108 5351 1164 5406 fuit
1186 5355 1272 5420 atque
1294 5368 1378 5420 quam
1402 5347 1553 5419 plurimum
1577 5348 1607 5403 in
1625 5351 1838 5420 restaura(n)dis

182 5451 262 5506 rebus
281 5454 415 5508 aeclesiae
427 5453 577 5509 insudavit.
614 5455 666 5520 Qui
684 5457 859 5508 concremato
872 5453 977 5522 templo
989 5452 1065 5507 beati
1078 5453 1193 5507 Vedasti
1206 5454 1293 5507 alium
1305 5453 1335 5506 in
1347 5453 1446 5507 malins
1458 5451 1655 5516 reaedificavit,
1673 5457 1706 5509 ut
1717 5454 1838 5525 diligens

181 5555 269 5610 lector
290 5557 321 5610 in
343 5557 467 5612 versibus
485 5557 624 5627 repperiet
643 5557 818 5627 subscriptis,
845 5557 894 5626 qni
918 5556 958 5610 sic
980 5555 1050 5610 dant
1073 5555 1187 5612 initium
1211 5556 1316 5626 legenti
1343 5557 1408 5624 (Les
1432 5555 1547 5610 mactes
1565 5557 1599 5611 de
1617 5557 1838 5615 saltarent.

182 5658 339 5714 Debaisnea
353 5677 384 5729 p.
402 5659 472 5726 399).

286 5766 310 5832 l)
330 5761 431 5816 Mart.
449 5763 492 5828 25,
509 5763 543 5816 23
561 5762 636 5817 intra
653 5763 684 5816 in
702 5763 837 5833 gandium
855 5763 961 5817 domini
980 5763 1030 5817 tui.
