4936 6406
740 412 969 470 CONSOLATIO
987 413 1035 467 DE
1053 413 1164 470 OBITU
1181 416 1366 473 CUIUSDAM
1385 418 1548 477 FRATRIS.

685 585 843 653 Ezechiel
864 575 1003 654 moritur
1024 595 1101 675 post
1123 590 1228 655 visum
1251 591 1340 658 sedis
1362 593 1489 676 herilis,

604 712 631 750 eo
772 692 919 778 Postque
942 715 1060 758 arcana
1083 693 1137 759 dei
1159 695 1297 782 mystice
1317 698 1412 785 plura
1432 699 1533 766 videt.

684 795 808 882 Iusque
831 797 1007 863 sacerdotii
1030 799 1176 864 retinens
1199 821 1273 866 cum
1295 803 1387 888 prole
1409 802 1509 870 beata

768 899 929 983 Hesdras,
952 903 1008 988 qui
1030 903 1187 990 templum
1210 907 1354 988 restruit,
1378 913 1483 988 ornat,
1505 916 1602 974 amat.

684 1002 729 1068 Et
751 1004 938 1070 Hierusalia
961 1008 1184 1074 instaurantes
1208 1010 1340 1074 moenia
1361 1016 1505 1092 sanctae,

769 1108 953 1175 Zorobabel
974 1111 1093 1191 iustus,
1115 1109 1337 1198 Necmiasque
1360 1113 1446 1200 pius.

602 1231 628 1269 a
685 1212 794 1298 Atque
818 1213 1049 1280 instaurandae
1072 1220 1191 1281 texunt
1213 1217 1267 1303 qui
1291 1218 1425 1283 oracula
1446 1217 1565 1304 gentis,

768 1317 944 1382 Zacharias
968 1324 1069 1398 vates,
1093 1318 1229 1406 Aggeus
1253 1325 1352 1406 atque
1375 1341 1479 1387 sacer.

685 1419 809 1486 Hester
831 1428 865 1487 ct
887 1443 1073 1508 exuperans
1096 1423 1204 1488 Amen
1227 1423 1446 1490 Mardocheus
1468 1425 1626 1511 iniquum,

770 1523 993 1591 Israelitarum
1016 1527 1072 1611 qui
1094 1528 1252 1614 populum
1274 1529 1428 1615 eripiunt.

684 1626 823 1692 Casibus
846 1628 1017 1694 horrendis
1039 1628 1188 1717 Raphael
1211 1630 1394 1717 Tobimquc
1417 1653 1598 1720 nurumque

602 1753 627 1790 ro
769 1731 904 1814 Eximit,
927 1732 1179 1819 haudquaquam
1202 1735 1317 1801 mortis
1339 1736 1381 1801 ab
1404 1758 1460 1803 ore
1482 1745 1603 1803 tamen
1653 1721 1663 1742 '

683 1835 833 1902 Incestos
857 1835 968 1902 Iudith
991 1838 1195 1924 compescuit
1217 1859 1297 1904 ense
1319 1839 1447 1906 furores
1460 1841 1482 1920 ¹,

767 1941 815 2006 Te
838 1962 903 2006 non
926 1942 1115 2029 compescit,
1139 1943 1252 2007 mortis
1275 1943 1387 2029 iniqua
1409 1945 1490 2010 lues.

683 2044 860 2110 Zacharias
883 2051 917 2110 ct
938 2065 1021 2110 anus
1044 2051 1202 2133 superant
1222 2046 1362 2112 facunda
1384 2048 1547 2133 querelas,

767 2146 841 2212 Non
864 2154 1020 2235 superant
1041 2149 1138 2228 ictus,
1161 2170 1259 2230 mors,
1283 2149 1352 2230 sed,
1374 2151 1504 2232 acerba,
1526 2156 1611 2216 tuos.

604 2271 627 2309 ιι
685 2249 756 2316 Nec
778 2250 877 2316 homo
900 2252 1064 2332 caelestis,
1087 2258 1304 2338 terrenusque
1327 2255 1475 2340 angelus,
1498 2260 1614 2340 aptans

765 2354 941 2442 Promptus
964 2356 1027 2421 iter
1047 2355 1188 2439 domino,
1212 2356 1272 2421 hac
1296 2363 1383 2422 sorte
1407 2358 1534 2423 alienus
1556 2357 1653 2422 inest.

684 2455 763 2538 Sed,
784 2458 854 2522 fera
877 2479 974 2538 mors,
998 2457 1076 2544 quid
1098 2479 1188 2545 ages,
1212 2459 1285 2524 aliis
1308 2465 1395 2541 trux,
1418 2459 1577 2546 improba,
1601 2483 1710 2540 saeva,

766 2559 849 2626 (lum
870 2562 957 2627 vitae
981 2569 1148 2627 auctorem
1170 2563 1351 2649 pernitiosa
1372 2564 1482 2651 petis?

683 2664 746 2740 Qui
770 2671 803 2731 te
826 2673 930 2732 morte
954 2687 1012 2732 sua
1036 2667 1168 2753 pressit,
1191 2666 1347 2748 curvant,
1369 2667 1492 2754 abegit,
1567 2739 1583 2766 ἱ

600 2789 625 2828 so
766 2769 811 2835 Et
833 2769 920 2836 vitae
943 2791 1081 2857 surgens
1104 2771 1160 2856 qui
1181 2771 1339 2858 patefecit
1360 2772 1432 2838 itcr.

680 2871 925 2960 Auctoremque
948 2881 1040 2938 tuum
1063 2874 1240 2940 tenebrosa
1260 2875 1295 2939 in
1317 2874 1456 2940 Tartara
1476 2876 1592 2942 mersit
1600 2877 1624 2958 ²,

764 2977 931 3044 Mentibus
954 2985 1143 3066 exemptum
1167 2979 1391 3065 conlegiisque
1414 2980 1488 3067 piis.

681 3081 800 3146 Petrus
824 3082 997 3169 apostolici
1019 3083 1173 3169 princeps
1195 3083 1401 3149 venerandus
1423 3084 1568 3166 honoris,

764 3182 837 3258 Quo
861 3185 946 3250 benc
970 3186 1135 3271 clavigero
1158 3187 1283 3252 caelica
1304 3208 1407 3274 regna
1429 3194 1553 3275 patent.

598 3309 623 3346 ιι
681 3287 856 3374 Dogmata,
878 3287 992 3366 Paule,
1016 3289 1109 3373 viges
1132 3295 1309 3375 penetrans
1333 3297 1462 3357 secreta
1483 3293 1644 3379 polorum,

765 3389 871 3465 Quem
896 3391 1012 3477 ingens
1037 3398 1176 3456 exornat
1198 3413 1316 3478 poena,
1338 3393 1441 3474 labor,
1465 3394 1618 3460 studium.

681 3494 821 3559 Pectore
843 3493 885 3560 de
908 3492 1031 3558 domini
1053 3493 1110 3559 dat
1131 3496 1250 3581 pocula
1272 3501 1402 3582 sumpta
1424 3496 1624 3578 Iohannes³‚

764 3596 871 3672 Quem
893 3599 949 3686 pia
970 3599 1151 3685 virginitas,
1175 3601 1247 3665 eius
1271 3605 1304 3665 et
1327 3607 1422 3666 ornat
1443 3623 1544 3669 amor.

682 3703 803 3789 Fulget
826 3703 1027 3791 apostolicus
1050 3703 1199 3769 sublimis
1222 3709 1256 3769 et
1278 3703 1419 3789 inclytus
1443 3703 1533 3786 crdo,

598 3829 625 3867 ao
768 3805 851 3871 Cum
873 3803 979 3871 doctis
1003 3807 1100 3872 sociis
1123 3806 1358 3894 discipulisque
1381 3809 1458 3873 suis.

680 3911 861 3996 Martyrum
884 3917 918 3976 et
939 3910 1079 3996 insignis
1103 3909 1337 3998 splendescens
1360 3911 1511 3999 lampade
1535 3919 1661 3990 coetus,

763 4014 939 4100 Turbaque
961 4013 1142 4079 confestrix
1163 4014 1396 4099 virgineusque
1418 4015 1549 4081 chorus.

680 4116 837 4192 Quamvis
861 4118 971 4183 celsae
994 4116 1284 4197 animoa-mortali
1308 4117 1411 4204 stirpe
1434 4119 1561 4184 creati*

762 4221 886 4288 Debita
908 4223 1110 4310 persolvunt,
1133 4241 1221 4286 mors
1244 4221 1398 4302 inamata,
1422 4221 1492 4287 tibi.

598 4350 624 4388 ιι
683 4327 825 4393 Nomina
847 4325 981 4391 difficile
1005 4331 1056 4392 est
1079 4331 1270 4390 cunctorum
1290 4344 1391 4411 posse
1413 4324 1539 4408 referri,

763 4429 828 4505 Qui
852 4436 938 4509 sunt,
962 4429 1017 4515 qui
1039 4428 1171 4502 fuerint,
1195 4448 1276 4513 quos
1298 4426 1368 4494 lore
1391 4427 1448 4494 det
1468 4427 1630 4498 dominus.

680 4533 754 4599 Sint
775 4534 885 4600 meriti
908 4533 1153 4617 cuiuscumque,
1176 4531 1292 4596 honam
1314 4532 1422 4598 nullus
1446 4533 1488 4598 ab
1510 4554 1592 4600 aevo

764 4637 838 4704 Hac
861 4644 972 4703 tamen
993 4636 1136 4701 inmunis
1159 4635 1344 4702 conditione
1366 4642 1487 4702 manet.

678 4741 830 4829 Denique
852 4763 912 4808 rex
934 4762 1072 4826 magnus
1094 4739 1203 4805 David
1225 4746 1423 4826 sanctusque
1445 4741 1624 4829 prophetes

584 4869 622 4906 roo
763 4845 905 4910 Miletus
929 4850 1043 4910 saneto
1066 4843 1208 4909 carmine
1232 4849 1342 4908 cantat
1363 4844 1426 4908 ita:
1527 4913 1529 4918 ,

678 4949 749 5014 ‘Est
771 4949 843 5035 quis
865 4948 963 5015 homo
985 4948 1109 5028 vivens,
1133 4947 1190 5034 qui
1212 4953 1245 5013 te
1268 4967 1344 5025 non,
1367 4948 1514 5033 pessima
1534 4969 1643 5015 rerum

761 5051 862 5132 Mors,
884 5051 1003 5132 trahat,
1026 5057 1061 5117 et
1082 5051 1155 5117 visu
1176 5051 1282 5140 possit
1303 5050 1424 5117 abesse
1446 5053 1553 5117 tuo⁸l

416 5380 442 5446 1)
456 5377 591 5433 Prudens.
604 5377 704 5450 Psycd.
716 5377 820 5433 62-63
832 5377 927 5432 Iudith
944 5377 949 5449 Ι
963 5379 1075 5449 Sprevit
1088 5380 1118 5433 et
1129 5378 1249 5434 incestos
1262 5379 1424 5448 conpescunt
1435 5394 1501 5434 ense
1512 5379 1625 5434 furores.
1686 5379 1714 5446 2)
1732 5378 1781 5435 Oo.
1798 5379 1867 5437 Met.
1879 5383 1906 5448 I,
1916 5383 1966 5437 113

312 5481 459 5537 tenebrosa
476 5481 507 5537 in
525 5481 643 5536 'I'artura
660 5480 752 5536 misso.
813 5482 840 5551 3)
860 5483 920 5538 Iob.
941 5483 1032 5548 13‚23.
1093 5484 1121 5552 4)
1142 5481 1387 5538 VersantFortua.
1405 5479 1600 5553 odClrslpero'c.
1618 5481 1966 5554 repellebarque

312 5585 445 5652 Quemvis
471 5585 561 5641 celsae
582 5585 706 5651 ammae,
733 5603 848 5657 corpora
876 5590 950 5643 terra
976 5588 1057 5658 tegit.
1145 5589 1173 5656 5)
1197 5588 1298 5643 Psalm.
1321 5587 1363 5652 88,
1377 5586 1412 5642 49
1434 5586 1502 5653 Quis
1525 5589 1569 5642 eat
1589 5587 1673 5642 homo
1695 5587 1744 5656 qui
1762 5587 1840 5644 rivet
1862 5591 1892 5644 et
1909 5605 1965 5644 non

310 5689 420 5746 ridebit
437 5693 563 5760 mortem,
581 5694 660 5746 cruet
676 5691 799 5747 animam
817 5709 896 5748 suam
914 5693 948 5748 de
966 5709 1051 5748 manu
1069 5691 1170 5748 inferi?
