4574 6442
854 399 1001 458 REGULA
1019 401 1123 456 subal.

492 595 516 632 a
574 573 706 640 Corruit
716 577 736 656 ¹,
760 583 896 643 aeterna
918 576 1089 642 damnatus
1111 585 1207 644 nocte
1230 578 1379 644 tabescit.

573 678 754 744 Eunomius
777 682 894 766 laqueo
919 703 993 747 sese
1017 681 1189 769 suspendit
1211 683 1244 746 in
1267 683 1344 759 alto,

572 782 638 847 Per
659 783 804 848 medium
827 787 964 871 crepuit,
987 786 1070 871 picci
1094 787 1178 872 petit
1201 785 1266 850 imo
1288 785 1450 873 profundi,

573 887 734 952 Perfidiae
757 888 864 953 iaculo
888 889 1019 974 propria
1042 910 1078 954 se
1101 889 1242 974 perculit
1264 890 1351 953 ulna.

574 989 747 1054 Nestorius
771 989 906 1054 demens
930 991 1052 1075 Stigias
1074 989 1244 1055 descendit
1266 990 1307 1055 ad
1330 992 1470 1056 umbras.

481 1114 517 1151 100
570 1093 727 1158 Canccris
750 1102 787 1158 ut
809 1095 912 1180 pestis
935 1093 1130 1158 Macedonia
1152 1094 1306 1179 dogmata
1328 1103 1472 1182 serpent,

571 1197 636 1260 Pro
659 1198 777 1280 quibus
800 1196 950 1261 ambusta
971 1196 1183 1262 Macedonius
1206 1197 1299 1262 ardet
1321 1199 1355 1262 in
1377 1201 1452 1263 olla.

573 1299 717 1386 Eutyces
740 1301 866 1376 infelix,
890 1322 932 1365 cx
955 1301 1043 1364 omni
1065 1307 1159 1387 parte
1182 1301 1354 1383 nefandus,

574 1403 666 1468 Trita
688 1425 815 1468 venena
838 1404 931 1485 bibit,
955 1404 1086 1469 sibimet
1107 1425 1190 1490 quae
1214 1406 1344 1470 miscuit
1366 1407 1448 1493 ipse.

573 1507 717 1572 Pestiier
738 1508 794 1572 ille
816 1507 934 1588 Manis,
958 1515 1062 1572 totum
1086 1530 1183 1593 quem
1206 1508 1355 1594 possidet
1377 1531 1477 1590 error,

481 1631 517 1668 aa
577 1609 780 1695 sulphoreae
803 1611 910 1675 fumus
934 1618 1062 1676 constat
1085 1612 1156 1677 sine
1179 1613 1243 1677 line
1267 1614 1448 1698 gehennae.

574 1712 673 1777 Haud
696 1735 790 1778 secus
815 1715 984 1779 horrisono
1009 1737 1191 1800 spurcoque
1217 1715 1379 1781 Sabellius
1403 1738 1459 1782 ore

576 1815 794 1902 Blaapbemus
817 1818 983 1902 ignivoma
1007 1817 1123 1904 Cocyti
1146 1827 1257 1904 gemet
1279 1827 1371 1884 ustus
1395 1820 1554 1885 abunda.

574 1919 646 1983 Hos
671 1921 792 1984 etenim
815 1928 1016 2006 cunctosque
1039 1922 1136 1986 simul
1160 1923 1214 2007 qui
1237 1923 1378 1987 nominis
1401 1924 1457 1988 alti

574 2023 749 2088 Obsistunt
771 2026 872 2089 sacris
896 2026 1031 2089 confuso
1054 2032 1188 2111 pectore
1211 2027 1324 2090 iussis:

482 2151 518 2188 uo
577 2128 641 2201 Qui
664 2149 776 2212 regern
801 2129 945 2193 Sabaoth
968 2129 1076 2193 fallaci
1099 2129 1192 2194 fauce
1216 2130 1392 2212 lacescunt,

576 2231 619 2296 Et
641 2231 807 2296 dominum
831 2231 999 2296 Christum
1021 2238 1133 2296 natum
1157 2231 1197 2296 dc
1220 2233 1346 2317 virgine
1370 2254 1473 2314 sacra,

461 2355 462 2358 ’
575 2335 722 2399 Flamina
746 2335 787 2399 de
811 2342 934 2416 saneto,
958 2356 1135 2420 regemque
1159 2335 1389 2420 hominemque
1412 2336 1573 2422 deumque

576 2437 682 2502 Corde
705 2444 828 2523 negant
849 2459 960 2524 pravo,
983 2437 1079 2502 labiis
1104 2439 1330 2523 spumantibus
1353 2440 1429 2520 acti,

575 2543 761 2630 Inpugnare
784 2541 926 2621 student,
950 2563 1042 2606 casso
1066 2541 1184 2606 sudore
1208 2543 1375 2622 latrantes,

482 2667 519 2705 ua
575 2645 627 2711 De
650 2646 775 2731 gremio
798 2645 896 2709 avelli
920 2651 1043 2726 sancto,
1067 2644 1108 2710 de
1133 2667 1269 2732 corpore
1292 2649 1406 2712 matris

575 2748 768 2813 Aeeclesiae
792 2746 916 2811 abscidi
940 2748 1043 2811 cultro
1068 2745 1208 2811 decerno
1232 2747 1322 2828 fidei,

526 2897 528 2902 ,
575 2851 681 2925 Quam
702 2852 820 2917 Petrus
842 2853 1030 2938 Paulusque
1054 2851 1189 2934 docent,
1220 2875 1316 2938 quam
1339 2855 1482 2919 concinit
1504 2855 1604 2936 orbis,

577 2954 747 3041 Quamque
770 2955 849 3019 satis
872 2955 971 3040 prisci
994 2957 1081 3020 clarc
1105 2956 1254 3021 cecinere
1277 2957 1467 3043 prophetae.

634 3058 827 3123 Katholicos
851 3064 1047 3143 sanctosque
1070 3059 1158 3124 viros
1181 3065 1355 3146 patresque
1377 3060 1493 3126 beatos

483 3184 520 3222 120
578 3160 759 3226 Trecentos
783 3167 922 3246 octoque
947 3160 1085 3226 decem²
1107 3167 1306 3246 cunctosque
1330 3163 1486 3250 perennis

576 3265 698 3329 Iudicis
721 3265 919 3349 aequisonae
940 3265 1082 3329 cultores
1105 3286 1223 3352 nempe
1246 3264 1323 3330 fidei

577 3369 768 3456 Ampleotor
790 3367 928 3454 placidis
951 3368 1090 3432 strictim
1112 3367 1254 3433 feliciter
1275 3368 1370 3434 ulnis.

576 3473 694 3536 Nullus
716 3471 757 3535 ab
779 3471 831 3534 his
855 3477 969 3549 terror,
992 3470 1102 3533 nullus
1125 3491 1178 3535 me
1203 3470 1347 3555 perfidus
1370 3473 1456 3537 ultor

579 3575 800 3660 Sanguivomo
823 3571 947 3640 abscidi
969 3569 1125 3637 mucrone
1148 3579 1282 3638 secante
1305 3575 1444 3639 valebit:

486 3702 521 3738 aa
580 3677 724 3752 Quorum
746 3679 837 3742 nulla
858 3697 931 3740 meo
955 3675 1077 3763 poterit
1100 3675 1140 3741 de
1163 3683 1298 3762 pectore
1322 3677 1440 3742 famam

577 3781 718 3846 Auferre
743 3780 863 3845 oblivio
886 3786 1047 3867 pactoque
1070 3778 1235 3845 abolerier
1256 3780 1335 3844 ullo.

578 3883 653 3948 Non
675 3883 741 3947 iam
764 3884 824 3948 sub
847 3882 969 3947 tabulis
992 3881 1072 3947 dura
1095 3880 1136 3947 de
1160 3902 1240 3968 rupe
1263 3883 1379 3948 recisis

580 3987 737 4074 Scalpelli
759 3987 851 4050 rimis
874 3986 1011 4050 sulcatis
1035 3983 1169 4072 cuspide
1193 3986 1350 4072 sculpam,

578 4091 650 4155 Nae
672 4091 805 4178 pingam
827 4090 929 4174 nigris
954 4090 1079 4153 calamo
1103 4087 1144 4152 de
1167 4088 1296 4152 roribus
1319 4090 1453 4166 hausto;

487 4217 524 4255 ao
580 4193 647 4260 Sed
669 4194 778 4280 potius
802 4193 943 4257 scribam
966 4191 1073 4257 cordis
1097 4191 1156 4255 sub
1179 4190 1292 4277 pixide
1315 4193 1403 4258 lento

579 4300 764 4364 Instillautc
787 4298 856 4385 poli
878 4297 976 4362 rutilo
999 4296 1040 4362 de
1063 4295 1204 4361 culmine
1227 4296 1316 4362 fonte

579 4402 692 4466 infuso
717 4401 791 4465 stilo
804 4400 826 4482 ³,
849 4407 924 4487 post
946 4421 999 4465 me
1024 4399 1223 4464 monimenta
1247 4400 1395 4487 relinquo

580 4505 737 4571 Venturis
761 4504 935 4590 descripta,
958 4504 1066 4569 libens
1088 4524 1154 4568 non
1175 4524 1274 4589 parco
1296 4505 1422 4571 referre

581 4609 732 4674 Carmine
756 4608 931 4688 succincto,
953 4609 1022 4672 lata
1043 4606 1101 4671 sed
1124 4606 1244 4672 mentis
1266 4608 1395 4673 harena

490 4735 525 4773 aa
581 4713 764 4799 Praecepto
787 4710 930 4776 findente
954 4710 1035 4774 duas
1059 4709 1243 4774 dulcedinis
1267 4709 1372 4775 undas
1381 4711 1404 4792 ⁴,

581 4815 795 4902 Amplectens
819 4813 969 4879 dominus
992 4820 1103 4878 saneto
1127 4835 1208 4898 quas
1231 4815 1368 4900 protulit
1389 4836 1456 4882 ore.

582 4920 725 4985 Primam
747 4919 814 4983 libo
838 4917 911 4998 dcc,
935 4918 1082 5003 collegae
1106 4916 1207 4982 reddo
1231 4915 1408 4982 secundam

353 5117 423 5120 -—,
466 5117 481 5121 ..
493 5117 497 5121 ,
775 5121 776 5124 ¹
879 5112 935 5119 —-..
1364 5112 1759 5123 —-—-—.-——.--—-..—.

322 5247 370 5300 llll
383 5249 523 5301 EuticesP
629 5246 778 5301 107aberui
797 5249 872 5300 cociti
890 5247 916 5299 P
1030 5244 1080 5298 117
1098 5249 1215 5300 concinet
1233 5247 1299 5299 PH
1400 5247 1450 5300 119
1468 5251 1612 5302 Catholicos
1630 5249 1663 5300 H

321 5403 348 5468 1)
368 5400 477 5456 Scdalr'r'
505 5403 594 5456 Carra.
617 5402 714 5472 puscit.
735 5402 761 5468 1,
780 5399 936 5455 acl-286
960 5398 1056 5453 Anius
1073 5399 1171 5454 infelix
1256 5401 1364 5454 foveam
1382 5399 1511 5471 delapsus
1529 5401 1559 5456 in
1576 5405 1667 5457 atram
1691 5403 1696 5470 Ι
1720 5402 1867 5458 Corruit..

217 5505 245 5572 2)
264 5504 314 5574 qui
331 5504 438 5573 synodo
457 5505 599 5558 Nicocuoe
622 5521 648 5558 a.
666 5505 719 5559 325
742 5504 936 5572 interfuerant.
1012 5503 1076 5562 312
1096 5503 1157 5558 Cor.
1174 5504 1199 5568 3,
1217 5504 1235 5558 3
1252 5503 1357 5573 scripta
1373 5521 1430 5558 nou
1448 5507 1618 5571 atramento,
1637 5506 1684 5561 sed
1703 5506 1803 5576 spiritu
1822 5507 1867 5562 dei

218 5606 287 5670 vivi;
311 5625 367 5662 non
386 5607 416 5662 in
434 5607 538 5662 tabulis
556 5606 688 5678 lapideis,
711 5607 758 5662 sed
777 5607 807 5662 iu
826 5606 929 5661 tabulis
948 5606 1038 5662 cordis
1056 5607 1221 5663 carnalibus.
1295 5607 1323 5674 4)
1342 5605 1432 5661 Marc.
1452 5609 1493 5672 12,
1510 5609 1552 5674 30,
1570 5610 1612 5664 31.

286 5708 390 5762 l’osrur
401 5719 485 5760 irritu
498 5719 556 5758 arvi
569 5708 694 5758 Cuaouuu
707 5709 726 5760 1.
1617 5704 1650 5761 17
