4666 6406
1061 429 1268 488 Tuuouuuul
1287 429 1461 488 OARMINA.

724 627 749 667 rs
810 605 894 672 Nem
917 607 1048 672 solvere
1072 605 1191 672 Petrus
1215 627 1289 671 oum
1311 613 1424 693 posset
1446 607 1480 670 in
1502 607 1584 673 urbe
1607 606 1752 688 Quirine,

888 709 1052 775 Hostibus
1075 730 1118 775 ex
1141 710 1221 774 utris
1244 709 1437 795 insidiisque
1459 709 1549 791 feris,

806 814 904 879 Hune
927 814 988 878 tibi
1011 813 1211 894 solvendum,
1235 835 1294 879 rex
1316 813 1582 895 elementissimo,
1605 815 1703 894 misit,

885 917 999 1003 Teque
1023 938 1083 982 sue
1103 917 1207 982 voluit
1229 917 1360 1002 fungier
1382 917 1439 982 ille
1460 917 1543 982 vioe.

805 1021 871 1086 Per
894 1041 929 1086 se
952 1020 1059 1087 reddit
1081 1021 1113 1086 ei
1136 1019 1356 1085 membrorum
1378 1019 1498 1086 domne
1520 1019 1679 1108 pavendo,

723 1145 749 1182 ro
893 1123 938 1189 Et
960 1145 1021 1211 per
1042 1131 1074 1190 te
1098 1124 1187 1190 sedis
1210 1124 1374 1210 officiique
1397 1123 1507 1190 decus.

808 1226 901 1294 Coeli
925 1229 1027 1296 hebet
1050 1229 1103 1295 hio
1126 1231 1246 1312 eleves,
1269 1229 1418 1316 proprios
1441 1235 1475 1296 te
1497 1229 1593 1294 iussit
1615 1229 1747 1310 babere,

883 1333 934 1400 Tu
957 1333 1045 1419 regis
1068 1335 1240 1414 ecelesiae,
1263 1354 1337 1398 nam
1360 1333 1446 1419 regit
1467 1333 1522 1398 ille
1545 1332 1623 1418 poli.

805 1436 856 1501 Tu
880 1437 968 1524 regis
992 1438 1063 1503 eius
1085 1458 1175 1525 opes,
1200 1439 1323 1502 olerum
1346 1437 1567 1523 populumque
1590 1435 1765 1523 gubernas,

747 1617 752 1626 .
891 1540 956 1604 Hic
979 1546 1012 1605 te
1037 1541 1211 1606 caelicolas
1235 1539 1332 1604 duoet
1354 1539 1395 1603 ad
1417 1560 1521 1625 usque
1546 1539 1674 1605 choros.

724 1664 749 1702 n
813 1642 902 1729 Ergo
926 1643 1005 1710 sede
1030 1649 1100 1709 tute
1124 1650 1236 1709 senate
1260 1644 1293 1707 in
1317 1642 1396 1708 sede
1420 1642 1586 1722 sacerdos,

889 1745 934 1810 ut
955 1747 1028 1832 regi
1049 1767 1069 1811 u
1091 1746 1223 1811 domino
1245 1767 1346 1832 posoe
1369 1745 1510 1812 libenter
1532 1767 1639 1833 opem.

806 1849 852 1914 Ut
874 1849 931 1915 det
953 1851 985 1915 ei
1009 1849 1159 1915 Christus
1182 1850 1292 1930 vitem,
1316 1850 1503 1935 tribuatque
1526 1851 1677 1926 salutem,

886 1952 979 2018 Illius
1003 1960 1037 2018 et
1060 1975 1196 2040 reguum
1220 1974 1351 2040 semper
1373 1952 1505 2034 adulte
1526 1955 1624 2019 levet.

807 2056 855 2122 'Ie
879 2063 973 2143 peter
995 2057 1203 2136 altithronus,
1226 2077 1295 2138 rex,
1320 2057 1425 2122 solvet
1446 2062 1595 2142 tempore
1617 2057 1727 2141 longo,

725 2180 752 2220 eo
895 2159 939 2225 ut
962 2160 1022 2225 tibi
1048 2160 1104 2226 det
1125 2161 1226 2225 vitem
1250 2161 1319 2225 sive
1343 2161 1457 2225 salutis
1481 2181 1587 2246 opem,

805 2263 870 2330 Pro
893 2265 988 2330 vobis
1011 2265 1114 2330 saneti
1137 2264 1305 2330 dominum
1329 2271 1498 2350 orentque,
1520 2271 1709 2350 petantque,
1797 2283 1801 2290 ·

890 2367 1037 2443 Quorum
1059 2369 1184 2434 enimes
1209 2369 1346 2448 eoelum,
1370 2389 1507 2454 corpore
1529 2374 1617 2432 terre
1640 2374 1741 2435 tenet.

806 2473 854 2538 Te
877 2474 984 2559 plebs,
1007 2479 1040 2538 te
1064 2475 1171 2538 olerus
1195 2472 1310 2538 sitiunt
1332 2474 1364 2536 in
1387 2473 1536 2558 pertibus
1559 2472 1630 2537 istis

886 2575 1042 2656 Cernere,
1067 2577 1128 2641 sim
1151 2577 1218 2640 voti
1242 2597 1375 2662 compos
1399 2576 1526 2661 etipse
1549 2576 1625 2640 mei.

604 2725 606 2729 .
724 2701 749 2738 n
808 2680 918 2764 Atque
940 2678 1065 2743 utinam
1087 2678 1237 2743 dominns
1261 2685 1294 2743 te
1317 2679 1398 2743 istes
1422 2677 1562 2743 deducet
1583 2678 1625 2742 ad
1647 2700 1751 2758 eroes,

884 2781 928 2846 Et
950 2780 1060 2846 videet
1083 2780 1250 2846 dominum
1272 2780 1350 2846 urbs
1374 2781 1553 2846 Aureliane
1576 2785 1698 2847 suum1.

808 2884 859 2950 Sit
882 2884 942 2949 tibi
964 2884 1042 2966 vite,
1067 2886 1166 2964 selus,
1189 2884 1307 2969 pietas,
1330 2883 1518 2950 benedictio
1542 2883 1673 2964 Christi,

889 2986 963 3053 Rex
986 2988 1051 3073 pie,
1073 3009 1133 3053 rex
1157 2988 1299 3074 sepiens,
1321 3008 1382 3052 rex
1405 2987 1485 3051 setis
1508 2994 1583 3073 epte
1608 2987 1681 3054 deo.

1180 3347 1343 3413 XXXIII.

707 3477 772 3550 AD
800 3475 1099 3550 FARDULFUM
1125 3476 1354 3550 ΑΒΒΑΤΕΜ
1381 3475 1553 3550 SANCTI
1580 3469 1826 3550 DIONYSll².

1264 3596 1272 3638 l

813 3659 940 3725 Sumite
965 3681 1049 3746 ques
1071 3661 1148 3725 misi
1170 3663 1277 3726 laetus
1300 3661 1494 3726 munuscula
1515 3660 1643 3746 perve³,

893 3762 1007 3828 Dulois
1030 3764 1134 3829 amice
1158 3762 1248 3842 mibi,
1271 3762 1377 3828 duleis
1401 3769 1434 3828 et
1456 3770 1532 3848 apte
1554 3763 1663 3827 nimis.

809 3866 902 3941 Ques
927 3867 992 3931 sint
1014 3888 1115 3954 parve
1136 3867 1225 3944 lieet,
1248 3887 1367 3951 magne
1389 3866 1470 3931 haee
1493 3865 1625 3930 dileetio
1648 3865 1757 3947 mittit,

889 3967 981 4043 Ques
1004 3991 1070 4034 non
1093 3975 1284 4056 compenset
1307 3989 1371 4048 res,
1395 3967 1454 4034 sed
1476 3969 1597 4034 emeris
1620 3989 1711 4054 opus.

744 4095 755 4130 s
817 4071 867 4137 sit
890 4071 951 4137 tibi
972 4073 1050 4154 vite,
1074 4074 1173 4154 selus,
1197 4073 1263 4138 sint
1284 4081 1318 4138 et
1340 4073 1450 4138 felicis
1472 4079 1598 4152 ennete,

892 4173 937 4240 ut
958 4175 1019 4241 tibi
1041 4176 1082 4242 de
1106 4177 1206 4243 caelis
1230 4197 1289 4242 rex
1312 4175 1394 4241 deus
1418 4174 1516 4240 addet
1538 4195 1644 4261 opem.

807 4276 851 4342 Et
873 4277 920 4342 sio
943 4285 976 4344 te
1000 4279 1146 4346 clemens
1170 4279 1269 4345 duest
1291 4300 1350 4364 per
1372 4299 1531 4366 prospere
1552 4277 1676 4359 mundi,

888 4380 934 4446 Ut
955 4402 1015 4468 pes
1038 4383 1224 4448 inoffenso⁴
1246 4382 1376 4447 tremite
1399 4382 1488 4447 oelse
1509 4387 1611 4468 petat.

813 4483 857 4549 Et
880 4486 936 4570 qui
959 4485 1020 4551 beo
1042 4486 1076 4551 in
1099 4486 1167 4550 vitu
1189 4484 1323 4571 dignum
1346 4485 1508 4551 concessit
1530 4485 1697 4563 honorem,

728 4609 752 4647 ιο
877 4603 885 4630 '·
897 4589 961 4655 Hie
985 4590 1045 4656 tibi
1069 4596 1144 4677 post
1166 4589 1291 4656 obitum
1313 4587 1370 4654 det
1392 4609 1491 4674 super
1513 4594 1602 4654 estre
1623 4589 1743 4654 locum.

969 4790 989 4833 11
1035 4769 1167 4836 sufflo
1191 4767 1567 4835 RESIPISCENDUM.

810 4871 897 4947 Quid
920 4872 1010 4938 iuvet
1031 4873 1073 4939 ed
1095 4881 1225 4962 tempus
1248 4895 1408 4960 nugarum
1430 4872 1580 4958 linquere
1595 4872 1713 4950 larvas,

890 4973 926 5038 Si
948 4974 1080 5041 demum
1102 4977 1224 5062 repetit
1247 4978 1318 5063 quis
1341 4975 1427 5040 male
1453 4995 1552 5041 senus
1576 4980 1652 5040 ees?

545 5195 579 5250 27
596 5197 690 5252 HooS
791 5195 826 5251 33
844 5198 1007 5266 gubernutS
1108 5196 1144 5250 34
1161 5201 1294 5253 eeelieolos
1312 5219 1378 5254 corr.
1398 5201 1505 5253 Liersolr

520 5281 652 5350 [XXXIII]
675 5285 781 5338 exedit.
801 5284 936 5338 Sit-muudi
948 5304 977 5352 p.
996 5283 1048 5338 266
1067 5287 1083 5336 l.
1103 5287 1139 5336 VI
1157 5303 1177 5338 o.
1197 5288 1357 5338 ΧΧ-ΧΧΙΙ

543 5418 571 5488 1)
592 5417 635 5488 Cf.
653 5419 724 5474 Anu.
742 5418 871 5477 Laurise.
895 5421 958 5476 moi.
982 5419 1035 5476 800
1055 5421 1113 5488 (SS.
1138 5424 1163 5487 I,
1185 5421 1246 5489 186)
1282 5421 1350 5474 Inde
1376 5419 1547 5487 (Iurom'bus
1571 5419 1655 5474 Iunio
1676 5422 1777 5485 mense)
1801 5436 1852 5490 per
1874 5417 2038 5472 Aurelianos
2063 5433 2096 5472 eo

440 5520 561 5576 Parisios
587 5539 727 5594 regressus
753 5524 929 5595 Aquesgreni
958 5540 1083 5579 reversus
1109 5527 1158 5579 est.
1240 5524 1269 5592 2)
1293 5524 1338 5578 De
1355 5523 1498 5592 Fardulfo
1519 5524 1619 5579 abbate
1636 5522 1812 5592 (ree-806)
1830 5523 1868 5591 cf.
1886 5538 1974 5591 supro
1987 5538 2017 5590 p.
2036 5520 2097 5574 352.

440 5626 467 5693 3)
493 5624 622 5680 Garumna
641 5628 783 5696 sequentia
806 5629 894 5684 diem
911 5628 1034 5695 videtur,
1057 5627 1095 5696 cf.
1111 5627 1245 5690 Ls'ersct,
1269 5628 1314 5682 die
1334 5627 1465 5683 Geds'cbte
1487 5627 1636 5697 Theodulfs
1649 5645 1679 5696 p.
1696 5628 1737 5682 75.
1799 5628 1827 5695 4)
1848 5625 1890 5693 Os.
1909 5639 1998 5694 supra
2006 5641 2033 5693 p.
2047 5624 2098 5677 508

439 5745 463 5784 v.
482 5731 545 5793 594;
566 5729 613 5785 Ov.
638 5729 719 5786 Ilirt.
739 5727 981 5802 111,4,3e'pede
1002 5730 1145 5788 inoffenso.
