4694 6428
1146 427 1293 484 Alaslln'l
1314 427 1490 484 ‹Jassuln'a

860 601 994 668 Iudiciis
1017 603 1104 680 iusti,
1127 603 1268 668 humiles
1292 606 1414 691 pietate
1437 603 1596 668 modesta.

792 727 802 762 'a
860 705 1022 770 Doctores
1046 707 1167 794 populi,
1190 706 1343 771 ductores
1366 715 1400 772 et
1422 707 1531 791 gregis
1554 706 1642 771 almi.

859 807 996 894 Semper
1018 809 1139 894 ubique
1162 808 1235 874 deo.
1260 817 1347 896 peto,
1370 830 1429 872 sos
1452 817 1559 872 estote
1582 807 1706 870 fideles.

859 911 1075 998 Multiplioate
1098 913 1152 998 pio
1176 921 1331 998 percepta
1354 913 1477 975 talenta
1500 911 1623 978 labore.

858 1014 1003 1078 Maxima
1024 1014 1110 1100 quod
1134 1037 1259 1080 summe
1282 1015 1419 1100 capiatis
1441 1014 1586 1100 praemia
1608 1013 1711 1078 caela.

858 1117 940 1182 Cum
963 1117 1096 1183 Christo
1121 1125 1155 1182 et
1178 1119 1298 1182 sanetis
1322 1119 1480 1182 eoelestia
1501 1139 1603 1202 regna
1619 1125 1779 1180 tenentes.

779 1249 781 1254 ¹
860 1220 994 1308 Vosque
1017 1221 1082 1286 mei
1105 1242 1266 1286 memores
1284 1221 1434 1286 Christus
1458 1227 1630 1284 conseruet
1650 1219 1780 1304 ubique.

858 1323 1022 1388 Alchuine
1044 1323 1134 1388 dicer
1157 1345 1229 1408 ego,
1254 1333 1361 1388 vestro
1384 1323 1523 1388 devotus
1545 1324 1658 1386 amori.
1707 1345 1713 1352 ·

857 1427 886 1490 (l
911 1449 967 1490 vos
992 1435 1151 1514 pastores,
1176 1435 1295 1514 patres,
1319 1429 1390 1492 sinc
1413 1427 1476 1491 tine
1500 1426 1618 1489 valete.

857 1529 899 1594 llt
922 1539 974 1608 tu,
998 1539 1109 1596 sancte
1134 1539 1242 1618 pater,
1271 1532 1344 1616 pius
1368 1528 1569 1594 Aedilharde
1593 1527 1746 1592 sacerdos
1760 1530 1779 1594 ¹.

806 1693 815 1710 ,
859 1632 927 1696 Iam
953 1634 1071 1714 valcas,
1096 1635 1222 1718 vigeas,
1251 1632 1384 1698 Christo
1407 1632 1549 1696 donante
1572 1653 1631 1716 per
1652 1651 1779 1695 sermm.

1266 1807 1444 1814 .-„....-„-—...
1449 1805 1520 1812 —.---

1289 1975 1349 2040 xl.

855 2095 975 2160 l’cctus
998 2116 1088 2160 amor
1111 2101 1256 2160 nostram
1280 2095 1463 2181 penetravit
1486 2095 1615 2158 flamma
1637 2143 1773 2163 .....

938 2199 1047 2284 Atque
1070 2199 1179 2262 calore
1203 2219 1287 2262 nevo
1312 2218 1443 2284 semper
1465 2197 1592 2262 inardet
1618 2219 1719 2261 amor.

854 2301 924 2366 Nec
947 2323 1046 2382 mare,
1071 2323 1130 2366 nec
1153 2302 1261 2382 tellus,
1286 2307 1412 2366 montes
1436 2321 1497 2364 nce
1521 2301 1603 2363 silva
1625 2301 1679 2364 vel
1702 2301 1794 2386 alpes

938 2405 1024 2470 lluic
1047 2405 1178 2470 obstare
1201 2413 1324 2490 queunt
1345 2409 1402 2468 aut
1424 2403 1573 2468 inhibere
1597 2403 1693 2482 viam,

855 2507 927 2582 Quo
951 2509 1068 2588 minus,
1091 2509 1176 2572 alme
1199 2515 1294 2594 pater
1308 2508 1330 2588 ²,
1355 2527 1484 2592 semper
1506 2513 1563 2570 tua
1585 2506 1710 2570 viscera
1733 2507 1844 2590 lingat,

938 2611 1000 2676 Vel
1023 2611 1166 2676 lacrimis
1190 2611 1277 2675 lavet
1302 2617 1427 2696 peetus,
1451 2615 1568 2688 amate,
1592 2615 1693 2672 tuum.
1837 2591 1855 2606 ,.

855 2715 922 2778 Cur
943 2721 989 2794 tu,
1013 2713 1118 2778 dulcis
1142 2734 1242 2794 amer,
1266 2714 1361 2778 fletus
1385 2711 1560 2797 generabis
1583 2733 1721 2786 amaros,

937 2816 980 2882 llt
1002 2815 1043 2882 de
1067 2818 1164 2882 melle
1188 2818 1241 2904 pio
1265 2815 1383 2904 pocula
1406 2837 1517 2880 amara
1539 2816 1662 2880 fluunt?

852 2919 888 2986 Si
911 2921 1067 3004 taniam,
1091 2919 1239 3002 mundus,
1264 2921 1443 2984 miscentur
1466 2919 1574 2984 dulcia
1596 2921 1725 2998 amaris,

938 3023 1097 3088 Adversis
1120 3024 1246 3088 variant
1268 3044 1426 3110 prospera
1448 3029 1566 3087 cuncta
1589 3023 1664 3088 cito.

852 3127 971 3192 Omnia
994 3127 1140 3192 tristifico
1164 3133 1327 3190 mutantur
1349 3125 1470 3210 gaudia
1492 3126 1592 3205 luctu,

940 3230 994 3294 Nil
1018 3237 1069 3294 est
1091 3236 1296 3317 perpetuum,
1319 3235 1437 3292 cuneta
1460 3229 1567 3314 perire
1591 3235 1723 3312 queunt.

854 3333 901 3398 '1¹0
926 3332 1021 3398 medo
1044 3340 1244 3420 quapropter
1267 3332 1431 3416 fugiamus
1454 3337 1587 3416 pectere
1610 3338 1690 3408 toto,

933 3435 1048 3520 Tuque
1072 3443 1105 3500 et
1128 3457 1198 3517 noa,
1222 3433 1360 3499 mundus
1384 3436 1447 3500 iam
1471 3435 1625 3521 periture,
1648 3434 1753 3534 fugias

851 3539 1056 3625 llalitiasqua
1079 3539 1146 3624 poli
1170 3558 1364 3624 semperque
1387 3537 1552 3602 manentia
1574 3559 1675 3621 regna
1728 3527 1731 3532 „

936 3643 1139 3720 Quaeramus
1163 3649 1232 3708 toto
1256 3649 1400 3730 pectore,
1424 3649 1544 3722 mente,
1566 3663 1674 3708 manu.

852 3748 947 3814 Ilelix
969 3749 1045 3814 aula
1067 3749 1134 3835 poli
1157 3769 1321 3833 nunquam
1345 3747 1503 3832 disiungit
1525 3747 1682 3816 amicum:

934 3853 1071 3940 Semper
1093 3853 1202 3932 hahet,
1227 3850 1313 3936 quod
1336 3859 1433 3932 amat,
1456 3859 1571 3936 pectus
1594 3872 1704 3915 amore
1728 3852 1846 3914 calens.

850 3955 923 4022 Ilua
946 3977 1133 4042 properare,
1157 3961 1259 4042 pater,
1282 3955 1435 4041 precibus
1458 3975 1536 4040 rape
1560 3974 1627 4034 me,
1652 3975 1731 4038 rogo
1755 3961 1873 4032 tecum,

941 4059 1015 4134 Qua
1036 4065 1147 4124 noster
1170 4078 1334 4142 nunquam
1357 4057 1552 4122 dissociatur
1574 4077 1675 4121 amor.

850 4161 971 4246 Aspice
995 4161 1137 4226 laetifico
1159 4167 1329 4244 gratanter
1351 4160 1459 4240 corde,
1483 4181 1664 4246 precamur,

932 4263 1073 4330 Parvula
1097 4285 1179 4350 quaa
1203 4286 1339 4350 magnus
1362 4286 1497 4330 munera
1519 4265 1607 4330 misit
1629 4286 1728 4329 amor.

850 4368 932 4432 Nam
956 4367 1020 4432 dua
1044 4369 1213 4455 praemitis
1236 4368 1425 4434 laudaverat
1448 4390 1525 4434 aera
1547 4369 1704 4453 magister
1714 4369 1737 4436 ³.

932 4471 1024 4546 Quae
1048 4475 1161 4540 iniecit
1184 4475 1297 4561 templi
1320 4475 1419 4540 uidua
1441 4474 1528 4539 nuda
1550 4475 1650 4558 gazis.

852 4576 1011 4642 Omnibus
1035 4585 1086 4642 est
1108 4577 1202 4642 donis
1226 4579 1343 4642 melior
1364 4577 1497 4643 dilectio
1521 4599 1623 4646 sacra.

935 4679 1045 4768 Atque
1069 4680 1151 4746 fides
1175 4683 1277 4754 firma,
1302 4699 1385 4766 quae
1409 4681 1499 4766 viget
1522 4687 1618 4765 atque
1640 4686 1761 4743 manet.

845 4781 892 4848 'rc
918 4781 1037 4859 diviua,
1061 4789 1155 4868 pater
1176 4783 1360 4866 karissime,
1384 4783 1469 4847 dona
1492 4789 1672 4866 sequantur

916 4885 1202 4970 Praeveniantque
1226 4887 1340 4952 simul:
1365 4908 1495 4974 semper
1517 4887 1638 4970 ubique
1661 4885 1744 4950 vale.

586 5109 617 5162 lh
634 5112 750 5162 ocenum
768 5123 792 5162 or
816 5111 840 5160 ¹1·
941 5109 972 5160 16
991 5113 1038 5162 aloc
1057 5127 1103 5160 usu
1122 5129 1167 5162 urs
1191 5113 1259 5170 Tm
1278 5123 1336 5178 pota
1355 5113 1551 5176 mpermriprum
1571 5121 1606 5162 es!
1624 5112 1650 5166 ia
1669 5110 1697 5160 K
1790 5110 1824 5160 18
1840 5127 1891 5175 qna
1911 5108 1934 5156 Γ
1986 5111 2017 5161 in
2036 5115 2121 5164 eaelo
2138 5118 2164 5166 G

478 5193 509 5246 'dl
531 5197 638 5248 claricinis
659 5197 681 5244 tl
785 5195 819 5248 28
837 5207 939 5248 sarrotse
965 5197 1018 5246 'l'u
1089 5197 1146 5262 pias
1164 5217 1211 5250 rina
1229 5197 1322 5248 Veh·
1389 5197 1534 5248 aedilharde
1553 5197 1587 5260 K,
1605 5197 1767 5246 aethelharde
1790 5193 1846 5243 Ta·
1979 5234 1993 5246 ,

548 5283 592 5346 [xl
614 5279 702 5342 *xlm
739 5281 817 5330 relidi!
839 5283 861 5346 Q
877 5301 902 5350 p.
923 5281 1096 5334 llis-1719
1114 5302 1139 5334 rr.
1152 5285 1473 5337 clrxxxl-laxxxu'
1545 5283 1633 5349 lpcsl
1651 5286 1750 5334 llsnrma
1767 5299 1815 5331 car
1827 5282 1893 5330 dees!
1963 5277 2108 5350 Scopula
2127 5291 2161 5350 Q,

479 5369 568 5430 pastris
588 5367 614 5416 d*
627 5387 652 5432 p,
673 5363 725 5416 sm
829 5367 863 5418 18
883 5371 975 5436 wanti
993 5409 998 5420 .
1014 5408 1019 5420 .
1035 5409 1040 5418 .
1058 5373 1087 5430 Q.
1106 5383 1206 5436 prorsus
1224 5383 1276 5422 sata
1295 5371 1323 5420 F
1423 5367 1455 5420 14
1475 5371 1566 5434 Tuque
1584 5379 1609 5420 et
1628 5369 1657 5430 Q,
1675 5373 1716 5420 'l'n
1733 5365 1875 5434 qrrmpreF
1977 5365 2015 5415 19
2028 5371 2108 5424 Huic
2126 5377 2160 5438 Q,

480 5451 536 5503 llao
557 5451 583 5500 l·
704 5449 1062 5516 dliscitintl.iuleei11·'
1170 5453 1203 5506 ’Ξῖ
1223 5457 1355 5506 harimnu
1376 5461 1398 5517 Q
1501 5453 1535 5504 28
1554 5455 1756 5520 l‘cmeniantque
1777 5453 1811 5514 Q,
1837 5451 2068 5518 {mereamurque
2091 5459 2126 5508 F

580 5603 605 5654 ll
625 5601 694 5656 Post
718 5601 898 5670 direptionem
922 5605 1080 5658 remanserit
1106 5605 1348 5674 Liarlisjirruensis
1373 5623 1398 5658 a.
1418 5605 1468 5658 193
1487 5603 1594 5668 sasima
1611 5604 1747 5658 ,llcuinss
1766 5603 1815 5656 hor
1837 5617 1942 5654 aarum
1963 5603 2158 5664 Aedium

477 5703 557 5756 misit.
628 5703 655 5754 ‘dl
674 5707 751 5757 Arma
778 5705 899 5770 sortasse
925 5703 1151 5776 Sulishrsrpcasr‘s
1174 5709 1325 5776 cpimcpss.
1395 5707 1422 5770 3)
1450 5703 1540 5758 Marc.
1560 5705 1601 5772 12,
1618 5705 1662 5758 42.
