4936 6406
936 417 985 470 AD
1003 415 1204 471 EPlSCOPOS.

602 591 685 671 Quo,
709 613 799 676 rogo,
823 592 896 676 quis
919 597 1017 676 pacto
1041 591 1139 655 sociis
1162 592 1231 676 quit
1254 592 1405 677 praevius
1429 611 1513 670 esse,

687 695 752 768 Qui
775 694 870 759 modo
893 693 981 780 quod
1003 698 1115 759 teneat
1137 694 1191 758 hic
1215 715 1343 780 quoqne
1366 693 1474 758 nescit
1496 693 1579 757 iter?

507 819 545 856 sos
604 798 640 862 Si
662 799 751 864 calor
774 804 834 878 est,
857 799 1015 880 umbram,
1038 799 1067 862 si
1089 798 1203 883 frigus,
1227 798 1413 884 quaerimus
1437 798 1556 883 ignem,

689 901 826 987 Quoque
849 903 962 966 iuvare
985 923 1079 987 queo,
1103 909 1192 966 certo
1216 902 1328 966 iuvare
1351 900 1459 966 modo.

603 1003 683 1076 Quis
707 1011 796 1069 vetet
818 1006 956 1070 interius
980 1005 1090 1070 verbis
1113 1026 1229 1070 ornare
1253 1005 1455 1090 magistrum,

684 1106 789 1180 Quem
813 1109 898 1173 solet
920 1110 1066 1173 exterius
1089 1130 1218 1174 comere
1240 1116 1352 1173 nostra
1372 1115 1508 1174 manus?

602 1211 700 1275 Vitae
724 1218 757 1276 et
779 1211 972 1276 munditiem
996 1233 1053 1275 cnr
1075 1232 1140 1275 non
1163 1210 1320 1276 adhibere
1343 1210 1477 1297 parabo,
1510 1229 1511 1232 ’

507 1335 547 1373 no
689 1315 771 1379 Cum
796 1313 891 1378 modo
915 1317 942 1378 si
966 1316 1096 1380 sordem
1119 1337 1184 1380 non
1208 1317 1279 1380 fero
1301 1316 1404 1381 vestis
1426 1316 1550 1381 habet?

604 1420 670 1484 Cur
692 1441 756 1484 non
781 1420 902 1505 optabo
926 1427 1080 1485 aeternae
1103 1419 1437 1500 adcommodandae,

690 1523 772 1586 Cum
795 1523 890 1587 modo
914 1529 1035 1608 quanta
1058 1545 1142 1608 queo
1166 1523 1336 1588 commoda
1357 1523 1444 1588 ferre
1467 1529 1567 1609 paro?

602 1627 774 1692 Ecclesiae
797 1627 871 1690 huic
895 1625 995 1692 debet
1017 1628 1157 1712 populus
1181 1650 1216 1692 se
1241 1627 1383 1693 subdere
1406 1634 1520 1708 totum,

688 1728 780 1801 Quae
804 1729 966 1793 laudanda
988 1751 1105 1794 aevum
1128 1731 1225 1794 turba
1247 1753 1307 1817 per
1329 1753 1424 1795 omne
1447 1738 1569 1796 manet.

507 1857 545 1894 su
605 1834 699 1908 Quae
722 1832 824 1898 decus
848 1842 882 1897 et
905 1833 1070 1919 splendor,
1093 1833 1261 1898 fundatrix
1284 1835 1355 1898 eins
1379 1841 1413 1899 et
1435 1835 1539 1898 altrix¹

688 1937 827 2000 Nomina
850 1957 1041 2020 magnorum
1063 1944 1140 2022 post
1162 1936 1313 2002 duodena
1335 1938 1449 2002 virum.

603 2042 680 2128 Ipse
704 2041 928 2104 columnarum
949 2040 984 2102 in
1008 2039 1138 2104 Christo
1161 2039 1365 2104 firmissimus
1388 2039 1467 2104 ordo

686 2143 799 2222 Fixus,
823 2142 875 2206 cni
898 2141 1058 2206 incumbit
1080 2142 1195 2206 sedula
1215 2143 1277 2207 rite
1301 2142 1427 2206 cohors.

602 2246 711 2310 Huius
736 2244 884 2310 sidereae
907 2244 1120 2330 resplendens
1143 2245 1242 2308 ianua
1265 2244 1364 2322 sedis,

508 2373 546 2410 eso
691 2349 759 2413 Per
780 2370 862 2433 quos
884 2348 925 2412 ad
949 2347 1115 2412 Christum
1139 2349 1193 2432 qui
1217 2349 1307 2434 onpit
1329 2349 1429 2415 intrat
1451 2370 1562 2414 ovans.

604 2452 690 2517 Cura
712 2451 931 2536 regendarum
955 2452 1073 2536 quibus
1097 2458 1148 2516 est
1171 2473 1330 2516 concessa
1354 2453 1546 2534 animarum,

687 2555 804 2621 Sortiti
823 2557 963 2643 populos
985 2554 1132 2642 pondera
1154 2577 1272 2642 magna
1294 2557 1413 2621 ferunt.

603 2661 732 2746 Quique
755 2661 889 2724 incensa
910 2680 1045 2746 precum
1066 2660 1146 2723 dant
1167 2680 1225 2746 pro
1248 2661 1438 2747 peccamine
1460 2661 1579 2747 plebis,

684 2763 729 2828 Et
750 2766 837 2829 mala
858 2763 1031 2850 deplorant
1054 2765 1157 2828 mixta
1179 2765 1288 2829 aliena
1310 2764 1390 2832 suis.

510 2895 548 2932 aa
608 2867 732 2933 Indicis
755 2875 907 2933 avertunt
930 2869 1071 2932 inmensi
1094 2889 1114 2931 a
1136 2867 1290 2954 plebibus
1312 2869 1404 2948 iram,

687 2973 769 3037 Cum
792 2974 923 3060 proprio
946 2973 1007 3036 hoo
1030 2971 1164 3056 Moyses
1187 2973 1286 3036 fratre
1310 2971 1447 3056 gerebat
1469 2992 1562 3057 opus.

604 3078 665 3143 Ille
689 3077 866 3140 voluntatis
890 3076 1007 3140 chorus
1031 3083 1081 3141 est
1102 3081 1249 3139 narrator
1271 3075 1394 3154 herilis,

687 3177 829 3244 Credula
852 3200 915 3263 quo
939 3177 1021 3242 duce
1045 3179 1139 3263 plebs
1161 3178 1289 3242 scandit
1310 3178 1352 3242 ad
1374 3180 1441 3242 alta
1462 3177 1540 3262 poli.

604 3283 764 3346 Adsertor
784 3283 864 3362 veri,
886 3281 1034 3366 perversi
1058 3281 1220 3366 dogmatis
1242 3282 1357 3360 hostis,

509 3406 548 3444 aso
690 3384 764 3449 Hoc
787 3392 883 3449 vocet
905 3393 939 3447 et
961 3383 1091 3460 retinet,
1114 3383 1147 3447 id
1169 3383 1262 3468 fugat
1283 3390 1381 3468 atque
1404 3383 1518 3467 abigit.

606 3488 746 3552 Conscia
769 3510 851 3573 qnae
874 3489 965 3573 pravi
988 3492 1113 3551 metuet
1136 3486 1230 3573 plebs
1251 3486 1378 3551 visibus
1401 3486 1492 3572 ipsis,

690 3591 782 3664 Quae
804 3590 901 3670 bona,
924 3590 1115 3654 mellifluum
1138 3591 1238 3653 sentit
1259 3591 1368 3654 inesse
1391 3589 1464 3655 sibi.

607 3695 766 3782 Oppressi
791 3701 842 3759 cst
865 3701 952 3758 tutor
974 3694 1098 3778 populi,
1122 3692 1306 3779 vindexque
1329 3691 1500 3777 benignus,

691 3798 861 3864 Catholica
883 3798 969 3862 hunc
992 3798 1113 3861 vocitat
1136 3797 1248 3860 concio
1273 3802 1389 3861 cuncta
1410 3801 1549 3882 patrem.

510 3925 548 3963 sss
611 3903 765 3968 Praemia
787 3901 910 3966 luciflui
933 3899 1126 3986 promittunt
1149 3898 1250 3965 ardua
1273 3899 1377 3985 regni,

688 4003 761 4079 Quo
785 4005 904 4069 chorus
925 4004 1105 4087 angelicus,
1129 4005 1270 4091 quolpia
1292 4002 1387 4068 turba
1408 4009 1537 4090 patrum
1561 4009 1623 4068 est.

606 4112 699 4184 Quae
723 4110 811 4196 capit
834 4118 867 4173 et
890 4114 1022 4172 sanctus
1046 4109 1101 4193 qui
1125 4107 1221 4172 sudat
1243 4107 1338 4172 miles
1360 4109 1394 4172 in
1417 4107 1526 4186 armis,

690 4212 861 4297 Hosteque
884 4211 925 4276 ab
948 4210 1099 4274 horrifico
1122 4211 1227 4274 victor
1248 4209 1288 4274 ad
1311 4216 1400 4276 astra
1421 4212 1519 4276 volat.

604 4317 694 4382 Dant
714 4317 771 4403 pia
793 4316 870 4379 dum
892 4316 1016 4379 faciunt
1040 4335 1175 4400 operum
1198 4314 1396 4380 documenta
1417 4316 1576 4383 bonorum

510 4445 548 4481 so
695 4419 844 4507 Suntque
867 4420 921 4484 dei
944 4418 1064 4505 populo
1088 4439 1202 4483 norma
1224 4417 1389 4505 decusque
1412 4420 1512 4506 pium.

605 4525 670 4589 Hie
694 4531 746 4589 est
767 4522 918 4588 aedituus
943 4530 1067 4602 coetus,
1091 4523 1146 4606 qui
1169 4521 1316 4586 clavibus
1338 4523 1445 4603 almis,

686 4629 731 4694 Et
753 4637 842 4694 serat
864 4635 898 4694 et
920 4635 1054 4706 reserat,
1078 4635 1111 4692 et
1134 4628 1215 4711 ligat
1237 4634 1271 4691 et
1293 4626 1422 4711 religat.

604 4733 707 4819 Regis
730 4741 764 4797 et
786 4731 861 4796 inde
885 4753 978 4795 saera
999 4753 1062 4815 qno
1087 4730 1297 4815 dispensante
1322 4730 1477 4816 supremi,

687 4835 799 4900 Turba
820 4836 904 4899 nitet
926 4833 1082 4920 gradibus
1106 4833 1253 4898 officiosa
1275 4834 1354 4896 suis.

510 4961 548 4998 aa
608 4938 698 5012 Quos
722 4959 786 5002 non
810 4937 956 5016 ambitio,
980 4936 1038 5002 sed
1061 4938 1148 5001 vitae
1171 4937 1285 5022 gloria,
1309 4936 1400 5001 vexit

690 5041 744 5106 Ad
766 5042 840 5106 loca
863 5042 1011 5106 sublimis
1035 5041 1172 5106 editiora
1194 5040 1326 5126 gradus.

605 5145 696 5218 Quos
719 5166 785 5208 non
808 5144 941 5209 humani
964 5145 1116 5230 provexit
1138 5164 1247 5230 penna
1269 5143 1400 5224 favoris,

689 5248 755 5314 Sed
778 5249 863 5328 tulit,
886 5250 972 5312 alme
995 5248 1088 5329 dens,
1112 5268 1230 5312 munus
1253 5245 1295 5310 ad
1318 5248 1385 5312 alta
1407 5254 1508 5315 tuum.

605 5351 670 5425 Qui
693 5351 757 5416 sibi
779 5353 937 5440 primatus
961 5352 1092 5439 proprio
1115 5350 1157 5416 de
1181 5351 1322 5415 culmine
1345 5371 1509 5436 nunquam

510 5481 549 5518 sao
691 5457 915 5545 Applandunt‚
939 5458 1071 5523 humilis
1094 5479 1188 5522 mens
1212 5456 1331 5543 quibus
1354 5464 1453 5542 atque
1474 5458 1532 5544 pia
1553 5465 1614 5524 est.

905 5620 1238 5628 .-..-...-—--1-----—.-.

342 5717 394 5770 222
412 5719 519 5770 Sortitos
537 5720 625 5786 populi
639 5719 668 5782 S,
685 5739 722 5770 aa
738 5723 825 5772 Sortiti
843 5725 951 5792 populos
969 5723 1060 5774 wau?

310 5815 416 5869 Porrus
429 5826 513 5868 annm
525 5827 584 5868 aava
596 5815 722 5869 Casuum
735 5817 755 5867 1.
