4612 6420
716 416 993 475 INSCRIPTIONES
1012 415 1209 474 SACRORUM
1227 415 1396 473 CODICUM.

590 595 683 659 Unus
707 616 810 676 amor,
841 595 961 675 lector,
989 593 1044 678 qni
1068 594 1110 657 sit
1132 593 1193 656 tihi
1217 614 1348 679 semper
1370 593 1403 656 in
1426 612 1553 674 aevum,

592 698 656 772 Qui
678 698 738 762 tibi
761 698 942 762 transmisit
964 697 1045 762 haec
1068 697 1211 760 maxima
1234 697 1319 761 dona
1340 696 1498 761 librorum

593 802 802 881 Sanctorum,
831 823 892 887 per
913 823 994 886 quos
1018 801 1227 884 cognoscitur
1248 801 1304 865 ille
1328 806 1466 880 creator,

508 928 533 965 ρο
589 905 673 987 Rex,
697 905 809 992 opifex
831 925 948 984 rerum,
971 905 1204 988 hominumque
1227 904 1414 990 redemptor
1437 910 1470 968 et
1493 908 1616 982 auctor,

591 1008 743 1073 Salvator
766 1007 935 1088 Christus,
965 1008 1017 1072 oui
1039 1009 1111 1072 laus
1135 1015 1168 1072 et
1191 1008 1296 1093 gloria
1319 1029 1457 1093 semper.

898 1145 1207 1156 ...—-—-—.—-

568 1231 601 1286 ,s
636 1221 787 1310 [Nomine
811 1221 994 1308 pandecten
1019 1271 1026 1285 .
1051 1271 1058 1285 .
1084 1270 1090 1284 .
1116 1271 1123 1285 .
1148 1222 1292 1286 scribere
1315 1221 1412 1285 iussit
1435 1218 1533 1308 euml

511 1365 534 1401 u
591 1343 684 1407 Haec
708 1342 800 1406 dator
822 1348 976 1406 aeternus
1000 1347 1199 1421 cunctorum,
1222 1340 1362 1421 Christe,
1385 1340 1555 1420 bonomm,

675 1447 813 1510 Munera
836 1445 876 1510 de
900 1446 993 1510 donis
1017 1447 1129 1530 accipe
1154 1452 1266 1510 sancta
1289 1447 1365 1525 tuis,

591 1550 682 1623 Quae
705 1555 800 1636 pater
821 1549 962 1613 Albinus
986 1548 1104 1613 devoto
1127 1555 1262 1635 pectore
1286 1551 1427 1635 supplex

674 1652 824 1717 Nominis
847 1652 888 1715 ad
910 1652 1041 1717 laudem
1065 1652 1184 1716 obtulit
1207 1673 1283 1716 ecce
1307 1653 1365 1715 tui.

592 1754 697 1827 Quem
721 1762 777 1819 tua
798 1755 966 1841 perpetuis
991 1761 1164 1820 conservet
1186 1754 1304 1819 dextra
1325 1754 1452 1836 diebus,

510 1885 536 1922 20
679 1860 724 1924 Ut
746 1860 828 1924 felix
850 1867 959 1923 tecum
982 1860 1071 1923 vivat
1093 1859 1126 1922 in
1150 1880 1224 1922 arce
1247 1859 1325 1944 poli.

612 1964 676 2029 Pro
699 1986 762 2044 me,
787 1964 924 2048 quisque
947 1965 1039 2048 legas
1062 1985 1187 2045 versus,
1211 1984 1304 2027 orare
1327 1969 1509 2026 memento:

670 2067 833 2132 Alchuine
856 2066 948 2131 dicor
969 2088 1042 2150 egO,
1066 2077 1101 2131 tu
1124 2069 1194 2132 sine
1218 2068 1282 2131 fine
1305 2068 1393 2130 vale!

991 2445 1115 2510 LXVI.

1047 2571 1057 2613 1

594 2655 748 2719 Continet
770 2653 824 2718 hio
847 2660 980 2718 sanctus
1003 2675 1067 2718 uno
1091 2655 1151 2718 snb
1176 2676 1312 2741 corpore
1336 2655 1442 2720 codex

593 2760 712 2823 Omnia
734 2779 873 2843 namque
896 2779 1001 2822 novae
1025 2779 1062 2821 ac
1085 2758 1206 2822 vetoris
1231 2760 1388 2843 mysteria
1410 2759 1504 2844 legis.

593 2862 658 2926 Hic
682 2869 733 2926 est
756 2862 829 2925 fons
852 2861 955 2942 vitae,
986 2861 1039 2924 hic
1063 2868 1138 2924 sunt
1160 2869 1337 2947 praecepta
1360 2863 1486 2942 salutis,

591 2965 707 3040 Hunc,
737 2965 879 3030 dictante
903 2964 981 3045 deo,
1011 2965 1172 3051 scripsere
1197 2965 1230 3028 in
1254 2967 1365 3030 secula
1389 2967 1502 3030 sancti.

595 3068 689 3132 Haec
712 3076 763 3133 est
786 3075 899 3132 sancta
921 3068 1019 3149 fides,
1052 3069 1128 3132 hino
1153 3075 1204 3132 cst
1227 3069 1379 3134 caelestis
1404 3071 1505 3155 origo.

596 3171 732 3256 Legifcr
754 3171 809 3235 ille
833 3172 905 3257 pius
929 3171 1083 3255 quioquid
1106 3173 1171 3235 iarn
1195 3172 1372 3258 scripserat
1396 3174 1483 3254 olim,

594 3274 776 3338 Venturum
799 3274 953 3359 quicquid
977 3276 1081 3339 sancti
1105 3276 1254 3340 cecinere
1277 3277 1469 3362 prophetae,

592 3377 752 3443 Hebraici
775 3379 888 3464 populi
911 3385 945 3442 et
968 3378 1122 3463 quicquid
1144 3379 1282 3444 historia
1304 3382 1418 3466 gessit,

594 3480 792 3565 Hymnidica
814 3488 871 3544 aut
894 3480 1049 3566 quicquid
1073 3482 1192 3546 cecinit
1215 3483 1286 3546 laus
1310 3484 1448 3568 mystica
1470 3482 1588 3560 David,

596 3581 758 3668 Quicquid
783 3584 982 3669 apostolicus
1006 3583 1116 3648 docuit
1139 3607 1198 3671 per
1221 3587 1332 3649 secula
1355 3593 1478 3666 coetus,

594 3686 756 3772 Quicquid
781 3689 924 3752 salvator
946 3689 1084 3752 veniens
1107 3689 1171 3753 iam
1194 3689 1274 3754 feeit
1297 3690 1329 3754 in
1352 3691 1443 3770 orbe,

595 3789 751 3855 Continet
772 3791 826 3854 hic
850 3793 939 3855 solus
962 3792 1085 3877 pariter
1107 3793 1189 3857 haec
1212 3794 1321 3857 omnia
1345 3793 1458 3857 codex.

594 3893 743 3958 Iusserat
764 3894 850 3958 huno
874 3901 999 3959 tomum
1023 3895 1193 3960 Gerfridus
1217 3896 1361 3960 scrihere
1385 3897 1538 3982 praesul¹

593 3996 633 4060 In
657 3997 787 4062 landem
810 3998 949 4080 Christi,
978 3999 1146 4084 genitricis
1171 4004 1204 4063 et
1225 3999 1314 4062 illins
1338 4000 1454 4080 almae,

596 4100 696 4165 Esset
718 4102 751 4165 in
775 4103 916 4167 ecclesia
938 4112 975 4166 ut
996 4110 1126 4189 praesto
1150 4103 1336 4188 legentibus
1361 4090 1447 4167 ille.'

595 4208 635 4271 In
658 4228 721 4292 qno
745 4209 881 4292 quisque
905 4209 994 4292 legat
1017 4207 1140 4272 domini
1162 4207 1352 4272 dulcissima
1374 4208 1487 4286 verba,

594 4310 645 4375 Sit
666 4332 791 4375 memor
814 4312 973 4390 auctoris,
1008 4312 1099 4375 illum
1123 4311 1179 4395 qui
1203 4311 1346 4375 scribere
1369 4312 1475 4388 iussit,

594 4414 693 4479 Dicat
717 4422 750 4479 et
773 4436 827 4478 ore
851 4415 921 4500 pio:
952 4412 1168 4494 ‘Gerfridum,
1200 4414 1347 4496 Christe,
1377 4420 1489 4496 tuere,

597 4517 735 4605 Semper
757 4519 790 4581 in
814 4525 983 4583 aeternum
1006 4519 1093 4582 vivat
1115 4518 1257 4582 feliciter
1279 4518 1354 4582 ille'.

512 4641 538 4678 20
596 4620 710 4706 Tuque
734 4622 843 4685 valeto
866 4623 998 4707 legens,
1030 4622 1090 4686 tihi
1114 4622 1258 4685 munima
1281 4643 1358 4685 cura
1381 4622 1504 4705 legenti

599 4723 666 4805 Sit,
695 4746 828 4810 precor,
859 4731 895 4788 ut
918 4731 1008 4789 recto
1032 4747 1167 4790 resones
1192 4726 1350 4790 caelestia
1373 4746 1472 4789 sensu

595 4825 708 4891 Verba
731 4827 783 4892 dei
807 4827 945 4909 Christi,
971 4849 1098 4893 merces
1122 4828 1182 4892 tibi
1205 4848 1326 4913 magna
1348 4828 1503 4894 manebit.

338 4983 581 4992 W-..
585 4985 627 4991 -—
635 4987 643 4992 ..
650 4986 819 4991 —--———-
1095 4988 1148 4992 —

345 5090 356 5153 ΙΙ
386 5086 437 5154 [1¹]
462 5057 564 5137 ill-20
582 5087 634 5136 iaus
652 5088 776 5152 simplet-it
795 5087 938 5137 Frobeuiua
957 5105 988 5138 ecc
1006 5088 1090 5138 codice
1109 5087 1240 5138 Ilctisdcu.
1259 5090 1365 5138 Almriui
1382 5108 1441 5154 opp.
1459 5091 1492 5154 ll,
1511 5087 1569 5139 (312.

299 5171 406 5241 [LXVI]
454 5175 465 5240 ΙΙ
494 5172 520 5240 [1]
538 5173 617 5224 edidit
637 5173 659 5236 Q
675 5172 790 5238 p.1687
816 5193 841 5224 rr.
861 5176 895 5238 L,
921 5175 1063 5226 enwrrdnvit
1081 5173 1159 5224 Frob.
1178 5177 1216 5240 ll,
1235 5172 1286 5225 619
1312 5193 1343 5225 ex
1362 5176 1417 5225 cod.
1435 5175 1494 5225 liar.
1613 5170 1758 5226 iscrihorc
1776 5191 1842 5224 corr.
1860 5172 1888 5222 in

230 5260 390 5326 scripsereQ
512 5256 545 5311 10
568 5260 614 5310 Vel
633 5259 792 5326 quicquidQ
914 5258 945 5310 ll
971 5261 1019 5311 Vol
1037 5261 1196 5326 quicquidQ
1316 5257 1352 5311 20
1374 5261 1476 5327 legendi
1489 5261 1568 5311 Frod.
1587 5277 1639 5310 nou
1663 5269 1728 5311 recte
1746 5258 1888 5310 mimrdcoit

333 5413 359 5480 1)
374 5413 429 5466 Hic
440 5412 598 5480 Gersridm,
613 5428 690 5480 quem
702 5412 840 5467 diversum
852 5412 945 5480 fuisse
958 5418 1065 5481 oportet
1077 5429 1095 5466 o
1105 5413 1134 5466 S.
1146 5411 1280 5480 Liudpcri
1291 5415 1397 5481 nepote,
1416 5413 1465 5481 qui
1475 5429 1501 5466 α.
1515 5413 1567 5466 809
1580 5413 1605 5464 ei
1617 5418 1671 5467 tam
1684 5412 1713 5466 in
1727 5413 1888 5482 episcopatu

231 5513 448 5570 Mmiaoterimsi
465 5532 547 5585 quom
564 5515 719 5570 incitatio
735 5515 920 5572 Wcrtlrioonsi
935 5518 1073 5580 successit,
1094 5515 1257 5570 Matillouio
1276 5515 1359 5584 (Acta
1372 5517 1425 5569 SS.
1439 5517 1497 5569 ord.
1518 5515 1547 5568 S.
1560 5517 1629 5569 Bm.
1642 5517 1696 5581 IV,
1714 5518 1739 5582 1,
1753 5517 1804 5570 112
1821 5533 1848 5570 a.
1861 5517 1888 5582 6)

229 5618 301 5672 idem
319 5635 378 5672 esse
395 5619 550 5683 videbatur,
568 5619 617 5688 qui
635 5635 660 5671 c.
680 5619 731 5672 798
749 5625 774 5674 et
793 5621 843 5673 799
861 5620 1029 5675 dedicationi
1046 5620 1222 5674 basilicarum
1241 5619 1403 5672 imncaterii
1419 5618 1590 5674 (lmtulencis
1608 5621 1738 5688 interfuit
1756 5635 1887 5690 querique

228 5721 358 5775 ecclesiae
376 5722 558 5776 Loudcmnsi
572 5722 734 5791 praesciisse
752 5731 867 5778 constat.
905 5725 948 5793 Cf.
974 5724 1046 5778 Gall.
1065 5723 1158 5777 christ.
1179 5721 1233 5784 IX,
1247 5723 1306 5777 518.
