4574 6442
993 397 1137 456 IOSEPIII
1156 395 1285 456 SCO‘ITI
1303 397 1479 455 CARMINA.

1199 779 1260 844 VI.

1015 939 1169 1012 ITEM
1207 937 1458 1012 IOSEPH.

825 1107 954 1192 Inclyta
976 1106 1004 1170 si
1027 1105 1140 1190 cupias
1163 1103 1268 1168 saneti
1292 1102 1352 1168 sub
1376 1103 1518 1167 culmina
1539 1102 1664 1186 templi,

826 1211 890 1276 Vel
912 1213 1017 1276 laetas
1040 1209 1137 1274 sedes
1160 1210 1281 1274 intrare
1304 1207 1495 1294 patentibus
1518 1207 1625 1286 astris,

827 1315 987 1382 Coetibus
1011 1322 1045 1380 et
1068 1335 1161 1379 ouras
1185 1335 1341 1400 superum
1363 1319 1396 1377 te
1419 1313 1571 1398 iungere,
1593 1312 1708 1390 lector,

826 1418 894 1498 En,
916 1417 979 1482 iter
1001 1422 1052 1482 est
1074 1422 1214 1480 certum:
1245 1413 1368 1480 Christi
1391 1434 1473 1478 crux
1495 1432 1644 1496 quaeque
1670 1412 1822 1492 recludis,

829 1521 970 1607 Fulgida
993 1521 1157 1584 caelorum
1178 1517 1356 1583 reserando
1380 1517 1495 1580 limina
1517 1518 1650 1598 sanctis,

825 1625 982 1706 Humani,
1005 1645 1057 1704 en,
1079 1622 1210 1708 generis
1233 1643 1294 1708 per
1315 1641 1412 1706 quam
1434 1619 1601 1685 devicerat
1622 1619 1762 1695 hostem,

828 1727 916 1792 Dum
939 1728 1013 1814 pius
1037 1727 1214 1791 altithrono
1237 1725 1333 1790 Iesus
1356 1723 1397 1788 de
1421 1724 1562 1788 culmine
1585 1724 1687 1809 patris

824 1831 972 1896 Venerat
993 1837 1028 1895 et
1049 1829 1202 1916 princeps
1223 1828 1384 1892 humanos
1408 1833 1569 1891 sumserat
1590 1833 1691 1904 artus,

826 1933 877 1997 Ao
898 1939 1006 1997 terrae
1028 1932 1132 1996 factor
1154 1932 1302 2015 caelique
1325 1931 1489 2015 marisque
1512 1938 1640 1996 creator

747 2059 771 2095 ιο
831 2035 969 2100 Mirifico
994 2043 1128 2100 tenerae
1152 2041 1204 2100 eat
1227 2035 1334 2098 carnis
1356 2035 1485 2098 velatus
1508 2034 1638 2116 amictu,

828 2139 971 2203 Numina
992 2138 1170 2202 Tartareae
1194 2138 1295 2202 vellet
1316 2137 1394 2202 dum
1416 2135 1555 2223 perdere
1578 2137 1701 2203 mortis.

828 2241 902 2306 Hoc
925 2240 1074 2306 Christus
1098 2241 1192 2326 signo
1214 2239 1366 2304 infandos
1389 2240 1509 2304 avertit
1531 2244 1565 2304 et
1586 2245 1679 2303 aetus

826 2345 969 2409 Vincula
990 2344 1165 2430 disrumpit
1186 2343 1263 2408 latis
1285 2344 1437 2429 inpressa
1458 2341 1620 2406 nefandis.

829 2447 884 2511 Sic
907 2448 1027 2512 hostile
1051 2447 1144 2512 nefas
1166 2447 1269 2512 vincit
1292 2451 1445 2532 serpente
1468 2451 1640 2531 perempto

827 2551 1026 2635 Peccatique
1049 2557 1146 2637 caput
1168 2557 1237 2616 tum
1259 2550 1362 2635 nigris
1384 2548 1512 2614 abdidit
1533 2549 1645 2613 antris.

827 2654 957 2739 Inclyta
979 2661 1178 2741 quapropter
1199 2654 1335 2719 variatis
1359 2653 1504 2717 carmina
1526 2652 1630 2718 Musis

827 2759 1095 2846 Laurigeraeque
1119 2760 1207 2825 cruci
1231 2780 1363 2846 semper
1385 2758 1504 2822 devota
1527 2778 1691 2822 canemus.

826 2862 905 2949 Ipsa
925 2863 1021 2928 bonis
1043 2863 1212 2927 hominum
1234 2862 1371 2948 praebet
1393 2861 1571 2947 praeconia
1590 2862 1692 2936 rotis;

827 2967 909 3048 Pax,
932 2965 1036 3030 honor
1057 2972 1155 3051 atque
1180 2966 1279 3046 salus,
1301 2967 1364 3030 lux·
1383 2985 1510 3028 summo
1533 2962 1659 3048 fulgida
1680 2963 1775 3044 dono,

826 3069 918 3134 Mors
940 3089 1006 3154 qua
1028 3089 1126 3134 saeva
1147 3067 1243 3154 sugit,
1265 3067 1369 3133 dulcis
1393 3068 1518 3133 etrite
1539 3068 1684 3131 revertit.

830 3172 963 3236 Eximio
985 3171 1070 3236 hano
1092 3177 1181 3236 totus
1203 3171 1416 3238 venerabitur
1437 3170 1527 3235 orbis
1549 3169 1673 3234 honore

828 3274 873 3339 Et
895 3275 993 3339 simul
1013 3275 1096 3340 haec
1119 3274 1286 3339 hominum
1309 3274 1445 3341 tutando
1468 3280 1546 3340 vota
1567 3282 1725 3354 reservat,

829 3377 880 3442 Ne
904 3377 1039 3443 turbans
1063 3378 1206 3442 animum
1229 3379 1334 3466 rapiat
1357 3379 1391 3444 in
1414 3379 1550 3443 crimina
1572 3398 1719 3464 serpens

828 3484 941 3548 Prima
963 3485 1052 3549 salus
1075 3485 1202 3549 cunetis
1225 3485 1258 3549 in
1282 3492 1326 3567 te,
1349 3484 1507 3571 perfecta,
1530 3483 1697 3569 perennis,
1798 3543 1801 3548 .

830 3587 953 3652 Postea
975 3608 1072 3673 quam
1093 3594 1203 3653 rector
1223 3596 1257 3652 te
1281 3587 1417 3668 scandit,
1441 3595 1535 3673 grata
1557 3607 1708 3673 supremo

829 3689 922 3764 Quae
943 3691 1042 3777 fulgis
1065 3699 1153 3768 voto,
1178 3693 1341 3758 medicina
1361 3715 1397 3759 es
1419 3699 1548 3780 promta
1570 3692 1730 3757 dolorum.

830 3793 958 3879 Inclyta
980 3816 1071 3876 crux,
1096 3797 1196 3877 salve,
1219 3803 1335 3882 perte
1358 3802 1410 3861 est
1432 3817 1497 3881 pax
1520 3816 1599 3859 vera
1620 3795 1734 3872 relata,

829 3896 961 3978 Virtus,
984 3899 1068 3981 vita,
1092 3902 1180 3965 salus
1203 3899 1389 3980 hominum,
1412 3920 1515 3980 mors,
1539 3918 1647 3984 poena
1668 3896 1779 3961 diabli.

830 3998 1037 4087 Quapropter
1060 4004 1162 4067 currit
1184 4004 1327 4090 supplex
1348 4003 1427 4088 quin
1450 4002 1540 4090 pacis
1563 4001 1668 4086 origo,

831 4103 870 4168 In
893 4110 950 4169 tua
972 4125 1065 4171 mens
1089 4128 1269 4193 properans
1292 4107 1370 4172 totis
1392 4105 1569 4193 praeconia
1590 4105 1674 4168 velis

831 4205 969 4279 Quaerit
992 4214 1026 4272 et
1048 4215 1203 4274 aeternae
1226 4208 1290 4273 sibi
1313 4209 1400 4274 vitae
1422 4207 1542 4294 gaudia
1563 4208 1661 4272 laeta.

829 4308 891 4390 Tu,
915 4311 1059 4376 caeleste
1083 4311 1194 4392 decus,
1219 4312 1284 4377 cito
1307 4311 1413 4398 prima
1434 4312 1541 4398 piacla
1562 4310 1676 4390 tulisti,

830 4413 943 4477 Aurea
963 4413 1022 4477 lux
1045 4415 1165 4479 saeclis
1188 4414 1409 4495 sanctissima,
1434 4419 1529 4494 nota,
1552 4413 1698 4499 probata,

832 4514 922 4580 Crux
944 4536 1022 4582 vere
1044 4517 1243 4598 veneranda,
1266 4524 1395 4604 potens,
1417 4516 1564 4602 pretiosa
1585 4516 1705 4580 valeto.

749 4637 775 4675 ³⁵
830 4617 1048 4684 Frondicomo
1072 4621 1193 4686 mlerat
1214 4621 1354 4707 primurn
1377 4627 1411 4685 te
1433 4620 1560 4684 viscere
1584 4639 1677 4682 sacro

830 4720 1002 4886 grugifero
1024 4723 1149 4890 cgspes:
1172 4723 1307 4789 landant
1328 4723 1426 4788 modo
1450 4722 1559 4787 sidera
1582 4722 1676 4787 caeli.

1227 4828 1260 4894 A
1430 4826 1453 4891 S
1625 4825 1654 4890 Ο

486 5146 539 5213 [VI]
575 5146 608 5199 13
625 5149 743 5214 inpraasa
760 5147 786 5199 B
887 5149 922 5202 36
939 5152 1044 5204 ossloB
1142 5153 1175 5206 37
1194 5155 1394 5207 acrordclsorum
1410 5157 1559 5222 explanatio
1577 5155 1640 5206 daec
1656 5163 1706 5205 ert:

879 5239 952 5290 Crux
969 5239 1033 5291 mihi
1049 5249 1118 5294 esna
1135 5243 1207 5294 salua
1224 5242 1319 5294 Christi
1337 5250 1435 5294 saerata
1451 5259 1555 5306 cruore3

880 5323 950 5373 Crux
968 5324 1047 5378 dacus
1063 5337 1196 5380 aeternum
1213 5335 1267 5380 toto
1285 5329 1430 5380 venerabile
1447 5330 1544 5392 saeclo;

880 5408 951 5459 Crux
963 5409 1016 5460 vita
1027 5413 1097 5465 salus
1109 5415 1242 5466 credentis.
1270 5415 1341 5464 Crux
1353 5430 1421 5464 mora
1433 5431 1515 5480 poena
1527 5415 1650 5481 negantis.

880 5497 973 5548 Sancta
990 5499 1060 5549 cruci
1078 5515 1177 5566 semper
1195 5500 1277 5551 salvet
1294 5500 1425 5566 inscriptio
1444 5501 1526 5553 corda
