4574 6442
1064 393 1213 449 ALCUINI
1232 393 1406 449 CARMINA.

826 568 996 633 Terribilis
1020 569 1125 652 qualis
1149 589 1248 632 curvo
1271 568 1307 631 fit
1329 567 1469 631 Parthus
1493 567 1526 630 in
1548 587 1634 643 arcu,

826 672 890 736 Vel
913 673 942 737 si
963 674 1063 757 longa
1084 674 1175 737 leves
1198 672 1305 736 vibrat
1327 671 1458 734 hastilia
1480 671 1512 733 in
1535 691 1640 740 auras,

826 775 915 839 Talis
940 777 1066 862 etipse
1090 776 1174 862 petit
1196 776 1304 840 iaculo
1327 775 1458 858 fastigia
1480 774 1557 839 fani.

826 878 854 943 O
878 880 1013 943 nimium
1036 880 1118 944 tanti
1141 879 1224 944 felix
1246 878 1382 942 audacia
1403 877 1499 941 facti!

825 981 948 1046 Polluit
970 987 1046 1047 ante
1068 982 1162 1062 alios,
1185 1003 1266 1068 quas
1290 982 1360 1066 ipsc
1385 987 1571 1044 sacraverat
1592 1001 1676 1043 aras,

825 1085 930 1150 Plena
952 1085 1033 1150 fides
1056 1085 1173 1170 patuit,
1195 1105 1256 1149 uec
1279 1083 1385 1148 adhuc
1409 1083 1442 1146 in
1464 1082 1553 1147 fonte
1575 1083 1713 1158 lavatus,

826 1187 984 1274 Explevit
1005 1189 1135 1252 virtutis
1159 1209 1241 1274 opus
1264 1188 1388 1274 pietate
1411 1185 1512 1250 fideli.

826 1292 937 1357 Turba
959 1293 1164 1357 salutiferum
1188 1292 1337 1374 sequitur
1360 1311 1436 1354 mox
1459 1295 1527 1354 tota
1545 1291 1750 1374 magistrum:

826 1395 961 1460 Viribus
984 1396 1146 1460 unanimis
1170 1401 1321 1459 sternunt
1344 1393 1548 1478 caeduntque
1579 1395 1750 1458 sacellum:

824 1497 916 1563 Tunc
940 1505 1050 1564 erecta
1072 1499 1137 1562 ruit
1160 1497 1227 1562 fani
1250 1503 1413 1561 stmotura
1436 1495 1573 1582 profani,

827 1600 988 1665 Funditus
1012 1601 1045 1664 in
1068 1601 1196 1666 cineres
1220 1600 1320 1665 etiam
1342 1599 1500 1663 distructa
1523 1598 1654 1664 fatiscit.

873 1703 989 1768 Adfuit
1011 1705 1138 1768 interea
1159 1710 1290 1789 tempus
1313 1702 1468 1789 paschale
1491 1724 1550 1788 per
1572 1702 1695 1785 orbem,

757 1831 768 1866 a
829 1805 900 1880 Quo
924 1829 985 1873 rex
1008 1828 1081 1872 cum
1104 1809 1226 1893 populo
1250 1806 1363 1870 statuit
1385 1805 1549 1892 baptisma
1568 1807 1689 1882 subire,

826 1911 1011 1976 Euboricae
1035 1911 1133 1976 celsis
1157 1911 1255 1974 ctiam
1279 1909 1340 1974 sub
1364 1909 1536 1973 moenibus
1559 1909 1665 1980 urbis;

827 2015 865 2078 In
889 2037 953 2101 qua
976 2021 1064 2080 tecta
1086 2014 1148 2078 deo
1172 2015 1269 2078 iussit
1291 2014 1355 2077 cito
1380 2034 1483 2099 parva
1504 2014 1616 2094 locari,

828 2119 981 2185 Sumeret
1002 2125 1038 2184 ut
1062 2119 1122 2184 sub
1146 2119 1195 2184 cis
1219 2139 1342 2182 sacram
1364 2117 1570 2204 baptismatis
1592 2117 1720 2181 undam.
1796 2181 1805 2198 ,

827 2223 915 2287 Dum
939 2223 1058 2287 festiva
1079 2222 1151 2287 dies
1174 2223 1296 2286 inluxit
1317 2222 1475 2307 temporis
1498 2221 1585 2295 almi,

734 2351 745 2386 r
832 2327 915 2393 Cum
936 2329 1023 2394 natis
1039 2328 1242 2413 ducibusque
1258 2328 1365 2408 simul,
1388 2348 1461 2391 cum
1478 2327 1574 2413 plebe
1592 2326 1753 2410 sequenti,

827 2429 1010 2495 Undecimo
1032 2431 1126 2514 regni
1150 2429 1280 2494 Christo
1306 2435 1452 2493 sacratus
1475 2430 1509 2492 in
1532 2449 1616 2492 anno
1640 2435 1691 2491 cst

826 2533 932 2599 Fonte
956 2533 1136 2614 salutifere,
1159 2533 1326 2619 praefatae
1349 2532 1383 2595 in
1406 2532 1579 2596 moenibus
1602 2530 1703 2612 urbis,

828 2634 929 2700 Cuius
952 2636 1071 2699 abhinc
1094 2636 1224 2700 culmen
1248 2635 1420 2698 sublimius
1444 2635 1562 2698 extulit
1585 2634 1651 2713 ille,

827 2738 1100 2825 Metropolimquc
1125 2738 1175 2802 sui
1200 2738 1315 2802 statuit
1337 2738 1518 2802 consistere
1542 2737 1644 2822 regni.

733 2864 744 2900 a
830 2841 884 2906 Sic
906 2863 1036 2927 quoque
1060 2841 1240 2927 Gregorius
1263 2841 1396 2928 praesul
1418 2840 1610 2905 decreverat
1633 2841 1726 2908 olim:

832 2944 967 3010 Semina
989 2945 1067 3009 dum
1089 2945 1177 3010 vitae
1201 2944 1350 3009 Romana
1372 2945 1463 3008 misit
1485 2943 1526 3008 ab
1548 2965 1623 3008 arco

829 3046 993 3112 Gentibus
1015 3048 1208 3132 Anglomm‚
1232 3047 1405 3112 confestim
1428 3048 1589 3134 praecipit
1613 3047 1729 3111 urbem

827 3149 925 3214 Hauc
950 3157 1048 3237 caput
1070 3151 1220 3215 ecclesiis
1245 3157 1278 3214 et
1301 3151 1431 3215 culmen
1453 3150 1587 3214 honoris
1610 3149 1735 3226 haberi,

829 3252 935 3317 Pallia
956 3254 1195 3340 pontificesque
1220 3255 1253 3317 in
1276 3275 1316 3319 ca
1338 3255 1459 3319 vestire
1484 3261 1639 3318 sacratos.

733 3387 736 3396 ·
830 3355 884 3420 Sic
907 3357 980 3443 pius
1003 3356 1133 3421 antistis
1156 3356 1297 3442 primum
1317 3356 1475 3421 Paulinus
1497 3357 1651 3436 habebat,

829 3458 891 3533 Qui
915 3459 1038 3525 domini
1060 3462 1169 3545 lcgem
1194 3459 1356 3525 meditans
1380 3461 1413 3525 in
1435 3467 1532 3526 nocte
1556 3461 1685 3546 dieque,

831 3561 972 3628 Sedulus
996 3565 1029 3627 iu
1052 3564 1190 3649 populos
1215 3564 1336 3649 sparsit
1361 3569 1540 3650 praccepta
1562 3563 1687 3634 salutis,

827 3666 974 3732 Plurima
996 3673 1195 3753 quapropter
1218 3667 1379 3730 convertit
1401 3667 1505 3731 millia
1527 3666 1675 3739 Christ03

831 3768 875 3834 Et
897 3769 975 3835 fidei
993 3771 1131 3834 flammis
1156 3771 1286 3834 virtutis
1310 3776 1343 3834 et
1367 3769 1443 3855 igne
1467 3791 1654 3840 coruscans,

734 3901 737 3912 ·
761 3897 771 3933 a
827 3873 965 3958 Frigora
986 3873 1038 3938 bis
1060 3874 1163 3938 ternis
1185 3872 1332 3937 borealia
1354 3871 1480 3959 depulit
1501 3875 1606 3952 annis,

828 3975 904 4041 Rex
925 3977 1043 4063 quibus
1066 3977 1221 4061 egregius
1245 3983 1440 4061 regnaverat
1462 3976 1620 4041 Edwinus
1643 3976 1739 4054 idem,

827 4078 1065 4166 Disposuitque
1090 4101 1165 4143 suas
1190 4079 1276 4144 iusto
1300 4077 1521 4145 moderamine
1544 4081 1648 4165 leges,

829 4183 1000 4248 Inlieitans
1023 4205 1154 4248 servare
1177 4183 1274 4248 fidem
1297 4183 1456 4268 donisque
1479 4186 1651 4270 minisque,

830 4285 1065 4371 Ecclesiasque
1089 4287 1157 4351 suis
1180 4285 1329 4350 fundavit
1351 4287 1384 4350 in
1407 4287 1543 4351 urbibus
1566 4289 1702 4373 amplas.

733 4413 758 4449 ‘22
830 4389 884 4453 le
907 4391 1025 4474 quibus
1048 4389 1245 4470 Euboricae‚
1269 4389 1381 4453 solidis
1405 4390 1539 4454 suffulta
1562 4392 1731 4462 columnis.¹

829 4493 958 4558 Nobilis
981 4494 1039 4557 illa
1061 4500 1172 4559 manet
1195 4494 1284 4558 celso
1309 4494 1460 4578 speciosa
1483 4493 1612 4572 decore,

829 4596 901 4670 Qua
924 4598 1064 4662 statione
1088 4619 1182 4662 sacra
1203 4597 1264 4660 fuit
1286 4597 1342 4662 ille
1366 4597 1493 4662 lavatus
1517 4599 1550 4662 in
1573 4597 1670 4674 unda,

829 4699 999 4787 Quamque
1023 4700 1079 4765 din
1101 4701 1193 4782 vixit,
1218 4699 1339 4764 Christi
1361 4707 1539 4787 praecepta
1560 4702 1704 4766 tenebat.

829 4805 884 4869 Illi
906 4811 1107 4891 quapropter
1128 4805 1272 4869 clemens
1295 4805 1433 4869 meliora
1455 4805 1592 4892 parabat

734 4932 758 4968 ··2
830 4908 976 4974 Tradere
999 4928 1101 4992 regna
1125 4906 1217 4989 deus,
1240 4908 1306 4972 luci
1330 4908 1454 4972 sociata
1475 4912 1629 4994 perenni:

827 5011 912 5074 Nam
935 5011 998 5074 sibi
1021 5010 1244 5096 praescriptae
1268 5011 1382 5074 mortis
1406 5010 1482 5075 dum
1504 5018 1640 5076 venerat
1662 5012 1752 5088 hora,

828 5114 976 5198 Belliger
999 5113 1152 5178 occubuit
1175 5113 1283 5177 subito
1308 5114 1484 5178 socialibus
1508 5117 1617 5180 armis.

830 5216 858 5280 Ο
882 5238 935 5281 rcs
959 5237 1058 5281 caeca
1080 5216 1177 5280 nimis
1200 5222 1331 5280 terreno
1354 5215 1455 5281 fidere
1479 5239 1591 5302 regno,
1634 5237 1636 5242 ·

829 5320 926 5395 Quod
948 5342 1108 5407 praeceps
1131 5321 1262 5385 fortuna
1285 5327 1380 5401 rotat,
1403 5321 1545 5406 fatisque
1569 5323 1719 5406 malignis

516 5495 714 5504 -—....—.

515 5611 567 5664 209
577 5616 663 5667 l‘allca
675 5617 739 5667 Gale
801 5615 964 5668 motationis
974 5617 1113 5667 Atratinum
1123 5617 1252 5682 scripsisse
1257 5624 1334 5681 prodat
1347 5617 1517 5672 lf'atteabuclr.
1526 5617 1594 5681 qrrod
1603 5619 1663 5666 aliis
1673 5618 1698 5666 in
1710 5619 1771 5666 loric
1780 5618 1887 5666 astitores«
1896 5608 2067 5668 nanctae-crunt.

414 5697 465 5750 218
470 5703 496 5766 s.
509 5703 642 5754 inculcans
659 5703 747 5766 Frob„
767 5704 812 5752 aed
829 5705 966 5754 multatione
983 5721 1036 5754 aon
1054 5718 1118 5768 apua
1135 5711 1185 5764 ert,·
1202 5703 1326 5754 inlicitam
1338 5705 1448 5769 ponitur
1464 5722 1513 5770 pro
1531 5705 1634 5768 illiccrc,
1653 5712 1711 5754 teaoe
1731 5703 1864 5754 Gloaaorio
1885 5703 2025 5768 (bagiano.
