<?xml version="1.0" encoding="UTF-8"?>
<!DOCTYPE html PUBLIC "-//W3C//DTD XHTML 1.0 Transitional//EN"
    "http://www.w3.org/TR/xhtml1/DTD/xhtml1-transitional.dtd">
<html xmlns="http://www.w3.org/1999/xhtml" xml:lang="en" lang="en">
 <head>
  <title>
</title>
<meta http-equiv="Content-Type" content="text/html;charset=utf-8" />
  <meta name='ocr-system' content='tesseract 3.04.00' />
  <meta name='ocr-capabilities' content='ocr_page ocr_carea ocr_par ocr_line ocrx_word'/>
</head>
<body>
  <div class='ocr_page' id='page_1' title='image "./monumentagerman01unkngoog/monumentagerman01unkngoog_0275.png"; bbox 0 0 4554 6434; ppageno 0'>
   <div class='ocr_carea' id='block_1_1' title="bbox 1100 400 1445 458">
    <p class='ocr_par' dir='ltr' id='par_1_1' title="bbox 1100 400 1445 458">
     <span class='ocr_line' id='line_1_1' title="bbox 1100 400 1445 458; baseline 0 0"><span class='ocrx_word' id='word_1_1' title='bbox 1100 400 1250 458; x_wconf 81' lang='lat' dir='ltr'><strong>ALCUINI</strong></span> <span class='ocrx_word' id='word_1_2' title='bbox 1269 401 1445 458; x_wconf 80' lang='lat' dir='ltr'><strong>CARMINA.</strong></span> 
     </span>
    </p>
   </div>
   <div class='ocr_carea' id='block_1_2' title="bbox 732 577 1762 1592">
    <p class='ocr_par' dir='ltr' id='par_1_2' title="bbox 732 577 1762 1592">
     <span class='ocr_line' id='line_1_2' title="bbox 816 577 1732 662; baseline -0.001 -20"><span class='ocrx_word' id='word_1_3' title='bbox 816 577 955 642; x_wconf 83' lang='lat' dir='ltr'>Sanctus</span> <span class='ocrx_word' id='word_1_4' title='bbox 978 577 1039 642; x_wconf 90' lang='lat' dir='ltr'>ait:</span> <span class='ocrx_word' id='word_1_5' title='bbox 1065 577 1202 641; x_wconf 86' lang='lat' dir='ltr'>‘Iustum</span> <span class='ocrx_word' id='word_1_6' title='bbox 1232 599 1297 642; x_wconf 92' lang='lat' dir='ltr'>non</span> <span class='ocrx_word' id='word_1_7' title='bbox 1327 577 1393 642; x_wconf 81' lang='lat' dir='ltr'>vidi</span> <span class='ocrx_word' id='word_1_8' title='bbox 1422 598 1541 662; x_wconf 84' lang='lat' dir='ltr'>nempe</span> <span class='ocrx_word' id='word_1_9' title='bbox 1573 578 1732 656; x_wconf 89' lang='lat' dir='ltr'>relictum,</span> 
     </span>
     <span class='ocr_line' id='line_1_3' title="bbox 898 681 1715 766; baseline 0.002 -22"><span class='ocrx_word' id='word_1_10' title='bbox 898 681 978 744; x_wconf 89' lang='lat' dir='ltr'>Eius</span> <span class='ocrx_word' id='word_1_11' title='bbox 1005 702 1108 764; x_wconf 89' lang='lat' dir='ltr'>egeus</span> <span class='ocrx_word' id='word_1_12' title='bbox 1135 702 1248 746; x_wconf 90' lang='lat' dir='ltr'>semen</span> <span class='ocrx_word' id='word_1_13' title='bbox 1278 702 1343 745; x_wconf 92' lang='lat' dir='ltr'>non</span> <span class='ocrx_word' id='word_1_14' title='bbox 1374 701 1436 766; x_wconf 85' lang='lat' dir='ltr'>ego</span> <span class='ocrx_word' id='word_1_15' title='bbox 1465 701 1549 766; x_wconf 86' lang='lat' dir='ltr'>pane</span> <span class='ocrx_word' id='word_1_16' title='bbox 1579 684 1682 746; x_wconf 85' lang='lat' dir='ltr'>saero&#39;</span> <span class='ocrx_word' id='word_1_17' title='bbox 1695 685 1715 746; x_wconf 86' lang='lat'>¹.</span> 
     </span>
     <span class='ocr_line' id='line_1_4' title="bbox 811 783 1758 872; baseline -0.001 -23"><span class='ocrx_word' id='word_1_18' title='bbox 811 785 970 870; x_wconf 77' lang='lat' dir='ltr'><strong>Pauperis</strong></span> <span class='ocrx_word' id='word_1_19' title='bbox 998 783 1040 847; x_wconf 86' lang='lat' dir='ltr'>ad</span> <span class='ocrx_word' id='word_1_20' title='bbox 1068 784 1220 848; x_wconf 82' lang='lat' dir='ltr'><strong>thronum</strong></span> <span class='ocrx_word' id='word_1_21' title='bbox 1253 785 1375 849; x_wconf 88' lang='lat' dir='ltr'>clamor</span> <span class='ocrx_word' id='word_1_22' title='bbox 1404 784 1595 849; x_wconf 75' lang='lat' dir='ltr'>conscendit</span> <span class='ocrx_word' id='word_1_23' title='bbox 1625 784 1758 872; x_wconf 83' lang='lat' dir='ltr'>olimpi,</span> 
     </span>
     <span class='ocr_line' id='line_1_5' title="bbox 732 886 1633 975; baseline 0.007 -29"><span class='ocrx_word' id='word_1_24' title='bbox 732 910 758 946; x_wconf 81' lang='lat'>20</span> <span class='ocrx_word' id='word_1_25' title='bbox 899 887 1022 953; x_wconf 86' lang='lat' dir='ltr'>Audiet</span> <span class='ocrx_word' id='word_1_26' title='bbox 1049 893 1083 951; x_wconf 85' lang='lat' dir='ltr'>et</span> <span class='ocrx_word' id='word_1_27' title='bbox 1112 886 1262 952; x_wconf 84' lang='lat' dir='ltr'>Christus</span> <span class='ocrx_word' id='word_1_28' title='bbox 1289 889 1377 953; x_wconf 92' lang='lat' dir='ltr'>illius</span> <span class='ocrx_word' id='word_1_29' title='bbox 1408 889 1479 974; x_wconf 90' lang='lat' dir='ltr'>ipse</span> <span class='ocrx_word' id='word_1_30' title='bbox 1507 910 1633 975; x_wconf 84' lang='lat' dir='ltr'>preces.</span> 
     </span>
     <span class='ocr_line' id='line_1_6' title="bbox 813 990 1762 1078; baseline -0.002 -24"><span class='ocrx_word' id='word_1_31' title='bbox 813 990 888 1054; x_wconf 91' lang='lat' dir='ltr'>Non</span> <span class='ocrx_word' id='word_1_32' title='bbox 919 997 977 1054; x_wconf 86' lang='lat' dir='ltr'>tua</span> <span class='ocrx_word' id='word_1_33' title='bbox 1003 1010 1132 1068; x_wconf 87' lang='lat' dir='ltr'>mensa,</span> <span class='ocrx_word' id='word_1_34' title='bbox 1163 1011 1293 1076; x_wconf 86' lang='lat' dir='ltr'>precor,</span> <span class='ocrx_word' id='word_1_35' title='bbox 1322 990 1416 1054; x_wconf 88' lang='lat' dir='ltr'>furtis</span> <span class='ocrx_word' id='word_1_36' title='bbox 1447 993 1498 1054; x_wconf 82' lang='lat' dir='ltr'>vel</span> <span class='ocrx_word' id='word_1_37' title='bbox 1526 990 1611 1055; x_wconf 79' lang='lat' dir='ltr'>sorte</span> <span class='ocrx_word' id='word_1_38' title='bbox 1641 991 1762 1078; x_wconf 81' lang='lat' dir='ltr'>rapinis</span> 
     </span>
     <span class='ocr_line' id='line_1_7' title="bbox 896 1092 1698 1180; baseline 0 -23"><span class='ocrx_word' id='word_1_39' title='bbox 896 1093 961 1159; x_wconf 89' lang='lat' dir='ltr'>Vel</span> <span class='ocrx_word' id='word_1_40' title='bbox 991 1095 1146 1158; x_wconf 88' lang='lat' dir='ltr'>miserum</span> <span class='ocrx_word' id='word_1_41' title='bbox 1176 1094 1290 1180; x_wconf 88' lang='lat' dir='ltr'>spoliis</span> <span class='ocrx_word' id='word_1_42' title='bbox 1319 1094 1391 1179; x_wconf 84' lang='lat' dir='ltr'>ipse</span> <span class='ocrx_word' id='word_1_43' title='bbox 1420 1093 1535 1158; x_wconf 88' lang='lat' dir='ltr'>domus</span> <span class='ocrx_word' id='word_1_44' title='bbox 1560 1092 1698 1157; x_wconf 84' lang='lat' dir='ltr'>redolet.</span> 
     </span>
     <span class='ocr_line' id='line_1_8' title="bbox 814 1194 1662 1281; baseline -0.001 -22"><span class='ocrx_word' id='word_1_45' title='bbox 814 1195 953 1281; x_wconf 82' lang='lat' dir='ltr'>Saepius</span> <span class='ocrx_word' id='word_1_46' title='bbox 981 1195 1149 1260; x_wconf 82' lang='lat' dir='ltr'>altithroni</span> <span class='ocrx_word' id='word_1_47' title='bbox 1178 1196 1239 1260; x_wconf 88' lang='lat' dir='ltr'>tibi</span> <span class='ocrx_word' id='word_1_48' title='bbox 1266 1196 1309 1258; x_wconf 90' lang='lat' dir='ltr'>sit</span> <span class='ocrx_word' id='word_1_49' title='bbox 1340 1195 1476 1258; x_wconf 84' lang='lat' dir='ltr'>conviva</span> <span class='ocrx_word' id='word_1_50' title='bbox 1498 1194 1662 1268; x_wconf 80' lang='lat' dir='ltr'>sacerdos,</span> 
     </span>
     <span class='ocr_line' id='line_1_9' title="bbox 896 1296 1749 1382; baseline 0.001 -21"><span class='ocrx_word' id='word_1_51' title='bbox 896 1296 940 1361; x_wconf 85' lang='lat' dir='ltr'>Et</span> <span class='ocrx_word' id='word_1_52' title='bbox 967 1297 1090 1362; x_wconf 84' lang='lat' dir='ltr'>Christi</span> <span class='ocrx_word' id='word_1_53' title='bbox 1119 1298 1274 1378; x_wconf 80' lang='lat' dir='ltr'>famulus,</span> <span class='ocrx_word' id='word_1_54' title='bbox 1298 1299 1351 1361; x_wconf 80' lang='lat' dir='ltr'>rel</span> <span class='ocrx_word' id='word_1_55' title='bbox 1381 1297 1481 1361; x_wconf 88' lang='lat' dir='ltr'>miser</span> <span class='ocrx_word' id='word_1_56' title='bbox 1509 1304 1605 1381; x_wconf 91' lang='lat' dir='ltr'>atque</span> <span class='ocrx_word' id='word_1_57' title='bbox 1636 1319 1749 1382; x_wconf 81' lang='lat' dir='ltr'>vagus,</span> 
     </span>
     <span class='ocr_line' id='line_1_10' title="bbox 814 1400 1740 1488; baseline -0.002 -20"><span class='ocrx_word' id='word_1_58' title='bbox 814 1401 920 1475; x_wconf 84' lang='lat' dir='ltr'>Quam</span> <span class='ocrx_word' id='word_1_59' title='bbox 948 1403 1089 1467; x_wconf 84' lang='lat' dir='ltr'>verbosa</span> <span class='ocrx_word' id='word_1_60' title='bbox 1117 1403 1211 1467; x_wconf 86' lang='lat' dir='ltr'>malis</span> <span class='ocrx_word' id='word_1_61' title='bbox 1240 1423 1383 1488; x_wconf 83' lang='lat' dir='ltr'>persona</span> <span class='ocrx_word' id='word_1_62' title='bbox 1408 1400 1546 1465; x_wconf 86' lang='lat' dir='ltr'>adsueta</span> <span class='ocrx_word' id='word_1_63' title='bbox 1577 1403 1740 1486; x_wconf 81' lang='lat' dir='ltr'>loquellis,</span> 
     </span>
     <span class='ocr_line' id='line_1_11' title="bbox 794 1504 1686 1592; baseline -0.002 -22"><span class='ocrx_word' id='word_1_64' title='bbox 794 1569 800 1580; x_wconf 71' lang='grc'>,</span> <span class='ocrx_word' id='word_1_65' title='bbox 895 1507 1040 1570; x_wconf 85' lang='lat' dir='ltr'>Auribus</span> <span class='ocrx_word' id='word_1_66' title='bbox 1064 1507 1270 1592; x_wconf 84' lang='lat' dir='ltr'>ingeminans</span> <span class='ocrx_word' id='word_1_67' title='bbox 1301 1505 1402 1570; x_wconf 81' lang='lat' dir='ltr'>verba</span> <span class='ocrx_word' id='word_1_68' title='bbox 1430 1504 1571 1571; x_wconf 81' lang='lat' dir='ltr'>nefanda</span> <span class='ocrx_word' id='word_1_69' title='bbox 1599 1505 1686 1568; x_wconf 88' lang='lat' dir='ltr'>tuis&#39;.</span> 
     </span>
    </p>
   </div>
   <div class='ocr_carea' id='block_1_3' title="bbox 1205 1849 1344 1914">
    <p class='ocr_par' dir='ltr' id='par_1_3' title="bbox 1205 1849 1344 1914">
     <span class='ocr_line' id='line_1_12' title="bbox 1205 1849 1344 1914; baseline 0.007 -1"><span class='ocrx_word' id='word_1_70' title='bbox 1205 1849 1344 1914; x_wconf 84' lang='lat' dir='ltr'>XLVII.</span> 
     </span>
    </p>
   </div>
   <div class='ocr_carea' id='block_1_4' title="bbox 773 1968 1825 4320">
    <p class='ocr_par' dir='ltr' id='par_1_4' title="bbox 811 1968 1825 2671">
     <span class='ocr_line' id='line_1_13' title="bbox 813 1968 1746 2053; baseline 0.002 -21"><span class='ocrx_word' id='word_1_71' title='bbox 813 1969 908 2034; x_wconf 85' lang='lat' dir='ltr'>Musa</span> <span class='ocrx_word' id='word_1_72' title='bbox 936 1971 1050 2034; x_wconf 80' lang='lat' dir='ltr'>volens</span> <span class='ocrx_word' id='word_1_73' title='bbox 1081 1969 1191 2033; x_wconf 86' lang='lat' dir='ltr'>veniat</span> <span class='ocrx_word' id='word_1_74' title='bbox 1218 1968 1447 2053; x_wconf 80' lang='lat' dir='ltr'>Monimsgn0²</span> <span class='ocrx_word' id='word_1_75' title='bbox 1476 1968 1563 2032; x_wconf 84' lang='lat' dir='ltr'>lerrc</span> <span class='ocrx_word' id='word_1_76' title='bbox 1595 1969 1746 2049; x_wconf 80' lang='lat' dir='ltr'>salutem,</span> 
     </span>
     <span class='ocr_line' id='line_1_14' title="bbox 814 2071 1712 2158; baseline 0.001 -22"><span class='ocrx_word' id='word_1_77' title='bbox 814 2071 875 2136; x_wconf 83' lang='lat' dir='ltr'>Oui</span> <span class='ocrx_word' id='word_1_78' title='bbox 904 2073 985 2137; x_wconf 91' lang='lat' dir='ltr'>deus</span> <span class='ocrx_word' id='word_1_79' title='bbox 1014 2079 1183 2137; x_wconf 87' lang='lat' dir='ltr'>aetornum</span> <span class='ocrx_word' id='word_1_80' title='bbox 1211 2073 1334 2137; x_wconf 80' lang='lat' dir='ltr'>tribuat</span> <span class='ocrx_word' id='word_1_81' title='bbox 1361 2095 1422 2158; x_wconf 92' lang='lat' dir='ltr'>per</span> <span class='ocrx_word' id='word_1_82' title='bbox 1453 2074 1585 2136; x_wconf 85' lang='lat' dir='ltr'>saecula</span> <span class='ocrx_word' id='word_1_83' title='bbox 1612 2075 1712 2154; x_wconf 77' lang='lat' dir='ltr'>salve,</span> 
     </span>
     <span class='ocr_line' id='line_1_15' title="bbox 812 2173 1825 2263; baseline 0.003 -25"><span class='ocrx_word' id='word_1_84' title='bbox 812 2173 917 2247; x_wconf 83' lang='lat' dir='ltr'>Quem</span> <span class='ocrx_word' id='word_1_85' title='bbox 947 2175 1097 2262; x_wconf 88' lang='lat' dir='ltr'>precibus</span> <span class='ocrx_word' id='word_1_86' title='bbox 1127 2175 1257 2239; x_wconf 83' lang='lat' dir='ltr'>Christo</span> <span class='ocrx_word' id='word_1_87' title='bbox 1288 2182 1471 2240; x_wconf 88' lang='lat' dir='ltr'>sanctorum</span> <span class='ocrx_word' id='word_1_88' title='bbox 1503 2175 1599 2240; x_wconf 91' lang='lat' dir='ltr'>turba</span> <span class='ocrx_word' id='word_1_89' title='bbox 1629 2199 1688 2263; x_wconf 90' lang='lat' dir='ltr'>per</span> <span class='ocrx_word' id='word_1_90' title='bbox 1714 2177 1825 2241; x_wconf 92' lang='lat' dir='ltr'>orbem</span> 
     </span>
     <span class='ocr_line' id='line_1_16' title="bbox 812 2277 1734 2364; baseline 0.002 -22"><span class='ocrx_word' id='word_1_91' title='bbox 812 2279 964 2343; x_wconf 86' lang='lat' dir='ltr'>Assiduis</span> <span class='ocrx_word' id='word_1_92' title='bbox 994 2277 1125 2342; x_wconf 88' lang='lat' dir='ltr'>domino</span> <span class='ocrx_word' id='word_1_93' title='bbox 1158 2278 1365 2344; x_wconf 87' lang='lat' dir='ltr'>commendet</span> <span class='ocrx_word' id='word_1_94' title='bbox 1394 2285 1522 2358; x_wconf 84' lang='lat' dir='ltr'>saneta,</span> <span class='ocrx_word' id='word_1_95' title='bbox 1553 2301 1734 2364; x_wconf 85' lang='lat' dir='ltr'>precamur.</span> 
     </span>
     <span class='ocr_line' id='line_1_17' title="bbox 814 2381 1651 2466; baseline -0.001 -21"><span class='ocrx_word' id='word_1_96' title='bbox 814 2381 859 2445; x_wconf 89' lang='lat' dir='ltr'>Ut</span> <span class='ocrx_word' id='word_1_97' title='bbox 890 2403 989 2445; x_wconf 89' lang='lat' dir='ltr'>sanus</span> <span class='ocrx_word' id='word_1_98' title='bbox 1022 2381 1153 2461; x_wconf 81' lang='lat' dir='ltr'>reniet,</span> <span class='ocrx_word' id='word_1_99' title='bbox 1182 2381 1336 2444; x_wconf 79' lang='lat' dir='ltr'>veniente</span> <span class='ocrx_word' id='word_1_100' title='bbox 1365 2388 1528 2466; x_wconf 83' lang='lat' dir='ltr'>tempore,</span> <span class='ocrx_word' id='word_1_101' title='bbox 1556 2387 1651 2445; x_wconf 83' lang='lat' dir='ltr'>nutus</span> 
     </span>
     <span class='ocr_line' id='line_1_18' title="bbox 811 2483 1688 2571; baseline -0.002 -22"><span class='ocrx_word' id='word_1_102' title='bbox 811 2485 926 2549; x_wconf 81' lang='lat' dir='ltr'>Albini</span> <span class='ocrx_word' id='word_1_103' title='bbox 954 2485 1072 2571; x_wconf 83' lang='lat' dir='ltr'>putris,</span> <span class='ocrx_word' id='word_1_104' title='bbox 1101 2484 1301 2570; x_wconf 84' lang='lat' dir='ltr'>praeclaram</span> <span class='ocrx_word' id='word_1_105' title='bbox 1330 2483 1437 2547; x_wconf 81' lang='lat' dir='ltr'>laetus</span> <span class='ocrx_word' id='word_1_106' title='bbox 1467 2483 1508 2548; x_wconf 91' lang='lat' dir='ltr'>nd</span> <span class='ocrx_word' id='word_1_107' title='bbox 1536 2484 1651 2548; x_wconf 90' lang='lat' dir='ltr'>urbem</span> <span class='ocrx_word' id='word_1_108' title='bbox 1664 2484 1688 2558; x_wconf 81' lang='lat'>³,</span> 
     </span>
     <span class='ocr_line' id='line_1_19' title="bbox 812 2585 1702 2671; baseline 0.001 -21"><span class='ocrx_word' id='word_1_109' title='bbox 812 2585 886 2659; x_wconf 83' lang='lat' dir='ltr'>Qua</span> <span class='ocrx_word' id='word_1_110' title='bbox 913 2592 1046 2650; x_wconf 84' lang='lat' dir='ltr'>sauctus</span> <span class='ocrx_word' id='word_1_111' title='bbox 1077 2591 1189 2649; x_wconf 86' lang='lat' dir='ltr'>sancto</span> <span class='ocrx_word' id='word_1_112' title='bbox 1219 2585 1379 2648; x_wconf 86' lang='lat' dir='ltr'>Martinus</span> <span class='ocrx_word' id='word_1_113' title='bbox 1411 2606 1546 2671; x_wconf 90' lang='lat' dir='ltr'>corpore</span> <span class='ocrx_word' id='word_1_114' title='bbox 1574 2593 1702 2671; x_wconf 89' lang='lat' dir='ltr'>pausat.</span> 
     </span>
    </p>

    <p class='ocr_par' dir='ltr' id='par_1_5' title="bbox 773 2687 1804 3497">
     <span class='ocr_line' id='line_1_20' title="bbox 773 2687 1762 2778; baseline -0.002 -26"><span class='ocrx_word' id='word_1_115' title='bbox 773 2758 790 2778; x_wconf 52' lang='lat'><strong>·</strong></span> <span class='ocrx_word' id='word_1_116' title='bbox 811 2687 908 2762; x_wconf 84' lang='lat' dir='ltr'>Quod</span> <span class='ocrx_word' id='word_1_117' title='bbox 937 2695 1106 2773; x_wconf 88' lang='lat' dir='ltr'>praestare</span> <span class='ocrx_word' id='word_1_118' title='bbox 1134 2709 1251 2772; x_wconf 91' lang='lat' dir='ltr'>precor</span> <span class='ocrx_word' id='word_1_119' title='bbox 1280 2687 1390 2766; x_wconf 86' lang='lat' dir='ltr'>nobis,</span> <span class='ocrx_word' id='word_1_120' title='bbox 1423 2687 1478 2772; x_wconf 86' lang='lat' dir='ltr'>pia</span> <span class='ocrx_word' id='word_1_121' title='bbox 1502 2689 1607 2772; x_wconf 82' lang='lat' dir='ltr'>gratia</span> <span class='ocrx_word' id='word_1_122' title='bbox 1631 2688 1762 2751; x_wconf 84' lang='lat' dir='ltr'>Christi.</span> 
     </span>
     <span class='ocr_line' id='line_1_21' title="bbox 816 2789 1687 2876; baseline -0.001 -22"><span class='ocrx_word' id='word_1_123' title='bbox 816 2790 883 2856; x_wconf 86' lang='lat' dir='ltr'>Sed</span> <span class='ocrx_word' id='word_1_124' title='bbox 912 2798 964 2872; x_wconf 83' lang='lat' dir='ltr'>tu,</span> <span class='ocrx_word' id='word_1_125' title='bbox 996 2797 1091 2870; x_wconf 89' lang='lat' dir='ltr'>nate,</span> <span class='ocrx_word' id='word_1_126' title='bbox 1120 2789 1182 2854; x_wconf 88' lang='lat' dir='ltr'>deo</span> <span class='ocrx_word' id='word_1_127' title='bbox 1210 2791 1340 2876; x_wconf 80' lang='lat' dir='ltr'>placitis</span> <span class='ocrx_word' id='word_1_128' title='bbox 1369 2790 1492 2853; x_wconf 88' lang='lat' dir='ltr'>servire</span> <span class='ocrx_word' id='word_1_129' title='bbox 1523 2799 1687 2854; x_wconf 89' lang='lat' dir='ltr'>memento</span> 
     </span>
     <span class='ocr_line' id='line_1_22' title="bbox 814 2893 1658 2978; baseline -0.004 -20"><span class='ocrx_word' id='word_1_130' title='bbox 814 2895 977 2974; x_wconf 89' lang='lat' dir='ltr'>Moribus,</span> <span class='ocrx_word' id='word_1_131' title='bbox 1007 2901 1043 2958; x_wconf 90' lang='lat' dir='ltr'>ut</span> <span class='ocrx_word' id='word_1_132' title='bbox 1071 2893 1159 2957; x_wconf 87' lang='lat' dir='ltr'>mitis</span> <span class='ocrx_word' id='word_1_133' title='bbox 1188 2914 1318 2978; x_wconf 88' lang='lat' dir='ltr'>semper</span> <span class='ocrx_word' id='word_1_134' title='bbox 1344 2899 1376 2956; x_wconf 88' lang='lat' dir='ltr'>te</span> <span class='ocrx_word' id='word_1_135' title='bbox 1405 2897 1558 2978; x_wconf 85' lang='lat' dir='ltr'>protegat</span> <span class='ocrx_word' id='word_1_136' title='bbox 1585 2893 1658 2964; x_wconf 90' lang='lat' dir='ltr'>ille;</span> 
     </span>
     <span class='ocr_line' id='line_1_23' title="bbox 812 2994 1662 3084; baseline -0.004 -21"><span class='ocrx_word' id='word_1_137' title='bbox 812 3000 976 3084; x_wconf 88' lang='lat' dir='ltr'>Prospere</span> <span class='ocrx_word' id='word_1_138' title='bbox 1006 3019 1066 3084; x_wconf 93' lang='lat' dir='ltr'>per</span> <span class='ocrx_word' id='word_1_139' title='bbox 1095 3004 1198 3062; x_wconf 86' lang='lat' dir='ltr'>terras</span> <span class='ocrx_word' id='word_1_140' title='bbox 1226 2998 1354 3082; x_wconf 84' lang='lat' dir='ltr'>ignotas</span> <span class='ocrx_word' id='word_1_141' title='bbox 1384 2994 1482 3060; x_wconf 85' lang='lat' dir='ltr'>ducet</span> <span class='ocrx_word' id='word_1_142' title='bbox 1513 3004 1662 3076; x_wconf 84' lang='lat' dir='ltr'>cuntem,</span> 
     </span>
     <span class='ocr_line' id='line_1_24' title="bbox 813 3100 1705 3184; baseline -0.003 -18"><span class='ocrx_word' id='word_1_143' title='bbox 813 3102 1019 3168; x_wconf 85' lang='lat' dir='ltr'>Gaudentem</span> <span class='ocrx_word' id='word_1_144' title='bbox 1052 3101 1146 3165; x_wconf 92' lang='lat' dir='ltr'>nobis</span> <span class='ocrx_word' id='word_1_145' title='bbox 1175 3102 1320 3164; x_wconf 90' lang='lat' dir='ltr'>clemens</span> <span class='ocrx_word' id='word_1_146' title='bbox 1349 3101 1532 3184; x_wconf 88' lang='lat' dir='ltr'>iterumque</span> <span class='ocrx_word' id='word_1_147' title='bbox 1561 3100 1705 3166; x_wconf 86' lang='lat' dir='ltr'>reducat.</span> 
     </span>
     <span class='ocr_line' id='line_1_25' title="bbox 812 3203 1789 3290; baseline 0.003 -22"><span class='ocrx_word' id='word_1_148' title='bbox 812 3205 885 3278; x_wconf 88' lang='lat' dir='ltr'>Quo</span> <span class='ocrx_word' id='word_1_149' title='bbox 914 3225 1052 3290; x_wconf 87' lang='lat' dir='ltr'>pergas,</span> <span class='ocrx_word' id='word_1_150' title='bbox 1082 3205 1136 3268; x_wconf 89' lang='lat' dir='ltr'>vel</span> <span class='ocrx_word' id='word_1_151' title='bbox 1163 3203 1241 3288; x_wconf 92' lang='lat' dir='ltr'>quid</span> <span class='ocrx_word' id='word_1_152' title='bbox 1269 3203 1389 3282; x_wconf 82' lang='lat' dir='ltr'>facias,</span> <span class='ocrx_word' id='word_1_153' title='bbox 1419 3203 1631 3289; x_wconf 89' lang='lat' dir='ltr'>circumspice</span> <span class='ocrx_word' id='word_1_154' title='bbox 1661 3213 1789 3285; x_wconf 86' lang='lat' dir='ltr'>cautus,</span> 
     </span>
     <span class='ocr_line' id='line_1_26' title="bbox 814 3307 1804 3392; baseline 0.002 -21"><span class='ocrx_word' id='word_1_155' title='bbox 814 3308 867 3372; x_wconf 84' lang='lat' dir='ltr'>Sis</span> <span class='ocrx_word' id='word_1_156' title='bbox 896 3330 1022 3374; x_wconf 89' lang='lat' dir='ltr'>memor</span> <span class='ocrx_word' id='word_1_157' title='bbox 1050 3314 1149 3392; x_wconf 87' lang='lat' dir='ltr'>etque</span> <span class='ocrx_word' id='word_1_158' title='bbox 1178 3313 1267 3370; x_wconf 87' lang='lat' dir='ltr'>tuam</span> <span class='ocrx_word' id='word_1_159' title='bbox 1297 3307 1462 3392; x_wconf 89' lang='lat' dir='ltr'>propriam</span> <span class='ocrx_word' id='word_1_160' title='bbox 1492 3327 1623 3371; x_wconf 89' lang='lat' dir='ltr'>servare</span> <span class='ocrx_word' id='word_1_161' title='bbox 1653 3311 1804 3373; x_wconf 84' lang='lat' dir='ltr'>salutem.</span> 
     </span>
     <span class='ocr_line' id='line_1_27' title="bbox 814 3408 1682 3497; baseline 0 -22"><span class='ocrx_word' id='word_1_162' title='bbox 814 3411 908 3491; x_wconf 84' lang='lat' dir='ltr'>Noli,</span> <span class='ocrx_word' id='word_1_163' title='bbox 937 3418 1031 3492; x_wconf 84' lang='lat' dir='ltr'>nate,</span> <span class='ocrx_word' id='word_1_164' title='bbox 1063 3431 1195 3497; x_wconf 81' lang='lat' dir='ltr'>precor,</span> <span class='ocrx_word' id='word_1_165' title='bbox 1229 3411 1331 3474; x_wconf 90' lang='lat' dir='ltr'>multo</span> <span class='ocrx_word' id='word_1_166' title='bbox 1362 3415 1395 3474; x_wconf 88' lang='lat' dir='ltr'>te</span> <span class='ocrx_word' id='word_1_167' title='bbox 1424 3408 1563 3494; x_wconf 89' lang='lat' dir='ltr'>perdere</span> <span class='ocrx_word' id='word_1_168' title='bbox 1592 3411 1682 3492; x_wconf 85' lang='lat' dir='ltr'>vino,</span> 
     </span>
    </p>

    <p class='ocr_par' dir='ltr' id='par_1_6' title="bbox 811 3512 1704 3597">
     <span class='ocr_line' id='line_1_28' title="bbox 811 3512 1704 3597; baseline -0.002 -19"><span class='ocrx_word' id='word_1_169' title='bbox 811 3514 884 3578; x_wconf 90' lang='lat' dir='ltr'>Non</span> <span class='ocrx_word' id='word_1_170' title='bbox 909 3514 1004 3596; x_wconf 88' lang='lat' dir='ltr'>escis,</span> <span class='ocrx_word' id='word_1_171' title='bbox 1029 3514 1084 3578; x_wconf 93' lang='lat' dir='ltr'>ille</span> <span class='ocrx_word' id='word_1_172' title='bbox 1108 3519 1159 3577; x_wconf 87' lang='lat' dir='ltr'>est</span> <span class='ocrx_word' id='word_1_173' title='bbox 1181 3513 1334 3596; x_wconf 86' lang='lat' dir='ltr'>quonium</span> <span class='ocrx_word' id='word_1_174' title='bbox 1358 3518 1409 3575; x_wconf 86' lang='lat' dir='ltr'>sat</span> <span class='ocrx_word' id='word_1_175' title='bbox 1437 3512 1574 3597; x_wconf 87' lang='lat' dir='ltr'>pestifer</span> <span class='ocrx_word' id='word_1_176' title='bbox 1597 3513 1704 3577; x_wconf 90' lang='lat' dir='ltr'>orbis:</span> 
     </span>
    </p>

    <p class='ocr_par' dir='ltr' id='par_1_7' title="bbox 810 3615 1787 3906">
     <span class='ocr_line' id='line_1_29' title="bbox 812 3615 1642 3703; baseline 0 -23"><span class='ocrx_word' id='word_1_177' title='bbox 812 3617 865 3681; x_wconf 83' lang='lat' dir='ltr'>Ex</span> <span class='ocrx_word' id='word_1_178' title='bbox 892 3638 969 3682; x_wconf 88' lang='lat' dir='ltr'>esca</span> <span class='ocrx_word' id='word_1_179' title='bbox 999 3623 1032 3681; x_wconf 88' lang='lat' dir='ltr'>et</span> <span class='ocrx_word' id='word_1_180' title='bbox 1060 3622 1141 3703; x_wconf 85' lang='lat' dir='ltr'>potu</span> <span class='ocrx_word' id='word_1_181' title='bbox 1169 3615 1274 3678; x_wconf 92' lang='lat' dir='ltr'>morbi</span> <span class='ocrx_word' id='word_1_182' title='bbox 1304 3623 1502 3698; x_wconf 84' lang='lat' dir='ltr'>generantur</span> <span class='ocrx_word' id='word_1_183' title='bbox 1532 3616 1642 3681; x_wconf 89' lang='lat' dir='ltr'>amari.</span> 
     </span>
     <span class='ocr_line' id='line_1_30' title="bbox 810 3717 1787 3803; baseline -0.001 -19"><span class='ocrx_word' id='word_1_184' title='bbox 810 3719 938 3785; x_wconf 78' lang='lat' dir='ltr'>Nonius</span> <span class='ocrx_word' id='word_1_185' title='bbox 970 3725 1004 3784; x_wconf 91' lang='lat' dir='ltr'>et</span> <span class='ocrx_word' id='word_1_186' title='bbox 1032 3719 1168 3782; x_wconf 91' lang='lat' dir='ltr'>nimium</span> <span class='ocrx_word' id='word_1_187' title='bbox 1197 3719 1261 3782; x_wconf 87' lang='lat' dir='ltr'>iam</span> <span class='ocrx_word' id='word_1_188' title='bbox 1292 3717 1406 3803; x_wconf 88' lang='lat' dir='ltr'>pendit</span> <span class='ocrx_word' id='word_1_189' title='bbox 1433 3718 1467 3780; x_wconf 91' lang='lat' dir='ltr'>in</span> <span class='ocrx_word' id='word_1_190' title='bbox 1498 3718 1613 3783; x_wconf 90' lang='lat' dir='ltr'>arbore</span> <span class='ocrx_word' id='word_1_191' title='bbox 1645 3719 1787 3796; x_wconf 87' lang='lat' dir='ltr'>fructus,</span> 
     </span>
     <span class='ocr_line' id='line_1_31' title="bbox 810 3821 1605 3906; baseline 0 -20"><span class='ocrx_word' id='word_1_192' title='bbox 810 3822 966 3887; x_wconf 85' lang='lat' dir='ltr'>Incautus</span> <span class='ocrx_word' id='word_1_193' title='bbox 997 3843 1133 3906; x_wconf 89' lang='lat' dir='ltr'>quorum</span> <span class='ocrx_word' id='word_1_194' title='bbox 1165 3842 1242 3884; x_wconf 88' lang='lat' dir='ltr'>mox</span> <span class='ocrx_word' id='word_1_195' title='bbox 1271 3821 1488 3884; x_wconf 87' lang='lat' dir='ltr'>infirmabitur</span> <span class='ocrx_word' id='word_1_196' title='bbox 1515 3842 1605 3887; x_wconf 88' lang='lat' dir='ltr'>acsu.</span> 
     </span>
    </p>

    <p class='ocr_par' dir='ltr' id='par_1_8' title="bbox 808 3923 1766 4320">
     <span class='ocr_line' id='line_1_32' title="bbox 814 3923 1754 4009; baseline 0 -21"><span class='ocrx_word' id='word_1_197' title='bbox 814 3925 864 3988; x_wconf 83' lang='lat' dir='ltr'>sit</span> <span class='ocrx_word' id='word_1_198' title='bbox 892 3946 1021 4009; x_wconf 91' lang='lat' dir='ltr'>quoque</span> <span class='ocrx_word' id='word_1_199' title='bbox 1049 3924 1162 4008; x_wconf 82' lang='lat' dir='ltr'>lingua</span> <span class='ocrx_word' id='word_1_200' title='bbox 1191 3923 1251 3988; x_wconf 88' lang='lat' dir='ltr'>tibi</span> <span class='ocrx_word' id='word_1_201' title='bbox 1278 3945 1379 3987; x_wconf 84' lang='lat' dir='ltr'>verax</span> <span class='ocrx_word' id='word_1_202' title='bbox 1408 3932 1442 3987; x_wconf 89' lang='lat' dir='ltr'>ct</span> <span class='ocrx_word' id='word_1_203' title='bbox 1469 3946 1574 3988; x_wconf 90' lang='lat' dir='ltr'>sermo</span> <span class='ocrx_word' id='word_1_204' title='bbox 1604 3925 1754 4006; x_wconf 86' lang='lat' dir='ltr'>salubris,</span> 
     </span>
     <span class='ocr_line' id='line_1_33' title="bbox 809 4026 1707 4113; baseline 0 -21"><span class='ocrx_word' id='word_1_205' title='bbox 809 4029 859 4092; x_wconf 80' lang='lat' dir='ltr'>Sit</span> <span class='ocrx_word' id='word_1_206' title='bbox 889 4029 980 4092; x_wconf 88' lang='lat' dir='ltr'>cibus</span> <span class='ocrx_word' id='word_1_207' title='bbox 1011 4033 1045 4092; x_wconf 89' lang='lat' dir='ltr'>et</span> <span class='ocrx_word' id='word_1_208' title='bbox 1072 4034 1168 4113; x_wconf 87' lang='lat' dir='ltr'>potus</span> <span class='ocrx_word' id='word_1_209' title='bbox 1198 4029 1335 4091; x_wconf 87' lang='lat' dir='ltr'>multum</span> <span class='ocrx_word' id='word_1_210' title='bbox 1364 4026 1550 4091; x_wconf 86' lang='lat' dir='ltr'>moderatus</span> <span class='ocrx_word' id='word_1_211' title='bbox 1579 4027 1612 4090; x_wconf 92' lang='lat' dir='ltr'>in</span> <span class='ocrx_word' id='word_1_212' title='bbox 1641 4050 1707 4092; x_wconf 92' lang='lat' dir='ltr'>ore.</span> 
     </span>
     <span class='ocr_line' id='line_1_34' title="bbox 811 4131 1719 4217; baseline -0.002 -21"><span class='ocrx_word' id='word_1_213' title='bbox 811 4131 863 4196; x_wconf 82' lang='lat' dir='ltr'>Sit</span> <span class='ocrx_word' id='word_1_214' title='bbox 891 4133 969 4216; x_wconf 87' lang='lat' dir='ltr'>vigil</span> <span class='ocrx_word' id='word_1_215' title='bbox 999 4132 1031 4194; x_wconf 94' lang='lat' dir='ltr'>in</span> <span class='ocrx_word' id='word_1_216' title='bbox 1061 4131 1213 4217; x_wconf 89' lang='lat' dir='ltr'>precibus</span> <span class='ocrx_word' id='word_1_217' title='bbox 1242 4137 1357 4216; x_wconf 85' lang='lat' dir='ltr'>pectus</span> <span class='ocrx_word' id='word_1_218' title='bbox 1389 4136 1422 4194; x_wconf 89' lang='lat' dir='ltr'>et</span> <span class='ocrx_word' id='word_1_219' title='bbox 1449 4153 1531 4216; x_wconf 87' lang='lat' dir='ltr'>pura</span> <span class='ocrx_word' id='word_1_220' title='bbox 1558 4132 1719 4210; x_wconf 83' lang='lat' dir='ltr'>voluntas,</span> 
     </span>
     <span class='ocr_line' id='line_1_35' title="bbox 808 4234 1766 4320; baseline 0.004 -22"><span class='ocrx_word' id='word_1_221' title='bbox 808 4234 977 4299; x_wconf 90' lang='lat' dir='ltr'>Laudibus</span> <span class='ocrx_word' id='word_1_222' title='bbox 1006 4236 1039 4298; x_wconf 92' lang='lat' dir='ltr'>iu</span> <span class='ocrx_word' id='word_1_223' title='bbox 1071 4234 1195 4298; x_wconf 91' lang='lat' dir='ltr'>domini</span> <span class='ocrx_word' id='word_1_224' title='bbox 1225 4241 1410 4298; x_wconf 83' lang='lat' dir='ltr'>sanctorum</span> <span class='ocrx_word' id='word_1_225' title='bbox 1439 4255 1499 4320; x_wconf 94' lang='lat' dir='ltr'>per</span> <span class='ocrx_word' id='word_1_226' title='bbox 1526 4235 1599 4298; x_wconf 86' lang='lat' dir='ltr'>loca</span> <span class='ocrx_word' id='word_1_227' title='bbox 1626 4243 1766 4320; x_wconf 86' lang='lat' dir='ltr'>patrum.</span> 
     </span>
    </p>
   </div>
   <div class='ocr_carea' id='block_1_5' title="bbox 1189 4576 1346 4642">
    <p class='ocr_par' dir='ltr' id='par_1_9' title="bbox 1189 4576 1346 4642">
     <span class='ocr_line' id='line_1_36' title="bbox 1189 4576 1346 4642; baseline 0.006 -1"><span class='ocrx_word' id='word_1_228' title='bbox 1189 4576 1346 4642; x_wconf 87' lang='lat' dir='ltr'><strong>XLVIII.</strong></span> 
     </span>
    </p>
   </div>
   <div class='ocr_carea' id='block_1_6' title="bbox 808 4699 1836 4888">
    <p class='ocr_par' dir='ltr' id='par_1_10' title="bbox 808 4699 1836 4888">
     <span class='ocr_line' id='line_1_37' title="bbox 808 4699 1836 4790; baseline 0.005 -26"><span class='ocrx_word' id='word_1_229' title='bbox 808 4699 873 4764; x_wconf 91' lang='lat' dir='ltr'>Per</span> <span class='ocrx_word' id='word_1_230' title='bbox 895 4705 1041 4776; x_wconf 87' lang='lat' dir='ltr'>montes,</span> <span class='ocrx_word' id='word_1_231' title='bbox 1071 4719 1203 4784; x_wconf 89' lang='lat' dir='ltr'>campos</span> <span class='ocrx_word' id='word_1_232' title='bbox 1232 4699 1387 4784; x_wconf 81' lang='lat' dir='ltr'>Aquilam</span> <span class='ocrx_word' id='word_1_233' title='bbox 1398 4699 1421 4780; x_wconf 77' lang='lat'>⁴,</span> <span class='ocrx_word' id='word_1_234' title='bbox 1444 4721 1518 4764; x_wconf 88' lang='lat' dir='ltr'>mea</span> <span class='ocrx_word' id='word_1_235' title='bbox 1541 4704 1681 4784; x_wconf 83' lang='lat' dir='ltr'>cartula,</span> <span class='ocrx_word' id='word_1_236' title='bbox 1707 4726 1836 4790; x_wconf 83' lang='lat' dir='ltr'>quaere,</span> 
     </span>
     <span class='ocr_line' id='line_1_38' title="bbox 892 4803 1616 4888; baseline 0.003 -22"><span class='ocrx_word' id='word_1_237' title='bbox 892 4803 1086 4867; x_wconf 88' lang='lat' dir='ltr'>Pontificem</span> <span class='ocrx_word' id='word_1_238' title='bbox 1113 4803 1224 4888; x_wconf 81' lang='lat' dir='ltr'>magni</span> <span class='ocrx_word' id='word_1_239' title='bbox 1257 4804 1399 4867; x_wconf 91' lang='lat' dir='ltr'>nominis</span> <span class='ocrx_word' id='word_1_240' title='bbox 1431 4811 1464 4868; x_wconf 90' lang='lat' dir='ltr'>et</span> <span class='ocrx_word' id='word_1_241' title='bbox 1491 4806 1616 4879; x_wconf 88' lang='lat' dir='ltr'>meriti;</span> 
     </span>
    </p>
   </div>
   <div class='ocr_carea' id='block_1_7' title="bbox 510 5061 2080 5313">
    <p class='ocr_par' dir='ltr' id='par_1_11' title="bbox 510 5061 2080 5313">
     <span class='ocr_line' id='line_1_39' title="bbox 544 5061 806 5130; baseline 0 -18"><span class='ocrx_word' id='word_1_242' title='bbox 544 5061 577 5112; x_wconf 87' lang='lat'>19</span> <span class='ocrx_word' id='word_1_243' title='bbox 595 5065 755 5130; x_wconf 80' lang='lat' dir='ltr'>Pauperibus</span> <span class='ocrx_word' id='word_1_244' title='bbox 773 5063 806 5113; x_wconf 83' lang='lat' dir='ltr'>II</span> 
     </span>
     <span class='ocr_line' id='line_1_40' title="bbox 511 5147 1265 5217; baseline 0 -17"><span class='ocrx_word' id='word_1_245' title='bbox 511 5147 625 5214; x_wconf 78' lang='lat' dir='ltr'>[suun]</span> <span class='ocrx_word' id='word_1_246' title='bbox 662 5151 715 5202; x_wconf 69' lang='lat' dir='ltr'>sm</span> <span class='ocrx_word' id='word_1_247' title='bbox 732 5151 803 5201; x_wconf 71' lang='lat' dir='ltr'>rmus</span> <span class='ocrx_word' id='word_1_248' title='bbox 822 5150 888 5217; x_wconf 83' lang='lat' dir='ltr'>Hs.</span> <span class='ocrx_word' id='word_1_249' title='bbox 908 5148 948 5201; x_wconf 76' lang='lat' dir='ltr'>uu</span> <span class='ocrx_word' id='word_1_250' title='bbox 1053 5149 1213 5217; x_wconf 62' lang='lat' dir='ltr'>opacorum</span> <span class='ocrx_word' id='word_1_251' title='bbox 1232 5151 1265 5200; x_wconf 75' lang='grc' dir='ltr'><em>Η</em></span> 
     </span>
     <span class='ocr_line' id='line_1_41' title="bbox 510 5233 2080 5313; baseline 0.01 -29"><span class='ocrx_word' id='word_1_252' title='bbox 510 5233 637 5300; x_wconf 86' lang='lat' dir='ltr'><strong>[XLVIII]</strong></span> <span class='ocrx_word' id='word_1_253' title='bbox 674 5237 728 5287; x_wconf 81' lang='lat' dir='ltr'>siue</span> <span class='ocrx_word' id='word_1_254' title='bbox 755 5236 825 5286; x_wconf 79' lang='lat' dir='ltr'>titulo</span> <span class='ocrx_word' id='word_1_255' title='bbox 848 5235 873 5286; x_wconf 71' lang='lat'>12</span> <span class='ocrx_word' id='word_1_256' title='bbox 896 5235 985 5298; x_wconf 74' lang='lat' dir='ltr'>(codex</span> <span class='ocrx_word' id='word_1_257' title='bbox 1007 5235 1154 5288; x_wconf 72' lang='lat' dir='ltr'>illonaceus.</span> <span class='ocrx_word' id='word_1_258' title='bbox 1176 5234 1271 5300; x_wconf 82' lang='grc'>14743)</span> <span class='ocrx_word' id='word_1_259' title='bbox 1287 5239 1313 5303; x_wconf 86' lang='lat' dir='ltr'>f.</span> <span class='ocrx_word' id='word_1_260' title='bbox 1334 5235 1501 5304; x_wconf 68' lang='lat' dir='ltr'>wll-169¹,</span> <span class='ocrx_word' id='word_1_261' title='bbox 1513 5239 1552 5308; x_wconf 80' lang='grc' dir='ltr'>1ΙΙ</span> <span class='ocrx_word' id='word_1_262' title='bbox 1558 5242 1585 5306; x_wconf 83' lang='lat' dir='ltr'>f.</span> <span class='ocrx_word' id='word_1_263' title='bbox 1605 5238 1723 5306; x_wconf 72' lang='lat'>78⁴-79,</span> <span class='ocrx_word' id='word_1_264' title='bbox 1743 5241 1801 5292; x_wconf 83' lang='lat' dir='ltr'>Ilal.</span> <span class='ocrx_word' id='word_1_265' title='bbox 1820 5240 1944 5305; x_wconf 77' lang='lat' dir='ltr'>(Froben.</span> <span class='ocrx_word' id='word_1_266' title='bbox 1956 5245 1992 5307; x_wconf 89' lang='grc' dir='ltr'>ΙΙ,</span> <span class='ocrx_word' id='word_1_267' title='bbox 2005 5243 2080 5313; x_wconf 75' lang='lat'>620).</span> 
     </span>
    </p>
   </div>
   <div class='ocr_carea' id='block_1_8' title="bbox 436 5386 2108 5772">
    <p class='ocr_par' dir='ltr' id='par_1_12' title="bbox 436 5386 2108 5772">
     <span class='ocr_line' id='line_1_42' title="bbox 543 5386 2107 5462; baseline 0.01 -24"><span class='ocrx_word' id='word_1_268' title='bbox 543 5387 569 5452; x_wconf 89' lang='grc'>1)</span> <span class='ocrx_word' id='word_1_269' title='bbox 590 5386 691 5440; x_wconf 83' lang='lat' dir='ltr'>Psalm.</span> <span class='ocrx_word' id='word_1_270' title='bbox 710 5387 752 5450; x_wconf 80' lang='lat'>36,</span> <span class='ocrx_word' id='word_1_271' title='bbox 770 5387 804 5439; x_wconf 74' lang='lat'>25</span> <span class='ocrx_word' id='word_1_272' title='bbox 822 5404 877 5441; x_wconf 91' lang='lat' dir='ltr'>non</span> <span class='ocrx_word' id='word_1_273' title='bbox 896 5387 953 5440; x_wconf 89' lang='lat' dir='ltr'>vidi</span> <span class='ocrx_word' id='word_1_274' title='bbox 972 5387 1075 5441; x_wconf 87' lang='lat' dir='ltr'>iustum</span> <span class='ocrx_word' id='word_1_275' title='bbox 1095 5388 1258 5443; x_wconf 86' lang='lat' dir='ltr'>derelictum</span> <span class='ocrx_word' id='word_1_276' title='bbox 1281 5405 1332 5442; x_wconf 88' lang='lat' dir='ltr'>nec</span> <span class='ocrx_word' id='word_1_277' title='bbox 1349 5405 1441 5444; x_wconf 84' lang='lat' dir='ltr'>semen</span> <span class='ocrx_word' id='word_1_278' title='bbox 1461 5391 1519 5444; x_wconf 88' lang='lat' dir='ltr'>eius</span> <span class='ocrx_word' id='word_1_279' title='bbox 1539 5408 1673 5459; x_wconf 78' lang='lat' dir='ltr'>quaerens</span> <span class='ocrx_word' id='word_1_280' title='bbox 1687 5409 1796 5462; x_wconf 77' lang='lat' dir='ltr'>ponera.</span> <span class='ocrx_word' id='word_1_281' title='bbox 1848 5395 1875 5460; x_wconf 78' lang='lat'>2)</span> <span class='ocrx_word' id='word_1_282' title='bbox 1889 5394 1977 5449; x_wconf 79' lang='lat' dir='ltr'>Forte</span> <span class='ocrx_word' id='word_1_283' title='bbox 1991 5399 2107 5455; x_wconf 72' lang='lat' dir='ltr'>Moneo</span> 
     </span>
     <span class='ocr_line' id='line_1_43' title="bbox 436 5487 2108 5564; baseline 0.011 -23"><span class='ocrx_word' id='word_1_284' title='bbox 436 5488 592 5558; x_wconf 76' lang='lat' dir='ltr'>presbyter,</span> <span class='ocrx_word' id='word_1_285' title='bbox 604 5490 650 5542; x_wconf 78' lang='lat' dir='ltr'>cui</span> <span class='ocrx_word' id='word_1_286' title='bbox 662 5491 798 5544; x_wconf 78' lang='lat' dir='ltr'>Alcus&#39;uus</span> <span class='ocrx_word' id='word_1_287' title='bbox 811 5491 955 5558; x_wconf 77' lang='lat' dir='ltr'>epistolam</span> <span class='ocrx_word' id='word_1_288' title='bbox 973 5493 1118 5562; x_wconf 71' lang='lat' dir='ltr'>Inscripsit</span> <span class='ocrx_word' id='word_1_289' title='bbox 1131 5493 1264 5560; x_wconf 78' lang='lat' dir='ltr'>(Menum.</span> <span class='ocrx_word' id='word_1_290' title='bbox 1279 5487 1389 5546; x_wconf 78' lang='lat' dir='ltr'>Alcutn.</span> <span class='ocrx_word' id='word_1_291' title='bbox 1398 5511 1429 5563; x_wconf 81' lang='lat' dir='ltr'>p.</span> <span class='ocrx_word' id='word_1_292' title='bbox 1440 5496 1510 5563; x_wconf 82' lang='lat' dir='ltr'>8o1).</span> <span class='ocrx_word' id='word_1_293' title='bbox 1554 5496 1582 5561; x_wconf 90' lang='grc'>3)</span> <span class='ocrx_word' id='word_1_294' title='bbox 1597 5496 1785 5564; x_wconf 69' lang='lat' dir='ltr'>Turonensis,</span> <span class='ocrx_word' id='word_1_295' title='bbox 1795 5496 1909 5550; x_wconf 76' lang='lat' dir='ltr'>Alcuioi</span> <span class='ocrx_word' id='word_1_296' title='bbox 1919 5497 2108 5560; x_wconf 76' lang='lat' dir='ltr'>donricillum.</span> 
     </span>
     <span class='ocr_line' id='line_1_44' title="bbox 439 5591 2106 5673; baseline 0.013 -30"><span class='ocrx_word' id='word_1_297' title='bbox 439 5591 467 5659; x_wconf 79' lang='lat'>4)</span> <span class='ocrx_word' id='word_1_298' title='bbox 480 5592 498 5643; x_wconf 76' lang='grc' dir='ltr'>ι’.</span> <span class='ocrx_word' id='word_1_299' title='bbox 510 5607 531 5644; x_wconf 83' lang='lat' dir='ltr'>e.</span> <span class='ocrx_word' id='word_1_300' title='bbox 541 5594 688 5654; x_wconf 73' lang='lat' dir='ltr'>Arcenam,</span> <span class='ocrx_word' id='word_1_301' title='bbox 701 5593 857 5662; x_wconf 73' lang='lat' dir='ltr'>cptscopum</span> <span class='ocrx_word' id='word_1_302' title='bbox 871 5595 1110 5664; x_wconf 73' lang='lat' dir='ltr'>Salisburyeuscm</span> <span class='ocrx_word' id='word_1_303' title='bbox 1124 5596 1258 5649; x_wconf 73' lang='lat' dir='ltr'>luo-821</span> <span class='ocrx_word' id='word_1_304' title='bbox 1274 5595 1520 5667; x_wconf 69' lang='lat' dir='ltr'>(arehiepiscopum</span> <span class='ocrx_word' id='word_1_305' title='bbox 1529 5599 1593 5652; x_wconf 78' lang='lat' dir='ltr'>iude</span> <span class='ocrx_word' id='word_1_306' title='bbox 1605 5599 1648 5653; x_wconf 83' lang='lat' dir='ltr'>ab.</span> <span class='ocrx_word' id='word_1_307' title='bbox 1662 5617 1687 5653; x_wconf 81' lang='lat' dir='ltr'>u.</span> <span class='ocrx_word' id='word_1_308' title='bbox 1702 5601 1770 5668; x_wconf 77' lang='grc'>798).</span> <span class='ocrx_word' id='word_1_309' title='bbox 1791 5601 1834 5668; x_wconf 81' lang='lat' dir='ltr'>Os.</span> <span class='ocrx_word' id='word_1_310' title='bbox 1848 5601 1963 5655; x_wconf 82' lang='lat' dir='ltr'>Alcuiui</span> <span class='ocrx_word' id='word_1_311' title='bbox 1976 5607 2060 5673; x_wconf 67' lang='lat' dir='ltr'>optet.</span> <span class='ocrx_word' id='word_1_312' title='bbox 2070 5613 2106 5665; x_wconf 79' lang='lat'>91</span> 
     </span>
     <span class='ocr_line' id='line_1_45' title="bbox 439 5698 1834 5772; baseline 0.005 -22"><span class='ocrx_word' id='word_1_313' title='bbox 439 5698 525 5766; x_wconf 85' lang='lat' dir='ltr'>(Mon.</span> <span class='ocrx_word' id='word_1_314' title='bbox 540 5699 597 5753; x_wconf 86' lang='lat' dir='ltr'>Alc.</span> <span class='ocrx_word' id='word_1_315' title='bbox 607 5715 637 5768; x_wconf 84' lang='lat' dir='ltr'>p.</span> <span class='ocrx_word' id='word_1_316' title='bbox 650 5699 711 5766; x_wconf 80' lang='lat'>380)</span> <span class='ocrx_word' id='word_1_317' title='bbox 731 5700 832 5768; x_wconf 81' lang='lat' dir='ltr'>Aquilo</span> <span class='ocrx_word' id='word_1_318' title='bbox 849 5718 899 5770; x_wconf 91' lang='lat' dir='ltr'>per</span> <span class='ocrx_word' id='word_1_319' title='bbox 917 5701 1001 5771; x_wconf 77' lang='lat' dir='ltr'>Alpes</span> <span class='ocrx_word' id='word_1_320' title='bbox 1020 5702 1135 5765; x_wconf 82' lang='lat' dir='ltr'>volanti,</span> <span class='ocrx_word' id='word_1_321' title='bbox 1155 5720 1203 5772; x_wconf 85' lang='lat' dir='ltr'>per</span> <span class='ocrx_word' id='word_1_322' title='bbox 1222 5719 1334 5771; x_wconf 84' lang='lat' dir='ltr'>campos</span> <span class='ocrx_word' id='word_1_323' title='bbox 1352 5703 1482 5762; x_wconf 84' lang='lat' dir='ltr'>currenti,</span> <span class='ocrx_word' id='word_1_324' title='bbox 1501 5719 1551 5772; x_wconf 87' lang='lat' dir='ltr'>per</span> <span class='ocrx_word' id='word_1_325' title='bbox 1569 5703 1649 5756; x_wconf 88' lang='lat' dir='ltr'>urbes</span> <span class='ocrx_word' id='word_1_326' title='bbox 1669 5703 1834 5758; x_wconf 84' lang='lat' dir='ltr'>nrnbulanti.</span> 
     </span>
    </p>
   </div>
   <div class='ocr_carea' id='block_1_9' title="bbox 0 0 2282 6434">
    <p class='ocr_par' dir='ltr' id='par_1_13' title="bbox 0 0 2282 6434">
     <span class='ocr_line' id='line_1_46' title="bbox 0 0 2282 6434; baseline 0 5"><span class='ocrx_word' id='word_1_327' title='bbox 0 0 2282 6434; x_wconf 95' lang='lat' dir='ltr'> </span> 
     </span>
    </p>
   </div>
  </div>
 </body>
</html>
