4598 6414
926 431 1154 488 PROOEMIUM.
1802 438 1863 500 383

208 600 348 683 idemq-ae
368 601 499 682 [norint.
549 603 626 668 Oam
653 604 812 668 canonicis
835 605 869 672 S.
895 605 1023 688 Goor‘aii
1045 605 1266 689 marlanensis
1289 606 1467 670 ‘Malaiaas
1489 607 1588 685 abba’,
1618 608 1674 688 qni
1695 609 1729 670 in
1750 609 1866 689 aremio

208 705 352 770 ecelesiae
374 705 464 768 illins
482 704 570 788 satas
594 709 670 783 orat,
686 707 877 789 prinsquam
900 708 944 772 ad
964 709 1064 774 sedem
1086 709 1398 792 Anaastodnnensem
1420 712 1554 789 accessit,
1577 711 1613 774 in
1630 708 1866 796 fraternitatem

208 808 417 888 Attalensium
439 812 577 888 receptas
600 812 643 870 esl
657 810 676 873 ¹.

316 930 348 991 A
371 927 556 993 Hladomico
577 927 647 1008 Pio,
670 927 722 991 cni
744 928 920 994 Modainns
942 931 1150 1011 episcopatum
1171 951 1257 996 anno
1272 935 1334 998 815
1349 938 1521 1015 susceptam
1536 933 1671 1013 debebat,
1692 936 1866 1017 fidissimae

207 1031 275 1096 eins
297 1031 424 1108 assecla,
446 1051 502 1095 noo
523 1031 559 1094 in
581 1051 687 1110 carrara
702 1031 838 1094 Montila
859 1032 1022 1096 olesoisecre
1043 1033 1149 1110 aalnit,
1171 1037 1263 1114 alane
1284 1055 1318 1097 eo
1345 1035 1478 1115 feliciter
1499 1037 1642 1100 restituto
1664 1039 1700 1100 in
1722 1041 1864 1104 orrrnibas

209 1134 301 1198 rebns
316 1136 456 1214 publicis
478 1154 594 1216 maana
616 1135 799 1198 anctoritate
822 1136 931 1213 aalnit,
954 1137 1001 1198 ita
1022 1140 1058 1199 at
1078 1157 1147 1200 carn
1168 1136 1244 1200 aliis
1259 1138 1408 1219 episcopis
1423 1140 1460 1204 de
1474 1140 1583 1205 Ebone
1599 1141 1748 1206 ilamensi
1763 1145 1865 1210 arclri-

210 1238 348 1318 eniscopo
370 1259 400 1303 a.
424 1240 486 1302 835
509 1237 661 1301 indiciam
681 1239 778 1317 ferret
800 1243 829 1302 et
850 1239 940 1302 missi
961 1239 1109 1304 danrinici
1130 1260 1257 1305 mernere
1277 1241 1469 1324 sernaeretar.
1509 1243 1701 1326 Ilreodalfns
1715 1248 1866 1312 Aurelia-

192 1344 316 1405 nensis
344 1344 504 1422 episcopas
538 1341 575 1405 de
602 1341 671 1405 sede
701 1341 834 1404 elaeatae
866 1363 934 1406 enno
967 1343 1091 1406 arrailio
1118 1363 1156 1408 ac
1183 1344 1245 1425 fido
1279 1347 1346 1408 eins
1373 1346 1409 1408 in
1435 1347 1573 1428 aratiam
1609 1349 1805 1428 irnpcratoris
1834 1371 1866 1416 se

213 1445 388 1509 rodilarnm
410 1463 474 1509 esse
498 1449 652 1524 speraret,
681 1445 737 1525 qni
764 1464 832 1508 cane
854 1445 1014 1526 Matfrido
1045 1446 1149 1510 comite
1172 1450 1245 1510 tanc
1266 1449 1484 1527 patentissimo
1505 1451 1688 1515 coniunctas
1716 1457 1800 1534 erat,
1829 1453 1865 1517 de

209 1548 453 1626 condicionibrm,
483 1549 595 1628 quibas
623 1548 716 1610 aonia
742 1547 771 1610 oi
800 1547 1024 1626 concederetur,
1054 1549 1094 1611 ab
1128 1569 1161 1612 eo
1190 1550 1302 1613 certior
1327 1549 1432 1631 tactas
1453 1555 1498 1613 est
1507 1551 1529 1616 ².
1577 1552 1652 1617 Post
1684 1554 1865 1620 Hladomici

210 1655 335 1716 rnortom
359 1671 425 1714 omn
453 1651 565 1716 Garolo
587 1671 655 1732 roae
676 1651 768 1724 stelit,
792 1652 857 1730 *inse
879 1651 930 1714 illi
951 1670 1016 1714 non
1039 1652 1171 1715 maltam
1193 1655 1378 1732 superstes³.

317 1772 489 1835 Modoinrrs
510 1773 545 1835 in
568 1771 705 1835 carmine
729 1771 863 1850 inferias
884 1769 1008 1848 menda,
1029 1791 1089 1852 qao
1115 1771 1323 1857 Tboodalfam
1352 1774 1508 1838 consolari
1536 1779 1668 1840 oonalns
1689 1783 1747 1856 cst,
1775 1777 1812 1843 de
1833 1797 1865 1842 sc

207 1877 275 1956 ipso
297 1877 370 1939 baec
390 1874 511 1955 satctrrr
533 1873 709 1960 (Tlleoclnlfi
732 1894 798 1955 opp.
826 1873 872 1941 ed.
896 1874 1046 1939 Sirmond
1061 1897 1096 1955 p.
1122 1877 1211 1962 220):

569 1978 651 2042 Arte
675 1977 765 2041 rudis
789 1999 862 2041 cum
886 1979 960 2055 sirn,
983 1979 1029 2041 sie
1052 1977 1103 2044 me
1129 2000 1257 2065 quoque
1282 2002 1380 2067 posse
1404 1982 1531 2066 negabo

654 2081 868 2168 Respondere
892 2083 956 2146 tuis
980 2084 1130 2147 versibus
1154 2085 1294 2150 eximiis.

568 2186 654 2250 vilis
677 2185 764 2272 apud
789 2185 903 2250 doctos
926 2207 1066 2271 namque
1090 2193 1142 2250 est
1165 2209 1238 2251 mea
1260 2188 1356 2252 Musa
1378 2195 1505 2274 poetas,

658 2288 806 2354 Condere
831 2289 957 2353 abhoc
980 2291 1105 2353 nullum
1128 2292 1270 2356 carmine
1293 2291 1380 2356 nitor
1402 2312 1493 2379 opus⁸

210 2407 243 2470 A
271 2410 374 2488 riaetis
409 2411 593 2492 aequalibns
625 2431 695 2474 aera
730 2415 861 2490 propter
895 2409 978 2474 dotes
1020 2411 1139 2492 inaenii
1175 2431 1211 2474 ac
1237 2409 1411 2474 Masarnm
1448 2409 1532 2474 dana
1563 2410 1686 2492 mannis
1719 2409 1866 2474 landibns

211 2509 348 2588 effertur.
400 2513 636 2594 Walatsridns,
673 2517 702 2576 et
731 2514 796 2594 ipse
825 2533 887 2594 pro
920 2515 1066 2593 tonrporis
1096 2511 1199 2576 indole
1229 2517 1313 2577 vales
1341 2513 1549 2596 clarissimas,
1584 2510 1627 2578 ad
1655 2512 1865 2577 Prndcntinm

214 2615 398 2696 rrraoislram
419 2617 493 2682 baec
511 2616 619 2681 scribit
642 2617 805 2690 (Zoilscbr.
827 2617 883 2698 scir
904 2615 1075 2681 Dentscbes
1096 2617 1232 2682 Alterlb.
1254 2616 1350 2693 XXI,
1374 2615 1445 2700 83);

571 2721 705 2806 Accipe,
728 2722 823 2784 mitto
847 2720 906 2784 tibi
927 2719 1074 2784 Modoini
1098 2722 1241 2784 carmina
1263 2721 1382 2804 magni,

659 2822 835 2908 inquibus
859 2823 1017 2904 invenies,
1042 2822 1129 2907 quod
1151 2823 1260 2903 ferias,
1284 2822 1370 2905 quod
1393 2823 1514 2887 ames⁴⁸

210 2942 265 3005 Ad
287 2942 524 3007 Mnatooinam⁵
546 2945 650 3024 lorsam
671 2945 754 3008 inter
775 2945 856 3008 alios
877 2944 932 3008 bos
953 2945 1041 3007 misit
1061 2962 1168 3006 versas
1191 2941 1332 3028 (Oanisii
1352 2942 1435 3008 Loct.
1451 2947 1518 3007 ant.
1541 2942 1596 3021 VI,
1620 2939 1712 3026 648):

571 3047 684 3112 Gloria
708 3069 790 3132 quae
815 3048 934 3112 vestris
958 3048 1095 3112 inolevit
1117 3048 1229 3132 magni
1252 3045 1416 3126 Camenis,

656 3151 706 3215 Ne
731 3152 855 3216 laceret
878 3158 1007 3214 nostros
1032 3169 1182 3231 cernuus,
1206 3171 1273 3229 ora,
1296 3149 1439 3216 trochos.

571 3251 723 3318 Carmina
745 3260 891 3317 maturae
915 3254 1011 3338 cupio
1035 3255 1181 3339 pretiosa
1203 3260 1367 3333 senectae,

655 3355 753 3420 Dicta
776 3356 954 3420 iuventutis
980 3356 1036 3441 qui
1058 3356 1132 3440 lego
1157 3356 1357 3421 multotiens.

572 3458 728 3532 Quamvis
751 3461 854 3523 multa
877 3479 973 3522 canes
997 3459 1099 3522 saecli
1122 3457 1319 3522 celebranda
1342 3459 1482 3522 catervis

656 3563 725 3627 Nos
750 3562 835 3649 apud
860 3585 895 3627 es
919 3570 1038 3643 mutus,
1061 3563 1148 3627 lama
1172 3562 1289 3647 quibus
1313 3563 1419 3625 minor
1442 3564 1502 3624 est.

317 3681 450 3760 Floras,
478 3684 631 3748 diaconas
659 3684 894 3766 Lnadanonsis,
926 3684 983 3747 osli
1011 3683 1116 3746 acerbe
1149 3683 1186 3746 de
1220 3682 1345 3745 daerente
1374 3684 1466 3761 alqae
1492 3679 1690 3745 incommodis
1712 3682 1864 3763 anerilar,

213 3782 326 3863 quibas
340 3785 518 3852 Modninns
539 3787 696 3852 ecclesiam
711 3786 959 3868 Laodrmensem,
982 3785 1140 3866 qnondam
1162 3785 1354 3848 reatricnlam
1368 3803 1466 3860 snam,
1489 3787 1562 3846 tanc
1576 3785 1700 3862 pastore
1715 3784 1864 3860 orbatam,

210 3887 379 3967 affeccrit⁸,
403 3892 510 3970 arcani
533 3896 635 3955 tanton
657 3892 816 3974 inaeninm
839 3895 931 3972 alana
958 3890 1131 3952 amicit-iam
1152 3890 1219 3952 olas
1239 3885 1448 3950 aestimavitl.
1492 3884 1580 3950 Dnm
1606 3886 1728 3968 aralius
1749 3886 1778 3948 ci
1799 3885 1866 3965 erait

213 3993 364 4056 carminis
386 3996 478 4073 sacri,
501 3996 583 4076 qnod
605 3996 778 4060 Modainns
798 3997 827 4060 ei
848 3996 984 4073 miserat,
1006 3995 1140 4059 amicam
1163 4014 1184 4055 a
1206 3993 1304 4056 niraio
1319 3994 1484 4072 poetrrrnm
1505 3991 1669 4073 cantillam
1691 3988 1793 4053 stadio
1815 3987 1865 4051 bis

214 4095 315 4159 vorbis
336 4096 489 4162 deterrere
510 4100 577 4163 oali
600 4098 783 4184 (Fabricius
805 4099 918 4164 Poetae
939 4104 1029 4164 aeter.
1053 4098 1216 4162 ecclesiast.
1241 4094 1332 4182 731):

572 4202 643 4266 Iam
666 4224 752 4267 nunc
776 4202 912 4267 Castalii
934 4203 1072 4266 siccetur
1095 4199 1194 4264 fontis
1217 4199 1351 4276 herene,
1984 4263 1990 4275 ⁶

659 4306 866 4391 Aoniamque
889 4328 1004 4371 nemus
1028 4305 1137 4369 fistula
1158 4303 1250 4367 nulla
1272 4306 1382 4376 sonet;
1498 4296 1593 4383 (Stat.
1615 4293 1731 4362 Acbill.
1756 4294 1785 4375 1,
1810 4295 1864 4381 10)

316 4633 342 4699 1)
362 4633 499 4688 Matilica
517 4635 651 4689 Analecta
668 4639 718 4688 oet.
737 4651 766 4703 p.
786 4633 849 4696 426,
868 4632 905 4699 cs.
923 4631 1006 4685 Flari
1027 4645 1137 4684 carnrcn
1158 4628 1225 4681 ibid.
1240 4645 1270 4696 p.
1288 4627 1352 4691 414,
1373 4628 1443 4678 Aren.
1463 4627 1504 4688 ΙΙ,
1517 4623 1575 4677 629.
1649 4621 1677 4690 2)
1698 4621 1741 4689 Cf.
1758 4620 1866 4675 Simeon
1903 4601 1905 4608 ,

212 4735 332 4807 Lada-iq
351 4736 400 4790 der
419 4737 544 4792 Fromme
562 4739 659 4807 I,248,
671 4739 730 4800 289;
749 4741 791 4802 ΙΙ,
804 4736 845 4798 50,
865 4735 923 4797 128,
942 4734 1000 4787 134.
1071 4732 1098 4800 3)
1119 4730 1178 4785 Ode
1192 4728 1384 4784 Farrariorum
1403 4726 1490 4782 abbas
1509 4723 1621 4796 sempsit
1634 4727 1719 4778 Ionae
1737 4723 1865 4794 episcopo

212 4835 302 4906 (Lupi
325 4853 387 4907 opp.
414 4840 454 4896 ed.
472 4841 579 4896 Balara
595 4859 625 4912 p.
644 4842 689 4908 51)
713 4859 740 4894 a.
758 4841 822 4894 840:
851 4841 900 4893 nni
922 4839 1009 4908 perti,
1028 4854 1100 4906 quae
1122 4836 1198 4906 apud
1220 4835 1331 4890 Clarum
1349 4835 1473 4886 montem
1491 4831 1564 4902 agit,
1590 4816 1700 4899 praeest
1717 4829 1865 4883 Modoinus

214 4940 510 5009 Augustodunensium
535 4944 688 5015 episcopus.
774 4944 803 5010 4)
830 4943 870 5011 Of.
892 4942 966 4996 Om'd.
989 4942 1050 4994 Art.
1073 4938 1261 5019 Amat.1,91.
1340 4938 1366 5004 5)
1391 4938 1438 4989 Ita
1458 4935 1539 4988 tabet
1559 4933 1645 4987 eaden
1669 4933 1697 4987 S.
1722 4933 1798 4987 Galli
1814 4933 1865 4986 869

210 5059 240 5111 p.
259 5043 319 5112 213,
338 5045 381 5098 Ad
400 5046 561 5101 Modoinum
581 5049 639 5103 eccl.
659 5047 817 5102 Christinae
834 5063 889 5116 rea.
907 5047 959 5100 489
979 5045 1127 5114 (qnondam
1145 5043 1173 5098 S.
1193 5043 1279 5109 Galli)
1297 5043 1371 5111 f.39.
1429 5043 1456 5110 6)
1477 5040 1520 5109 Os.
1538 5057 1609 5110 qnae
1628 5039 1660 5094 de
1677 5039 1866 5094 baoecclesiac

214 5145 412 5215 Laadnnensia
431 5150 575 5204 creatione
594 5153 691 5221 aptiore
710 5151 840 5219 eapoam'l
857 5150 890 5204 F.
905 5150 1035 5203 Maassen
1054 5149 1125 5217 (Eia
1139 5149 1307 5202 Umnmenlnr
1324 5147 1371 5201 dee
1383 5147 1489 5200 Floras
1507 5161 1560 5198 von
1571 5145 1658 5215 ΖΛΜ,
1678 5144 1865 5212 Sitennasber.

213 5249 263 5302 der
289 5253 397 5307 ll'iener
414 5255 515 5319 Acad,
541 5256 686 5324 pore-nia.
708 5255 747 5307 Cl.
766 5256 855 5316 XCII,
869 5253 1026 5312 achare).
1097 5253 1124 5320 7)
1145 5253 1189 5320 Cf.
1207 5253 1287 5306 etiam
1306 5265 1424 5313 cannen,
1443 5247 1517 5317 qnod
1534 5247 1679 5301 ediderant
1697 5246 1825 5300 Murteae
1842 5247 1868 5298 et

215 5353 340 5408 Durand
360 5355 425 5409 Call.
444 5357 566 5427 ampliss.
592 5357 619 5418 V,
630 5356 779 5420 616-617,
799 5355 932 5409 Madame
950 5355 1078 5425 episcopo
1095 5354 1214 5418 arissam,

627 5460 714 5526 Quem
733 5475 810 5512 secer
828 5458 961 5512 inlustrat
980 5457 1087 5511 meritis
1105 5455 1317 5527 splendentibus
1335 5454 1410 5522 ordo,

730 5545 879 5600 Doctrinae
897 5547 926 5598 et
944 5541 1068 5597 studium
1086 5543 1163 5597 tollit
1180 5541 1216 5596 ud
1235 5541 1294 5594 alta
1312 5539 1367 5609 pic,

628 5633 687 5698 Quo
705 5631 815 5701 generis
834 5630 901 5684 clari
920 5629 1014 5682 lumen
1033 5631 1194 5697 torrensque
1212 5626 1345 5695 loquendi

730 5715 868 5781 Vincitur,
890 5717 923 5768 ut
940 5731 1042 5783 magno
1061 5713 1152 5768 sidera
1170 5713 1227 5768 sole
1245 5714 1344 5767 latent.
