4612 6414
936 393 1012 450 cnr.
1031 395 1197 452 vin-nr.
1227 378 1229 384 '

533 582 544 618 ⁵
604 562 780 629 Cuicuinus
802 566 856 631 hio
879 568 987 633 fuerat
1007 571 1167 654 genitoris
1192 593 1271 638 cura
1295 583 1439 642 vocatus.

603 665 701 730 Hunc
724 666 806 732 deus
830 669 863 733 in
885 670 953 735 vita
975 673 1165 738 meritorum
1188 677 1296 761 gratia
1318 677 1427 760 donat,

603 767 712 854 Atque
736 771 803 834 suis
827 773 950 837 clarum
973 796 1092 861 magno
1115 776 1281 845 redimivit
1302 780 1436 848 honore.

603 870 748 936 Crimina
771 881 888 939 cuncta
911 876 984 961 pius
1007 885 1098 944 casto
1123 879 1162 946 de
1187 903 1323 969 corpore
1347 887 1450 972 pellit,

604 974 738 1040 Viribus
762 984 796 1042 et
819 980 897 1044 totis
921 980 1044 1046 Christi
1067 993 1245 1071 praecepta
1268 989 1389 1074 sategit

605 1077 763 1164 Corpore,
786 1089 906 1160 mento,
931 1105 1040 1165 manu,
1064 1081 1098 1151 et
1121 1090 1246 1152 cunctis
1269 1111 1342 1155 cum
1366 1093 1517 1160 sensibus
1540 1115 1605 1158 una

602 1181 708 1248 Nocte
732 1182 850 1270 dieque
874 1187 971 1252 simul
995 1210 1140 1254 servare:
1165 1190 1207 1255 ad
1229 1192 1348 1276 gaudia
1369 1216 1449 1260 vera

603 1285 755 1368 Aestuat,
779 1296 878 1374 atque
901 1292 970 1356 suis
995 1301 1167 1377 quaestum
1191 1297 1384 1380 conquirere
1406 1299 1525 1384 palmis

601 1387 671 1452 Iam
695 1391 833 1478 cupidus
857 1394 984 1460 miseris
1009 1397 1123 1462 tribuit
1147 1398 1284 1483 largitus
1308 1402 1433 1485 egenis.

603 1490 689 1565 Quin
713 1501 800 1559 totos
825 1517 956 1584 semper
978 1499 1104 1585 perfert
1126 1501 1247 1566 ieiunia
1270 1502 1368 1580 soles,

605 1596 798 1664 Sanctorum
822 1600 945 1666 domini
968 1603 1071 1668 veluti
1095 1605 1290 1691 sollempnia
1312 1607 1441 1672 tricent.

602 1700 789 1768 Nocturnos
812 1705 930 1772 fratres
954 1707 1057 1771 sacris
1081 1709 1295 1773 concentibus
1318 1731 1434 1796 ymnos

603 1803 691 1868 Dum
715 1807 894 1888 celebrant,
917 1831 1094 1895 rursusque
1118 1832 1193 1875 suas
1217 1813 1352 1878 visitare
1376 1815 1502 1900 quietas

602 1907 779 1995 Incipiunt,
801 1912 903 1978 frater
927 1921 1127 1979 memoratus
1150 1922 1244 2001 septa
1266 1915 1379 1982 sacelli

606 2011 813 2100 Incoluitque
838 2016 906 2081 suis
928 2037 993 2082 non
1015 2019 1122 2104 parcit
1144 2017 1281 2084 tundere
1304 2020 1460 2085 membris

521 2135 547 2174 m
604 2115 777 2196 Marmora,
801 2139 902 2205 seque
925 2119 987 2184 deo
1007 2119 1183 2206 diligenter
1205 2122 1338 2187 mandat
1360 2122 1402 2187 ad
1425 2130 1524 2192 astra.

601 2218 647 2282 At
671 2241 781 2286 rursus
804 2221 935 2300 fratres,
958 2224 1095 2288 veniunt
1118 2245 1191 2288 cum
1214 2225 1338 2292 lumina
1360 2226 1499 2308 Phoebi,

604 2322 647 2388 Se
670 2325 823 2409 precibus
847 2327 983 2412 cupiunt
1005 2326 1135 2410 domino
1158 2328 1313 2396 mandare
1336 2331 1490 2416 profusis.

605 2427 764 2494 Coetibus
787 2430 841 2496 hio
865 2432 987 2497 sanctis
1014 2432 1205 2498 coniunctus
1229 2433 1338 2501 dicere
1361 2437 1505 2523 psalmos

605 2530 711 2597 Dulce
735 2532 859 2616 babuit,
884 2556 957 2600 sese
982 2535 1113 2600 domino
1138 2538 1345 2603 commendat
1368 2545 1402 2604 et
1424 2541 1547 2605 omnis,

521 2654 533 2693 a
606 2634 694 2700 Hinc
717 2637 884 2703 matutinis
909 2640 1081 2725 completis
1104 2641 1309 2726 quambene
1332 2643 1478 2728 psalmis,

606 2738 769 2804 Continuo
793 2741 939 2808 insonuit
960 2745 1126 2829 percussis
1150 2743 1233 2810 cudo
1256 2746 1399 2811 metallis

604 2843 755 2924 Mallcus,
779 2853 812 2910 ct
837 2867 956 2912 vacuas
980 2849 1122 2913 volitans
1146 2870 1219 2914 cum
1242 2849 1397 2915 verberat
1418 2872 1525 2930 auras,

603 2945 673 3012 Iam
696 2970 832 3014 coenem
855 2950 989 3016 fratrem
1012 2950 1164 3038 peditans
1190 2949 1351 3017 caldarios
1374 2959 1478 3018 ornat.

690 3052 785 3116 Talia
808 3051 884 3118 dum
908 3060 1040 3119 sanctus
1064 3076 1161 3144 quam
1184 3056 1295 3120 multis
1319 3063 1468 3141 gesserat
1490 3057 1595 3135 annis,

606 3153 750 3219 Tandem
773 3157 965 3241 promeruit,
989 3164 1107 3222 cuncto
1131 3163 1282 3222 cessante
1305 3157 1429 3237 labore,
1489 3229 1490 3232 Ἴ

605 3256 658 3321 Ad
681 3257 828 3344 requiem
850 3258 934 3324 felix
956 3260 1058 3325 frater
1080 3261 1219 3326 transire
1242 3260 1384 3326 beatam.

603 3362 687 3427 Nam
710 3364 798 3428 vires
821 3364 921 3429 validi
944 3371 1065 3430 vexant
1087 3363 1165 3430 dum
1188 3386 1325 3452 corpore
1349 3366 1463 3440 morbi,

604 3463 673 3529 lam
697 3464 815 3530 chorus
839 3488 857 3530 e
881 3467 982 3532 caelis
1005 3468 1143 3532 veniens
1168 3489 1241 3532 oum
1265 3469 1338 3533 luce
1362 3489 1527 3548 coruscus,

603 3567 751 3634 Pastoris
775 3569 892 3634 cellam
914 3577 1070 3656 properat
1091 3571 1228 3636 visitare
1251 3571 1351 3646 beati,

605 3671 714 3758 Atque
738 3673 879 3737 animam
903 3679 994 3738 casto
1019 3666 1207 3740 castam'de
1232 3695 1368 3761 corpore
1391 3681 1533 3741 sumunt.

607 3774 781 3863 Splenduit
803 3776 858 3841 hic
880 3778 1014 3842 nimium
1039 3799 1197 3863 superans
1220 3779 1285 3844 iam
1308 3779 1432 3844 lumina
1454 3778 1543 3856 solis,

607 3880 754 3966 Cumque
779 3880 879 3945 choro
902 3881 1042 3946 volitans
1067 3903 1203 3968 superas
1227 3882 1411 3968 penetravit
1433 3883 1466 3947 in
1489 3905 1592 3949 arces.

606 3981 794 4048 Aethuinus
818 3983 900 4049 haec
923 3984 1102 4050 monachus
1125 3983 1201 4050 dum
1225 3986 1338 4066 cernit,
1362 3985 1472 4051 dicere
1495 3993 1606 4071 grates

607 4087 736 4173 Incipit,
759 4094 857 4173 atque
880 4089 1021 4153 animam
1045 4087 1175 4152 domino
1199 4088 1405 4154 commendat
1427 4091 1460 4154 in
1483 4096 1581 4155 astra.

607 4190 696 4277 Ergo
720 4192 776 4257 ubi
800 4197 888 4256 trans
912 4193 994 4258 celsi
1017 4193 1240 4258 conscendunt
1262 4193 1376 4258 limina
1397 4195 1487 4275 solis,

607 4294 767 4380 Angelici
784 4296 881 4360 cunei
903 4295 1108 4361 modulantes
1133 4297 1286 4375 carmina,
1309 4298 1436 4362 caelum

608 4397 779 4464 Clauditur
802 4399 978 4485 extimplo;
1001 4400 1147 4484 requiem
1171 4407 1306 4486 captura
1328 4421 1505 4486 perennem

606 4500 694 4565 Hinc
716 4502 825 4566 anima
847 4501 1039 4588 ingreditur,
1062 4503 1163 4567 castis
1186 4503 1324 4568 inmixta
1346 4503 1508 4588 maniplis.

314 4744 347 4786 xr
392 4723 453 4789 DE
477 4724 657 4790 FRATRE
681 4724 761 4799 QUI
783 4724 844 4790 DE
869 4725 1020 4790 CARNE
1042 4724 1251 4790 EDUCTUS
1276 4725 1450 4791 ITERUM
1472 4723 1816 4791 REVIVISOEBAT.

606 4846 723 4912 Frater
746 4853 818 4910 erat
840 4844 971 4932 quidam
994 4852 1128 4911 sanctae
1152 4845 1213 4910 sub
1236 4847 1383 4932 regmine
1407 4847 1521 4924 cellae,

606 4948 661 5013 Ad
683 4950 851 5014 saeculum
875 4948 1023 5029 illustris,
1045 4948 1152 5013 dictus
1176 4949 1378 5040 cognomine
1394 4949 1594 5028 Merohdeof‚

607 5052 769 5139 Tempore
793 5053 845 5116 eui
868 5050 1008 5137 quodam
1030 5053 1170 5136 languor
1192 5051 1268 5117 dum
1292 5073 1430 5138 corpora
1452 5059 1562 5133 vexat,

344 5345 362 5398 i>
379 5356 487 5399 uocatur
498 5347 523 5398 L
539 5346 560 5397 0
672 5343 690 5394 6
708 5347 764 5397 iesu
782 5363 848 5396 corr.
866 5348 895 5396 iu
912 5346 975 5398 deus
987 5346 1020 5409 L,
1038 5345 1166 5396 hominem
1184 5345 1239 5395 uita
1251 5345 1272 5395 C
1381 5340 1396 5393 l
1414 5345 1509 5394 suosC¹
1585 5343 1670 5396 clarus
1687 5360 1754 5393 corr.
1771 5343 1800 5392 in
1816 5343 1895 5393 umL

242 5450 364 5501 magnum
385 5433 445 5484 LO
568 5429 601 5482 12
623 5449 699 5483 suurn
714 5433 736 5483 0
846 5429 879 5483 13
900 5434 963 5482 Nam
980 5433 1001 5481 O
1078 5430 1169 5480 tribuit
1191 5431 1290 5481 miseris
1303 5429 1325 5478 C
1400 5430 1514 5496 lurgstus
1529 5429 1551 5480 0
1663 5425 1695 5478 16
1718 5429 1861 5479 Nocturnas
1874 5429 1895 5480 0

243 5515 275 5569 17
302 5519 488 5571 caelebrantL
610 5515 644 5568 18
671 5521 761 5570 fratres
780 5518 838 5570 00
956 5514 989 5566 21
1017 5519 1051 5568 Et
1065 5516 1119 5567 OC
1203 5515 1338 5568 lurnineC
1456 5513 1490 5567 22
1517 5514 1594 5566 DoO
1713 5510 1748 5564 24
1773 5515 1895 5567 omuesO

242 5602 277 5656 28
303 5605 434 5656 caldoreos
455 5605 486 5670 C,
513 5603 679 5655 culdariosO
799 5602 834 5655 29
855 5601 972 5655 annosO
1092 5599 1126 5652 32
1148 5599 1300 5654 ualidumC
1418 5598 1452 5652 33
1474 5600 1581 5652 caaloC
1697 5596 1732 5649 34
1752 5601 1858 5652 caeliam
1870 5601 1895 5652 L

242 5687 279 5745 40
295 5691 393 5746 lumina
410 5691 431 5744 0
533 5687 569 5744 42
586 5699 688 5762 captare
699 5689 724 5740 L
736 5689 759 5741 0
863 5689 875 5755 ΙΙ
888 5685 936 5756 [xr]
953 5689 1046 5739 ductus
1059 5687 1082 5738 C
1181 5687 1199 5740 2
1216 5689 1352 5741 Marchdos
1363 5687 1385 5738 C
