4694 6428
638 392 687 445 AD
704 392 905 457 CANDIDUM,
923 392 972 445 AD
990 392 1164 447 CAROLUM
1183 393 1458 449 IMPERATOREM.

500 588 525 625 rs
583 567 702 631 Omnia
729 569 829 632 vincit
860 567 984 648 amor¹,
1013 566 1152 653 pedibus
1184 569 1329 648 velocior
1357 567 1446 633 Euro

663 670 797 735 Festine
828 692 941 756 perge,
970 692 1074 748 curre,
1105 671 1188 752 vola,
1221 693 1373 757 propera.

580 772 626 836 Ut
654 775 760 838 laetus
791 773 900 837 videat
928 773 1028 836 Iacob
1060 774 1124 836 iam
1157 775 1279 861 Ioseph
1309 776 1433 855 ocellis,

665 877 751 941 Ante
780 876 866 940 diem
895 876 985 940 dirae
1014 877 1129 940 mortis
1161 878 1194 940 in
1221 878 1303 942 urbe
1336 900 1404 943 sua.

582 977 668 1051 Quid
697 979 759 1043 tibi
787 981 882 1066 plura
911 986 1047 1044 conam?
1083 981 1164 1044 felix
1195 981 1335 1045 feliciter
1358 1003 1480 1062 omnes,

500 1105 524 1142 ao
669 1083 772 1162 Nate,
802 1083 871 1147 vias
895 1082 977 1147 vade
1001 1105 1108 1160 nunc,
1131 1083 1309 1148 miserante
1333 1083 1404 1148 deo.

580 1186 744 1272 Prospera
768 1186 926 1250 concedet
948 1186 1060 1250 mundi
1083 1187 1144 1251 tibi
1167 1193 1285 1250 cuncta
1307 1194 1444 1261 creator,

665 1288 780 1352 Dulcis
804 1297 911 1352 amate
934 1296 1001 1368 tuo,
1025 1297 1111 1370 nate,
1135 1291 1243 1354 valeto
1267 1289 1361 1374 patri.

837 1518 1248 1525 *αὴ-ψῃ.

989 1758 1092 1822 XLV.

560 1883 745 1956 vunsus
773 1845 838 1956 no
866 1883 1101 1956 ennonuu
1129 1884 1515 1958 rnrnnnronuur.
1764 1897 1825 1957 son

582 2015 733 2079 Carmina
760 2015 880 2080 dilecto
909 2016 1007 2079 faciat
1035 2038 1109 2080 mea
1137 2017 1246 2081 fistula
1275 2017 1399 2081 David:
1454 2089 1461 2102 ,

661 2119 842 2204 Laurigero
871 2119 977 2184 David
1008 2121 1150 2184 carmine
1183 2119 1301 2203 dignus
1332 2121 1403 2184 erit.

581 2222 689 2286 David
719 2245 810 2286 amor
838 2225 965 2310 populi,
993 2222 1101 2286 David
1129 2225 1218 2303 laus,
1247 2225 1352 2308 gloria
1379 2224 1497 2310 plebis,

663 2325 773 2410 Atque
803 2326 903 2391 decus
932 2327 1041 2411 regni,
1069 2348 1210 2413 spesque
1234 2348 1354 2390 corona
1377 2328 1455 2393 suis.

512 2451 524 2486 a
581 2430 632 2494 Ite
654 2452 714 2516 per
736 2430 953 2516 Hesperioas,
987 2431 1121 2510 Musae,
1154 2431 1367 2495 concentibus
1390 2433 1500 2510 urbes,

664 2532 867 2598 Clamantes:
899 2534 1015 2598 ‘David
1046 2556 1179 2620 semper
1209 2535 1329 2620 ubique
1357 2535 1480 2600 vale'³!

579 2634 691 2714 Terra,
715 2638 820 2722 polus,
845 2638 983 2722 pelagus
1007 2645 1162 2702 resonent
1186 2638 1247 2702 hoo
1271 2660 1351 2703 voce
1376 2660 1503 2719 sonora,

666 2740 765 2804 Dicat
788 2748 821 2804 et
844 2741 949 2805 orbis:
973 2741 1100 2805 ‘Honor
1124 2743 1166 2806 sit
1189 2743 1251 2822 oui,
1276 2744 1352 2822 vita,
1376 2744 1484 2807 salus’.

579 2841 653 2907 Hoe
677 2850 791 2930 optent
813 2844 967 2930 precibus
992 2846 1089 2908 simul
1112 2846 1244 2930 agmina
1266 2853 1379 2910 sancta
1401 2846 1560 2931 polorum,

666 2945 741 3011 Hoc
770 2947 893 3011 tribuat
923 2949 1068 3012 clemens
1100 2947 1250 3012 Christus
1281 2948 1321 3012 ab
1350 2970 1424 3013 arce
1453 2950 1534 3035 poli:

579 3049 624 3113 Ut
653 3050 756 3129 vivat,
790 3059 906 3135 regnet
934 3052 1046 3115 multis
1079 3051 1220 3115 feliciter
1248 3050 1357 3131 annis,

662 3153 715 3216 Ad
744 3153 875 3218 laudem
904 3156 1016 3240 populi
1044 3154 1150 3218 David
1179 3155 1212 3217 in
1241 3155 1320 3218 orbe
1349 3155 1433 3240 pius.

578 3255 757 3319 Transacto
789 3263 821 3321 et
850 3257 931 3320 felix
959 3257 1144 3343 praesentis
1172 3263 1321 3342 tempore
1352 3257 1438 3320 vitae

664 3358 746 3422 Cum
775 3357 906 3423 Christo
941 3367 1053 3423 teneat
1080 3380 1183 3443 regna
1211 3358 1308 3422 beata
1336 3359 1413 3444 poli.

582 3461 635 3524 Ad
665 3468 697 3525 te
727 3484 830 3541 nunc,
861 3461 987 3542 David,
1004 3463 1136 3543 ,referat
1166 3484 1240 3526 mea
1269 3463 1379 3526 fistula
1406 3484 1514 3542 voces,

663 3565 769 3644 Quas,
797 3586 932 3652 precor,
964 3572 1000 3629 ut
1030 3567 1127 3629 solita
1154 3567 1217 3629 iarn
1244 3567 1370 3653 ,pietate
1394 3566 1496 3650 legas.

579 3669 626 3732 Te
651 3690 724 3732 mea
747 3690 840 3732 mens
864 3670 1025 3753 sequitur,
1059 3669 1209 3753 sequitur
1231 3690 1359 3754 quoque
1384 3691 1515 3734 carmen
1538 3670 1657 3733 amoris
1667 3669 1689 3748 ⁴,
1725 3681 1727 3686 ’

661 3772 841 3852 Decantat,
871 3772 1002 3852 laudat,
1033 3781 1129 3836 nocte
1161 3772 1279 3857 dieque
1312 3772 1419 3838 simul.

579 3876 687 3961 Atque
717 3876 763 3961 pii
792 3876 895 3961 patris
924 3877 1056 3940 Martini
1087 3898 1210 3962 pronus
1241 3876 1283 3940 ad
1311 3899 1410 3956 aram,

665 3979 716 4042 En
746 3981 854 4065 poscit
881 3981 1024 4044 lacrimis
1053 4001 1211 4067 prospera
1241 3987 1358 4044 cuncta
1387 3981 1479 4044 tibia

580 4082 714 4162 Tecum,
738 4089 849 4148 sancte
873 4091 975 4170 poter,
999 4091 1116 4171 pergat
1139 4085 1307 4148 miseratio
1331 4106 1472 4171 semper,

662 4185 878 4271 Iustitiaeque
906 4186 1006 4252 decus
1035 4197 1068 4253 et
1102 4188 1236 4274 pietatis
1266 4209 1372 4267 amor,

581 4288 732 4352 Gaudeat
760 4295 797 4350 ut
826 4290 983 4374 populus,
1016 4296 1048 4354 te
1077 4290 1143 4354 iam
1171 4291 1342 4370 veniente,
1370 4312 1430 4376 per
1458 4290 1557 4354 urbes

662 4390 765 4454 Totus
795 4391 916 4475 ubique
947 4393 1060 4470 simul,
1091 4415 1163 4458 eum
1195 4394 1330 4458 senibus
1361 4394 1506 4458 iuvenes.

497 4518 522 4553 a
578 4492 653 4558 Hue
682 4499 739 4557 tua
766 4494 938 4579 perveniat
965 4495 1109 4576 bonitas,
1138 4503 1231 4581 pater
1260 4497 1382 4581 optime
1413 4496 1516 4580 regni,

662 4596 708 4660 Ut
738 4605 794 4661 tua
824 4605 1017 4683 permaneat
1046 4601 1133 4679 laus,
1164 4599 1268 4663 honor
1293 4606 1392 4683 atque
1421 4599 1532 4664 decus.

285 4883 373 4976 [xljvt
410 4911 489 4962 edidit
509 4915 572 4976 φρ.
593 4907 771 4962 lita-4421.
790 4911 917 4960 CCLXXl
1049 4908 1182 4963 ”trasonet
1203 4913 1237 4976 Q,
1267 4921 1386 4963 resonent
1403 4910 1482 4962 Frob.
1496 4931 1525 4978 p.
1542 4910 1594 4963 ⁴229
1703 4891 1714 4908 ⁹
1734 4907 1766 4959 19
1784 4910 1867 4976 piso

212 4995 249 5048 20
266 4995 427 5064 lacrynristl
496 4999 559 5048 mihi
579 4999 608 5062 Q,
626 4998 673 5048 tibi
691 4995 769 5046 Frob.
873 4995 908 5046 25
926 4999 982 5048 Hoc
1003 4999 1032 5060 Q,
1051 4999 1110 5048 Huc
1128 4997 1174 5048 Fr.

320 5169 344 5228 l>
369 5167 445 5236 Vcry.
459 5167 520 5219 Eri.
534 5166 571 5230 X,
590 5166 623 5218 69
637 5164 737 5218 Omnia
756 5163 845 5216 vincit
859 5165 949 5216 Amor.
1011 5165 1037 5228 ⁶2)
1056 5165 1135 5217 inrrno
1152 5181 1249 5234 renem.
1288 5165 1349 5218 Hoc
1362 5181 1470 5219 carruca
1482 5166 1626 5231 Alcuinus,
1644 5165 1709 5219 dum
1727 5165 1782 5219 ium
1799 5167 1866 5220 aulo

213 5271 311 5322 relicto
335 5270 363 5322 ia
381 5271 546 5323 tironostcrio
573 5285 623 5322 sao
649 5268 770 5321 Turonis
794 5273 962 5335 alteraretur,
986 5267 1023 5320 ud
1043 5268 1170 5321 Coretum
1193 5267 1319 5332 Romam,
1344 5267 1381 5321 od
1405 5268 1523 5324 dissidia
1549 5269 1649 5324 itidem
1672 5269 1866 5338 corirponerula,

212 5372 352 5425 obiturum
370 5372 490 5441 scripsit,
504 5379 590 5440 prout
608 5378 752 5426 contectus
770 5371 861 5438 ‹locet5
879 5388 973 5439 narnpe
991 5387 1064 5424 atino
1082 5373 1149 5424 800:
1169 5371 1286 5426 FROB.
1302 5390 1332 5441 p.
1351 5373 1402 5425 2⁴29
1420 5389 1446 5426 n.
1464 5389 1490 5440 9.
1560 5375 1586 5439 3)
1607 5373 1649 5441 Cf.
1664 5371 1740 5425 Mon.
1754 5374 1865 5427 Alcuia.

209 5493 239 5544 p.
258 5476 309 5528 466
328 5475 429 5528 Omnia
446 5475 631 5530 conclament:
661 5476 751 5529 David
771 5475 874 5544 ubique
893 5474 963 5526 vulc.
1034 5475 1061 5540 l)
1082 5473 1125 5540 Cf,
1137 5473 1249 5527 Atratini
1266 5491 1348 5528 corni.
1367 5475 1446 5543 infra
1461 5493 1490 5544 p.
1509 5477 1561 5528 ‘265
1580 5493 1601 5529 v.
1619 5477 1644 5540 3,
1662 5492 1749 5545 supra
1763 5494 1793 5545 p.
1806 5477 1865 5531 ⁸255.

212 5579 238 5638 5)
257 5595 282 5630 o.
296 5577 346 5630 tta
358 5579 495 5631 Atratinus
508 5578 607 5632 Corolo
624 5580 737 5648 scripsit
749 5580 836 5646 (Μοη.
850 5578 959 5632 Alcuin.
978 5577 1040 5644 483)
1060 5576 1170 5631 obsecro
1255 5579 1288 5630 ut
1312 5577 1463 5631 dimittatis
1481 5596 1525 5632 nro
1544 5577 1663 5632 fideliter
1681 5581 1710 5631 et
1727 5577 1866 5633 instanter

213 5679 386 5733 orationibus
410 5699 472 5734 cunr
496 5680 547 5734 dco
571 5681 755 5735 servientibus
778 5681 853 5752 apud
878 5682 1012 5744 Sanctum
1030 5679 1182 5734 Martinum
1211 5683 1333 5734 vestrum
1361 5680 1415 5734 iter
1436 5681 1577 5737 adiuvare.

282 5779 386 5830 l'orrnu
397 5791 482 5830 unrnu
493 5791 553 5828 nevi
565 5779 690 5830 Cunouuu
702 5781 722 5830 1.
1612 5777 1647 5830 33
