4546 6406
759 396 977 452 AEDILVULFI
995 397 1156 452 UARMEN.

493 569 659 635 Morsibus
682 569 821 636 inlectos
846 570 948 635 laniat
969 592 1034 636 non
1057 578 1191 658 pectore
1216 580 1332 654 mesto,

492 671 559 738 Sed
582 673 694 760 potius
716 672 850 737 domino
872 672 980 758 dignis
1003 675 1179 741 virtutibus
1202 683 1327 748 anctos,

492 775 645 862 Undique
668 782 877 862 prsecomtos
901 777 1114 862 transmigret
1136 779 1219 842 lucis
1242 779 1275 843 in
1298 779 1407 845 horas.

492 879 628 944 Talibus
650 879 826 948 instituens
851 877 962 944 docuit
985 901 1058 944 curn
1081 880 1198 946 ductor
1220 883 1316 962 onie,

423 1003 435 1041 s
495 981 602 1056 Quam
624 982 744 1047 nitidas
769 980 901 1046 Christo
925 984 1045 1048 meruit
1068 984 1218 1052 conferre
1241 984 1404 1064 bidentes,

492 1086 607 1171 Agnos
630 1093 729 1173 atque
754 1086 826 1172 pios
849 1087 1002 1172 praemiti
1025 1087 1165 1152 contulit
1185 1108 1282 1172 agno,

494 1189 559 1264 Qui
581 1191 718 1256 veniens
741 1190 845 1255 sontis
869 1196 1042 1275 peccatum
1064 1191 1180 1258 tollere
1204 1190 1326 1270 mundi,

491 1293 662 1359 Insontem
685 1293 842 1359 mundum
865 1293 945 1358 fecit
967 1291 1007 1356 de
1030 1294 1189 1378 sanguine
1211 1293 1296 1360 fuso.

316 1518 442 1594 QUOD
466 1516 746 1583 PONTIFIOEM
769 1516 936 1581 ADIENS
959 1517 1207 1583 DOOTOREII
1230 1519 1370 1584 VITAE
1392 1518 1655 1583 REGULARIS

817 1621 1099 1695 ADQUISIVIT:

495 1742 699 1807 Pontificalis
723 1764 820 1829 apex,
843 1743 1035 1807 meritorum
1058 1763 1195 1808 munere
1218 1745 1325 1808 clerus

300 1849 340 1908 22
493 1845 671 1911 Eadsridus
695 1847 814 1912 enituit
827 1849 847 1926 ¹,
871 1851 1057 1911 sanctorum
1079 1847 1228 1932 regmina
1250 1869 1396 1916 servans.

492 1946 611 2013 Undae
633 1968 698 2033 quo
720 1949 847 2033 glaucis
871 1948 1006 2032 eupiunt
1028 1949 1175 2034 crispare
1198 1951 1330 2014 fluentis

492 2051 616 2130 Litora,
639 2051 717 2137 quin
741 2051 851 2116 refluis
875 2057 1031 2135 satagunt
1052 2051 1176 2116 nudare
1198 2059 1347 2117 meantes

425 2178 437 2214 s
497 2154 657 2220 Cursibus
668 2153 691 2235 ²,
715 2161 748 2218 et
770 2161 892 2219 terram
915 2155 1133 2240 praecingunt
1155 2156 1267 2220 cerula
1290 2163 1445 2236 sanctam,

493 2259 604 2344 Atque
627 2259 725 2323 itiner
748 2256 901 2344 cupidum
923 2257 1081 2343 pandunt,
1105 2279 1178 2322 cum
1201 2259 1297 2324 litora
1318 2259 1451 2324 nudant.

493 2361 592 2426 Hunc
616 2361 740 2426 domini
764 2381 880 2426 servus
903 2361 1039 2426 veniens
1062 2361 1198 2426 visitare
1221 2364 1352 2447 sategit,

493 2465 732 2551 Poscebatque,
757 2465 820 2530 sibi
844 2484 983 2549 superae
1007 2462 1047 2528 de
1072 2465 1221 2550 germine
1245 2465 1364 2530 messis

492 2569 622 2636 Pabula
642 2569 708 2645 iam
730 2568 845 2633 tribui:
870 2569 923 2632 cui
946 2575 1099 2655 prompta
1120 2575 1231 2635 mente
1255 2569 1408 2635 sacerdos

413 2695 438 2732 ιο
495 2673 636 2738 Pectore
661 2672 702 2737 de
726 2694 830 2758 gnaro
853 2671 969 2759 pandit
992 2673 1148 2737 salutarie
1170 2672 1267 2754 dicte,

494 2775 660 2841 Imbribus
682 2783 781 2861 atque
804 2776 868 2862 piis
893 2776 1035 2841 sitientis
1059 2797 1196 2862 corpora
1218 2783 1319 2863 potat.

494 2879 641 2944 Auribus
663 2880 720 2944 ille
743 2881 850 2945 libens
876 2881 986 2945 hausit
1008 2901 1091 2965 quae
1115 2887 1222 2946 ructat
1243 2881 1286 2946 eb
1308 2883 1375 2945 alto

493 2982 645 3064 Pectore,
669 2984 795 3068 subque
819 2985 869 3048 sui
894 2985 1035 3070 sumpsit
1057 2985 1242 3070 penetralia
1265 2983 1388 3056 cordis;

495 3086 637 3172 Mystica
658 3085 760 3151 verba
782 3087 828 3173 pii
851 3107 930 3174 prae
954 3107 1054 3152 sensu
1075 3085 1174 3150 discit
1195 3093 1301 3152 acuto.

415 3211 438 3248 n
497 3189 638 3276 Insuper
660 3190 822 3277 arripiens
846 3191 983 3255 memori
1006 3189 1167 3254 narranda
1189 3190 1306 3268 relatu,

497 3291 656 3358 Sensibus
678 3294 713 3358 in
736 3293 843 3360 cordis
867 3294 1056 3380 complectit
1079 3299 1196 3358 cuncta
1219 3294 1365 3359 rimatus.

495 3395 633 3461 Addidit
655 3418 735 3483 ergo
758 3398 827 3463 suis
850 3396 1018 3463 doctorem
1041 3396 1175 3462 sedibus
1199 3403 1323 3485 aptum.

496 3500 668 3566 Presbiter
689 3502 746 3567 ille
770 3501 841 3582 fuit,
866 3507 1014 3566 statuens
1036 3501 1220 3565 monastica
1242 3501 1322 3580 iura,

496 3604 710 3690 Instituitque
733 3625 836 3669 novos
859 3610 1009 3668 veterum
1031 3604 1234 3668 munImenta
1256 3603 1427 3667 revolvens

412 3728 439 3770 eo
496 3707 563 3772 Hic
586 3707 775 3786 monachos,
799 3709 892 3772 eaelo
914 3706 1034 3771 tulerat
1057 3728 1137 3792 quos
1162 3707 1295 3793 spiritus
1318 3712 1441 3772 auctor.

300 3952 328 3996 vr
373 3929 497 4006 QUOD
521 3923 825 3994 OEREDARIUM
851 3929 1010 3994 ΜΙΤΤΙΤ
1040 3929 1103 3994 ΑΙ)
1134 3928 1319 3994 CHRISTI
1341 3917 1610 3992 MONACHUM.

495 4050 591 4116 Haec
614 4051 702 4115 inter
722 4049 864 4115 famulus
888 4048 1012 4114 Christi
1036 4048 1112 4115 dum
1135 4050 1281 4116 moribus
1302 4051 1425 4113 almum

496 4155 691 4218 Pontificem
714 4152 811 4216 discit
835 4152 1021 4217 Scottorum
1043 4151 1164 4217 finibus
1187 4174 1261 4217 esse

495 4256 749 4341 Ecgberchtum,
772 4254 931 4320 famulum
955 4255 1007 4318 cui
1029 4253 1130 4319 lidum
1152 4254 1284 4319 mittere
1307 4260 1407 4332 curat,

495 4359 655 4439 Posesns,
678 4364 716 4422 nt
737 4357 915 4421 monachos
938 4355 1095 4422 formaret
1117 4357 1180 4422 rite
1203 4357 1335 4436 libellis,

428 4486 439 4522 s
498 4462 753 4547 sanctificetque
777 4460 840 4525 sibi
863 4459 1069 4525 venerandae
1094 4461 1196 4525 altare
1219 4459 1372 4538 tabellae,

497 4566 607 4651 Atque
631 4586 758 4630 memor
780 4564 847 4628 voti
869 4569 1040 4640 monstret,
1064 4563 1130 4626 sint
1152 4583 1235 4646 quae
1258 4564 1331 4626 loca
1352 4560 1461 4644 digna,

300 4707 913 4717 ——-..----—-—--——--0-——----—
922 4707 1212 4713 ---—....-.—...-....—
1233 4709 1348 4714 *η
1357 4708 1418 4713 ,-
1426 4707 1491 4712 ...—
1502 4707 1508 4710 .
1518 4705 1570 4709 —-
1585 4703 1630 4708 .-.,-

300 4801 382 4844 ructor
403 4793 425 4843 0
537 4789 572 4841 23
597 4799 739 4858 percomtos
759 4789 782 4839 0
855 4806 913 4840 oras
930 4792 951 4840 O
1060 4789 1095 4841 24
1118 4792 1206 4841 doctor
1228 4807 1294 4840 coss.
1316 4790 1344 4838 in
1361 4787 1488 4839 ductorL
1597 4782 1632 4835 26
1650 4787 1758 4850 permiti
1774 4789 1800 4838 C

300 4879 444 4946 qqsridusU
544 4875 561 4927 3
588 4877 707 4943 Undique
726 4876 759 4939 L,
785 4876 910 4941 Undsque
934 4877 963 4939 0,
989 4879 1063 4929 Unda
1081 4895 1132 4943 quo
1152 4877 1174 4927 0
1273 4874 1291 4925 4
1317 4872 1509 4926 nntadsreLO
1611 4867 1754 4921 9Tabula
1772 4873 1797 4922 0

300 4965 398 5018 susitU
487 4961 521 5015 14
538 4981 662 5032 persensu
677 4962 705 5026 0,
723 4963 882 5029 presean
972 4962 1076 5014 15-17
1093 4973 1251 5015 evanuerunt
1268 4964 1296 5012 in
1308 4962 1332 5011 L
1418 4957 1452 5010 18
1468 4958 1562 5010 luraO
1650 4953 1684 5005 19
1704 4959 1796 5008 muni·

414 5048 451 5101 ao
476 5053 621 5117 mumque
645 5049 668 5100 0
800 5047 811 5112 ΙΙ
828 5046 874 5114 [vr]
900 5049 983 5100 mum
1007 5049 1069 5100 oo
1190 5047 1208 5098 3
1234 5049 1388 5114 segnem
1413 5045 1479 5096 oo
1594 5038 1612 5091 4
1639 5043 1744 5093 roscen
1772 5044 1797 5094 o

300 5145 398 5189 ruerunt
414 5138 443 5188 its
454 5136 479 5186 L

300 5272 353 5324 lau.
366 5270 548 5339 Linds'sfam.
566 5270 631 5323 699:
651 5267 798 5322 Eadfridns
816 5267 938 5334 suscepit
950 5268 1142 5336 episcopatum
1154 5265 1330 5318 Lindisfarne
1343 5263 1447 5317 XXIIII
1465 5262 1561 5323 annis,
1582 5260 1633 5313 722
1645 5258 1794 5316 Defuncto

300 5379 346 5436 tc:
366 5375 527 5430 summum
551 5374 676 5443 Wipora.
694 5373 753 5432 698,
773 5371 822 5424 721
843 5369 932 5438 (Mau.
951 5372 1082 5425 Brs'taaa.
1099 5369 1158 5436 539,
1168 5369 1241 5434 541).
1309 5369 1337 5434 2)
1358 5367 1402 5434 Cf.
1420 5364 1534 5419 Boedas
1550 5363 1636 5418 ettam
1655 5363 1686 5416 S.
1704 5363 1795 5421 cuta-

322 5477 404 5546 (Opp.
424 5476 466 5531 ed.
486 5476 561 5531 Gs'les
580 5475 639 5538 IV,
665 5474 740 5540 264):
764 5487 838 5540 quse
855 5470 926 5534 (scil.
945 5472 1051 5537 Fama)
1076 5487 1132 5524 non
1157 5470 1230 5524 sient
1248 5467 1513 5523 Lindisfarnensium
1531 5465 1688 5519 incolarum
1708 5469 1794 5537 regio

300 5577 321 5631 ie
340 5578 490 5633 secedente
510 5580 590 5632 aestu
609 5575 706 5631 oceani
784 5573 817 5627 fit
835 5572 941 5637 insula,
965 5573 1007 5628 bis
1026 5571 1169 5628 renudatis
1188 5570 1309 5624 abeunte
1327 5571 1471 5626 rheumate
1488 5567 1631 5625 littoribus
1649 5570 1793 5646 contigua

300 5679 375 5734 litur.
