4554 6434
551 387 777 443 EPITXPHIUM
796 389 1009 444 ARLBRRHTI.
1034 389 1122 443 VITA
1132 389 1381 446 uunufflaoluu
1400 391 1430 445 L.
1443 391 1478 445 11.

557 560 652 625 Illius
677 561 834 645 obsequio
859 561 994 647 cupiens
1017 561 1178 627 adsistere
1202 584 1342 650 semper,

635 662 681 728 Ut
704 663 852 750 sophiam
876 664 1023 728 biberem
1045 685 1169 750 pronus
1192 666 1233 731 ab
1257 687 1313 732 ore
1337 667 1455 754 patris;

557 766 620 839 Qui
644 772 817 852 postquam
840 767 940 831 saeris
965 767 1089 832 meritis
1112 775 1257 834 maturus
1281 776 1315 836 et
1338 763 1466 850 annis¹‚

636 869 688 935 De
712 870 772 934 hac
797 871 974 934 translatus
997 871 1070 935 luce
1095 892 1236 957 superna
1258 874 1351 958 petit.

808 1100 1217 1108 ---—..--—-...—.-.—-—..

982 1318 1044 1382 III.

510 1476 570 1549 us
596 1475 711 1548 vim
739 1476 911 1549 sanari
938 1476 1265 1550 unsreaoaor
1291 1475 1518 1550 nrrscoer.

483 1623 485 1626 ⁵
579 1643 813 1707 INCIPIUNT
837 1642 1064 1707 CAPITULA
1087 1643 1212 1707 LIBRI
1236 1642 1444 1708 SECUNDI.

320 1763 347 1830 I.
394 1763 489 1837 Quod
512 1764 627 1829 beatus
651 1763 886 1829 Willibrordus
910 1763 950 1828 de
974 1763 1135 1828 Brittania
1157 1765 1210 1828 vel
1234 1763 1397 1828 Hibernia
1419 1763 1592 1829 Franciam
1615 1766 1771 1831 venisset.

301 1867 347 1930 II.
393 1866 542 1940 Qualiter
563 1867 651 1933 idem
674 1869 724 1931 vir
747 1867 800 1932 dei
824 1868 856 1930 in
882 1888 981 1952 opere
1005 1867 1215 1953 praedicandi
1239 1867 1431 1953 proficisset.

282 1968 345 2034 III.
392 1967 562 2041 Quomodo
574 1970 733 2057 Pippinus
750 1970 818 2035 dux
827 1971 1026 2036 Francorum
1042 1971 1183 2035 eundem
1198 1971 1354 2034 famulum
1367 1970 1489 2036 Christi
1500 1971 1639 2036 Romam
1651 1971 1836 2052 direxisset,

494 2080 530 2137 ut
552 2073 818 2160 archiepiscopus
842 2073 1056 2139 ordinaretur.

286 2175 345 2240 IV.
391 2173 485 2247 Quod
513 2175 703 2241 beatissimo
733 2177 913 2262 apostolico
942 2174 1059 2260 Sergio
1088 2197 1193 2262 papae
1217 2177 1251 2240 in
1273 2177 1398 2242 visione
1423 2175 1673 2257 ostendebatur,
1703 2177 1836 2242 beatum

495 2280 745 2346 Willibrordum
761 2281 900 2345 Romam
924 2279 1065 2360 venisse,
1089 2286 1123 2344 et
1145 2285 1181 2343 ut
1204 2300 1276 2343 cum
1301 2280 1389 2344 omni
1412 2279 1536 2344 honore
1561 2281 1652 2343 illum
1667 2278 1836 2345 debuisset

496 2384 656 2469 accipere.
1260 2429 1267 2435 -
1798 2389 1799 2392 ’

305 2484 345 2548 V.
391 2485 561 2558 Quomodo
597 2487 688 2550 illum
727 2486 812 2550 idem
849 2487 964 2550 beatus
998 2506 1084 2571 papa
1120 2483 1297 2549 honorifice
1335 2486 1502 2564 tractavit,
1535 2484 1683 2550 ordinato
1716 2505 1836 2550 nomen

495 2590 640 2676 inposuit
663 2588 828 2668 Clemens,
852 2595 886 2653 et
909 2588 1002 2653 donis
1026 2588 1173 2652 ditasset.

287 2688 345 2752 VI.
389 2689 484 2764 Quod
512 2691 562 2755 vir
584 2691 637 2756 dei
661 2691 820 2755 remeavit
841 2691 874 2754 in
898 2690 1067 2755 Franciam
1093 2696 1126 2755 et
1148 2691 1311 2756 instanter
1334 2691 1458 2756 cunctis
1483 2691 1691 2777 euangelium
1715 2689 1837 2754 Christi

496 2793 707 2879 praedicavit.

270 2894 347 2959 Vll.
370 2893 487 2967 'Quod
510 2897 710 2962 Fresonibue
734 2904 768 2962 et
789 2897 914 2962 Danais
938 2897 1126 2984 praedicare
1150 2897 1340 2983 temptabat.

252 2997 344 3062 VIII.
389 2998 484 3071 Quod
507 3000 634 3086 aliquos
658 3000 836 3086 baptizavit
858 3021 901 3065 ex
924 3001 988 3064 illis
1011 3001 1045 3065 in
1069 3001 1122 3065 via
1147 3007 1179 3065 et
1202 2999 1323 3086 aliquid
1346 3000 1514 3085 signorum
1535 3000 1659 3066 faciens
1684 3021 1835 3064 reversus

497 3108 548 3166 est
570 3103 603 3166 in
625 3102 809 3168 Franciam.
1491 3123 1494 3128 ·

291 3203 350 3268 IX.
396 3204 490 3278 Quod
515 3205 631 3270 Carlus
654 3205 855 3271 Francorum
878 3206 945 3270 dux
967 3213 1099 3292 gentem
1122 3206 1304 3271 Fresonum
1328 3205 1391 3270 eibi
1414 3205 1563 3270 subiecit.

304 3307 345 3373 X.
391 3307 486 3381 Quod
516 3307 749 3374 Willibrordus
780 3309 980 3375 Fresonihus
1016 3309 1206 3396 praedicare
1240 3330 1392 3374 reversus
1426 3313 1476 3372 est
1516 3329 1638 3394 eosque
1669 3307 1710 3372 ad
1738 3301 1835 3372 fidem

264 3397 281 3411 “
499 3410 622 3476 Christi
646 3413 816 3478 convertit.
1576 3439 1579 3444 ·

287 3511 346 3576 XI.
391 3512 484 3591 Quod
516 3515 548 3579 ei
578 3513 665 3580 sedis
690 3515 887 3602 episcopalis
917 3516 949 3579 in
972 3514 1123 3580 Treiecto
1154 3514 1289 3580 castello
1318 3512 1395 3578 data
1423 3520 1474 3578 est
1504 3520 1537 3579 et
1565 3512 1652 3598 quod
1674 3535 1735 3600 per
1763 3514 1836 3578 loca

497 3618 698 3703 presbiteros
723 3617 895 3704 disposuit.

189 3759 191 3764 ι
272 3717 350 3782 XII.
396 3718 491 3792 Quod
514 3719 724 3786 devotissime
748 3719 883 3785 verbum
907 3720 960 3786 dei
983 3740 1042 3806 per
1065 3719 1173 3783 omnia
1195 3719 1269 3784 loca
1291 3718 1482 3805 praedicare
1505 3719 1693 3785 festinabat.

251 3819 346 3884 XIII.
392 3821 486 3895 Quod
510 3845 576 3888 non
599 3825 707 3889 omnia
730 3846 813 3910 quae
837 3823 924 3888 idem
946 3822 1096 3910 pontifex
1117 3822 1196 3888 fecit
1219 3845 1318 3889 versu
1341 3823 1523 3888 enarranda
1545 3831 1668 3890 essent.

259 3923 351 3990 XIV.
396 3924 491 3999 Quod
515 3927 733 4012 confringenti
762 3928 884 3993 famulo
914 3927 967 3991 dei
995 3925 1105 3990 lanum
1136 3925 1297 4011 quoddam
1328 3925 1436 4011 gladio
1466 3948 1486 3992 a
1512 3925 1651 4011 quodam
1677 3927 1711 3991 in
1738 3933 1837 4012 eaput

497 4051 683 4118 percussus,
708 4031 767 4096 sed
789 4030 851 4095 deo
874 4029 1071 4095 defendente
1095 4029 1141 4092 nil
1165 4031 1314 4095 laesurae
1340 4052 1383 4095 ex
1406 4031 1473 4095 ictu
1496 4030 1645 4097 ferientis
1669 4030 1781 4096 sensit.

273 4131 347 4195 XV.
392 4131 487 4205 Quod
510 4134 652 4219 quidam,
676 4135 731 4220 qui
754 4156 847 4200 servo
871 4133 925 4199 dei
947 4131 1172 4213 maledixerat,
1198 4132 1250 4198 die
1274 4139 1407 4219 postera
1429 4133 1535 4219 periit.

256 4233 349 4301 XVI.
394 4235 542 4309 Qualiter
563 4237 687 4302 fontem
710 4236 831 4302 orando
854 4235 895 4301 de
919 4235 1009 4301 arida
1031 4237 1149 4301 tellure
1172 4235 1382 4323 produxerat.

240 4335 349 4400 XVII.
394 4337 564 4412 Quomodo
589 4361 631 4404 ex
654 4339 725 4405 eius
747 4338 976 4405 benedictione
999 4345 1065 4403 una
1088 4340 1231 4404 flascone
1253 4340 1320 4403 vini
1343 4340 1377 4404 in
1392 4338 1461 4404 XII
1477 4361 1641 4427 pauperes
1658 4338 1835 4404 sufficeret.
1951 4341 1952 4344 ’

220 4437 348 4503 XVIII.
393 4440 477 4506 Item
500 4442 642 4527 qualiter
663 4463 706 4508 ex
729 4443 799 4508 eius
823 4441 1051 4508 benedictione
1074 4443 1186 4506 vinum
1209 4443 1242 4506 in
1265 4464 1350 4530 cupa
1372 4443 1547 4508 cresceret.

294 4729 515 4799 resopnsmrrr
615 4733 649 4787 13
665 4737 739 4788 asra
752 4735 777 4785 rr
845 4721 956 4786 aarum
974 4734 1000 4784 r

259 4814 314 4882 [III]
349 4821 470 4886 caepituli
481 4839 547 4873 corr.
559 4822 587 4872 ia
599 4822 624 4873 la
635 4822 668 4872 W
750 4821 881 4872 deeodem
893 4821 1021 4872 seruodei
1035 4819 1097 4870 add.
1115 4819 1141 4870 U
1224 4820 1484 4884 luuillehrordus,U
1494 4819 1611 4888 (prasina)
1665 4818 1837 4882 brictanieW,

190 4905 327 4957 brittannia
352 4907 416 4957 GU
533 4911 557 4958 ll
580 4925 653 4974 opem
677 4907 875 4975 praedicantiU
966 4908 1112 4973 profecisset
1134 4907 1168 4971 U,
1194 4909 1334 4974 proficisset
1357 4924 1409 4958 rem
1432 4909 1455 4957 G
1576 4909 1613 4957 111
1636 4903 1839 4958 franchorumC

191 4991 226 5040 lV
242 4993 379 5057 apostolico
397 5011 444 5045 om.
470 4994 496 5044 U
543 4996 723 5046 ostendebatur
745 5011 793 5044 om.
815 4991 883 5042 WU
930 4993 1060 5059 suscipere
1080 4993 1111 5056 U,
1132 4995 1246 5060 accipere
1269 4993 1411 5044 reuelatum
1428 5001 1467 5044 est
1490 4991 1516 5042 U
1616 4990 1794 5054 Vhonorifiee
1815 4987 1838 5039 0

188 5083 320 5128 tractasset
342 5076 368 5126 U
432 5087 457 5130 et
474 5081 589 5132 ordinato
610 5080 675 5131 GU
739 5080 901 5146 imposuisset
918 5078 944 5128 U
1042 5081 1078 5129 Vl
1095 5080 1239 5146 aeuaugelii
1256 5080 1340 5130 lucem
1358 5077 1384 5128 U
1398 5078 1455 5140 (om.
1469 5078 1573 5140 Christi)
1677 5077 1726 5126 VII
1744 5093 1792 5126 om.
1810 5075 1843 5124 W

189 5161 236 5212 boc
254 5163 365 5228 capitato
388 5181 444 5214 cuna
467 5175 536 5216 sexto
560 5168 699 5218 coniuncto.
723 5166 795 5216 danis
815 5163 842 5214 U
923 5165 1063 5231 praedicari
1078 5165 1110 5214 W
1244 5166 1305 5216 VIII
1323 5163 1381 5228 (VII
1397 5163 1441 5227 W)
1454 5163 1541 5216 stillis
1556 5161 1580 5212 0
1664 5162 1794 5228 signorum
1810 5161 1843 5210 W

67 5284 70 5292 .
188 5248 215 5298 in
237 5265 285 5299 om.
309 5249 377 5299 suu
499 5250 1170 5316 1x(vapxarolustl,carolusrranchorumu
1294 5252 1332 5300 xr
1349 5249 1422 5300 sauss
1446 5237 1471 5299 'a
1486 5247 1512 5298 u
1632 5248 1681 5297 xu
1699 5247 1794 5297 romans
1816 5245 1843 5294 u

188 5337 253 5386 XIII
272 5337 439 5390 inenarranda
455 5337 488 5386 W
606 5339 668 5389 XIV
686 5339 831 5404 confrigens
849 5337 961 5388 famulus
988 5336 1013 5386 U
1094 5337 1203 5403 quodam
1222 5336 1281 5386 edili
1298 5351 1435 5404 percussus
1452 5341 1492 5386 cet
1515 5333 1541 5383 U
1605 5334 1652 5385 deo
1670 5333 1718 5384 des.
1736 5350 1784 5383 oar.
1808 5331 1838 5397 U,

188 5423 347 5474 deffendente
364 5441 432 5474 corr.
449 5424 478 5474 ia
495 5425 594 5475 defend.
611 5424 644 5472 W
693 5424 792 5474 leemas
813 5423 843 5487 U,
860 5423 989 5474 laessurae
1004 5422 1038 5471 W
1131 5423 1192 5473 XVI
1209 5422 1302 5486 tellure
1323 5421 1347 5471 C
1405 5419 1554 5487 produxerit
1570 5417 1596 5470 U
1695 5417 1769 5468 XVII
1786 5435 1839 5470 uns

188 5526 237 5562 om.
259 5509 289 5570 a,
307 5527 387 5560 unum
411 5509 437 5560 U
520 5511 633 5562 descura
648 5510 684 5575 W,
702 5509 836 5562 amomum
859 5506 885 5559 U
983 5510 1131 5562 sufficerent
1146 5507 1179 5558 W

296 5675 321 5742 l)
341 5676 383 5744 Cf.
397 5693 427 5755 p.
444 5675 497 5734 ‘204
516 5691 540 5728 v.
559 5677 625 5734 1563
641 5677 766 5732 Antiates
784 5678 860 5733 totus
878 5674 983 5730 meritis
1002 5677 1126 5730 maturus
1143 5677 1173 5728 et
1189 5672 1278 5727 annis.
1324 5717 1330 5744 ,
