4574 6442
936 402 1086 458 PAULINI
1106 399 1357 466 AQUILEOENSIS
1375 398 1550 453 CARMINA.

780 577 920 642 Pectore
942 575 984 640 de
1007 596 1088 661 puro
1111 574 1256 638 caritatis
1279 573 1384 637 victum
1406 593 1529 648 amore,

780 681 819 744 ln
842 681 945 745 iubilo
967 680 1125 763 vultuque
1146 677 1248 742 alacri
1271 676 1331 741 sub
1354 683 1464 741 mente
1487 675 1629 740 iucunda

687 807 723 844 rso
780 785 919 870 Semper
940 790 974 847 et
996 783 1172 846 almisonas
1196 781 1324 846 sincero
1347 780 1468 844 famine
1491 787 1613 864 grates,

779 887 914 951 Summe
936 885 998 950 tibi
1020 885 1160 970 genitor,
1184 883 1326 949 referam
1348 881 1431 947 deus
1454 882 1522 946 alta
1543 889 1702 968 potestas,

779 989 823 1054 Et
845 989 916 1069 tibi,
938 995 1015 1053 nate
1039 986 1103 1068 dei,
1126 987 1184 1052 lati
1207 1007 1283 1072 spes
1305 987 1403 1050 unica
1424 985 1548 1064 mundi,

780 1093 923 1179 Spiritus
945 1092 1031 1156 alme
1054 1090 1124 1170 tibi,
1146 1087 1333 1164 metuende,
1356 1088 1527 1154 tremenda
1548 1089 1704 1153 maiestas

778 1197 868 1261 Fons
890 1195 1047 1273 caritatis,
1071 1215 1163 1257 amor
1184 1192 1290 1257 ducis
1313 1213 1413 1278 super
1434 1193 1544 1256 omnia
1565 1193 1674 1271 mella,

687 1321 723 1359 us
781 1300 856 1364 Lux
880 1305 913 1363 et
937 1299 1028 1382 origo
1051 1297 1139 1376 boni,
1163 1298 1245 1362 casti
1268 1299 1409 1383 spirator
1431 1298 1569 1362 amoris:

781 1402 932 1487 Quique
955 1400 1049 1466 vadis
1072 1409 1106 1465 et
1127 1401 1213 1467 unde
1236 1402 1329 1466 venis
1352 1401 1490 1466 nesciris
1504 1403 1525 1480 ¹,
1548 1409 1584 1466 et
1606 1401 1718 1466 orbem

779 1505 955 1570 Terrarum
977 1506 1087 1592 reples
1111 1512 1144 1570 et
1167 1505 1276 1570 ubivis
1298 1512 1434 1590 perpete
1459 1505 1575 1590 spiras.

779 1607 924 1672 Auditur
946 1629 1010 1672 vox
1033 1629 1111 1673 eece
1133 1615 1199 1687 tna,
1223 1608 1367 1672 clamore
1391 1608 1501 1671 silenti

780 1710 896 1776 Cordis
917 1712 950 1775 in
973 1732 1052 1775 aure
1076 1717 1181 1790 sonat,
1204 1712 1294 1775 nullo
1318 1711 1486 1795 quatiente
1509 1711 1655 1795 fragore:

686 1838 723 1874 rso
781 1815 832 1878 Sit
852 1815 947 1901 patri,
971 1814 1148 1898 genitoque
1171 1813 1234 1879 deo
1258 1814 1301 1878 sit
1323 1814 1430 1898 gloria
1453 1836 1591 1892 summo,

781 1916 917 2004 Spiritui
940 1939 999 2003 per
1021 1925 1141 1982 ennete
1162 1917 1225 1983 deo
1250 1918 1294 1982 sit
1317 1918 1432 1983 secula
1453 1926 1576 1984 sancto.

528 2160 577 2225 Te
596 2181 685 2238 vero,
704 2157 747 2222 mi
765 2179 783 2222 o
799 2155 972 2220 karissimo
988 2156 1098 2238 frater,
1123 2157 1259 2223 obsecro
1275 2158 1459 2225 devotionis
1478 2161 1607 2238 affectu,
1631 2159 1824 2245 quicumque
1842 2159 1902 2223 hos
1917 2158 2073 2242 dignatus

414 2265 516 2329 fueris
532 2263 712 2329 versiculos
727 2261 887 2338 lectitare,
910 2281 983 2324 cum
997 2268 1055 2324 aut
1077 2281 1137 2347 per
1160 2262 1317 2326 incuriam
1340 2263 1475 2329 brevem
1491 2286 1549 2349 pro
1564 2265 1663 2348 longa
1678 2269 1734 2326 aut
1748 2264 1879 2348 longam
1894 2283 1953 2348 pro
1968 2261 2073 2336 brevi,

413 2375 470 2433 ant
493 2387 700 2432 communem
722 2385 781 2451 pro
804 2364 946 2427 naturali
969 2371 1026 2427 aut
1048 2367 1231 2430 naturalem
1254 2389 1312 2453 pro
1337 2369 1499 2432 communi
1516 2366 1653 2453 syllaba,
1677 2373 1733 2430 ant
1754 2365 1872 2452 pedem
1895 2387 1952 2451 pro
1975 2363 2073 2450 pede,

413 2481 470 2537 ant
499 2492 609 2536 scema
635 2491 695 2556 pro
726 2473 887 2546 scemate,
914 2473 971 2530 aut
998 2474 1128 2554 tropum
1154 2491 1213 2555 pro
1242 2477 1353 2556 tropo,
1382 2479 1439 2534 eut
1466 2471 1659 2536 indiscretas
1687 2469 1907 2534 membrorum
1938 2489 2073 2532 cesuras

413 2575 552 2641 disidiae
585 2594 684 2637 manu
713 2577 872 2650 resectas,
909 2578 967 2635 ant
997 2572 1273 2637 inconsideratum
1303 2577 1394 2640 colae
1424 2574 1589 2642 defossum
1621 2580 1793 2661 punctum,
1825 2579 1881 2637 aut
1909 2578 2073 2636 comatum

413 2677 603 2764 inaequales
626 2675 819 2750 incisiones,
850 2681 907 2738 ant
935 2674 1119 2739 inconditos
1143 2677 1273 2742 eufonie
1295 2679 1417 2748 melos.
1448 2684 1505 2742 aut
1534 2679 1561 2740 si
1585 2676 1662 2762 quid
1686 2674 1912 2741 huiuscemodi
1934 2674 2075 2759 reperiri

411 2788 539 2870 potest,
575 2779 609 2842 in
631 2778 683 2842 his
716 2778 902 2863 inspexeris
927 2785 1118 2854 exaratum,
1151 2787 1185 2843 ct
1219 2780 1339 2845 videris
1373 2781 1414 2845 ob
1444 2780 1476 2844 id
1507 2780 1590 2844 forte
1621 2780 1883 2844 meretriculam·
1910 2776 2073 2862 indignari

413 2886 622 2951 Carmentem
646 2902 843 2966 manumque
866 2880 907 2945 ad
930 2881 1068 2945 ferulam
1097 2883 1244 2947 mittere:
1273 2905 1338 2948 non
1368 2891 1401 2948 te
1430 2884 1578 2948 eiusdem
1605 2882 1693 2947 modi
1721 2880 1859 2946 formido
1892 2880 2073 2968 perturbet,

415 2988 474 3055 sed
497 2987 634 3071 accinge
658 2986 743 3049 sicut
764 2985 814 3048 vir
835 2985 965 3049 lumbos
989 2987 1086 3048 tuos²
1109 2991 1142 3049 et
1165 2984 1205 3049 ad
1229 2987 1318 3050 vices
1341 3007 1435 3051 meae
1458 2986 1628 3072 parvitatis
1650 2987 1682 3049 in
1706 2985 1824 3050 faeiem
1847 2985 1918 3050 eius
1935 2983 2075 3047 viriliter

414 3092 544 3157 resiste.
584 3089 744 3177 inpavido
759 3088 873 3172 utiquc
889 3089 1081 3173 vulpeculae
1097 3089 1144 3152 illi
1161 3088 1260 3153 dicito
1276 3111 1343 3166 ore,
1367 3091 1518 3176 quoniam
1535 3090 1615 3154 nihil
1632 3110 1694 3174 ogo
1706 3088 1854 3175 pendens
1869 3089 2074 3152 flammantes

414 3195 611 3282 rapidosque
641 3191 901 3276 indignationum
929 3191 1000 3254 eius
1030 3191 1173 3270 furores,
1206 3199 1370 3278 tamquam
1401 3194 1434 3257 in
1462 3195 1565 3258 lutum
1598 3193 1763 3258 redactam
1796 3192 1969 3278 superbiae
2002 3190 2074 3254 eius

415 3298 578 3364 cervicem
601 3295 754 3359 curvabo.
798 3293 842 3358 Et
864 3301 900 3357 ut
921 3295 1045 3359 veritus
1070 3316 1141 3358 sum
1164 3295 1289 3374 dicere,
1321 3306 1355 3362 et
1383 3298 1462 3361 lieet
1488 3296 1625 3382 pudebit
1647 3317 1699 3360 me
1723 3296 1855 3374 referre,
1877 3316 1942 3360 non
1964 3301 2074 3358 tamen

414 3402 543 3480 celabo,
572 3399 665 3482 quasi
693 3398 829 3461 liciscae
858 3399 1062 3483 multumque
1094 3406 1168 3485 post
1191 3406 1321 3463 carecta
1343 3400 1514 3463 latrantis³
1541 3399 1733 3464 memoriam
1761 3400 1848 3463 illius
1876 3398 1942 3462 mei
1969 3396 2076 3481 tangit

414 3504 514 3569 animi
536 3501 662 3565 modos.
719 3501 770 3563 Tu
794 3506 904 3564 antem
928 3501 961 3564 in
985 3501 1092 3565 studio
1116 3502 1264 3566 veritatis
1288 3503 1453 3588 inpulsus,
1485 3503 1628 3567 extincto
1651 3503 1754 3566 nihilo
1776 3502 1883 3565 minus
1905 3521 2009 3585 usqne
2032 3499 2075 3563 ad

415 3605 562 3672 cineresb
585 3605 673 3668 omni
695 3605 848 3690 poenitus
871 3603 1014 3668 invidiae
1038 3605 1167 3686 fomite,
1198 3607 1314 3692 supple
1343 3607 1494 3671 nimirum
1524 3627 1564 3670 ee
1594 3627 1676 3690 qnae
1700 3605 1819 3670 desunt
1842 3607 1967 3669 calamo
1990 3605 2076 3668 cari-

414 3709 507 3782 tatis;
541 3707 706 3794 superflua
732 3705 863 3791 quidem
892 3705 1074 3771 dulcedinis
1104 3729 1219 3772 reseca
1246 3708 1346 3788 falce,
1382 3715 1530 3773 tortuose
1559 3729 1698 3793 namque
1733 3707 1919 3774 dilectionis
1953 3706 2076 3770 rectius

415 3832 558 3896 aequare
580 3811 729 3874 normula
752 3809 859 3874 stude.
905 3808 993 3874 Cave
1016 3817 1200 3895 praeterea,
1224 3833 1265 3875 nc
1289 3811 1373 3877 forte
1397 3813 1513 3876 fluxim
1535 3833 1596 3898 per
1619 3813 1778 3876 incuriam
1809 3818 1949 3876 extensa
1975 3809 2075 3890 linea,

415 3915 558 3979 violento
581 3912 708 3978 directo
724 3911 867 3977 obductu
882 3935 902 3976 a
917 3914 966 3976 sui
981 3912 1189 3978 rectitudinis
1207 3920 1296 3978 statu
1310 3915 1473 3979 incurvari
1487 3913 1668 3978 deformata
1683 3915 1823 3979 lormnla
1839 3913 2076 3999 conpellantur.

416 4017 634 4082 Considerate
659 4035 866 4101 summopere
890 4016 1004 4098 stude,
1033 4037 1074 4080 ne
1104 4017 1233 4102 qnando
1257 4039 1330 4082 cum
1354 4019 1527 4082 sarmentis
1549 4018 1740 4103 pampineas
1763 4019 1862 4082 etiarn
1884 4021 2075 4102 amputasse

415 4127 448 4186 te
471 4121 653 4206 gemmulas
676 4119 868 4204 penitearis.
913 4119 987 4183 Non
1011 4120 1086 4200 tibi,
1110 4121 1265 4202 obsecro,
1288 4122 1449 4186 vilescant
1470 4123 1621 4186 vernales
1643 4122 1781 4186 folliculi
1803 4120 1941 4186 necdum
1965 4141 2075 4184 ernnr-

415 4229 532 4309 pentes
555 4223 589 4286 in
612 4223 725 4302 flores,
755 4221 811 4305 qni
843 4221 951 4285 clusas
982 4223 1091 4286 celant
1117 4222 1304 4288 botrionum
1331 4231 1513 4309 gemmatas
1536 4245 1595 4288 suo
1619 4224 1652 4289 in
1674 4231 1824 4310 tempore
1846 4223 2075 4310 producendas

414 4347 508 4392 uras.
554 4325 620 4391 Sed
642 4346 749 4410 neque
779 4324 927 4389 triticeas
955 4326 1160 4390 summitates
1190 4327 1352 4411 spicarum
1379 4326 1513 4412 indigne
1540 4326 1642 4406 feras,
1679 4348 1763 4412 qnae
1792 4334 1933 4392 armatos
1956 4328 2074 4418 acutis,

415 4429 534 4515 quibus
564 4435 711 4516 pungant
740 4428 830 4492 lento
855 4429 1025 4494 conamine
1049 4431 1192 4511 culmos,
1226 4431 1384 4496 fluctuare
1413 4431 1565 4495 videntur
1596 4431 1717 4494 aristis.
1767 4431 1950 4511 Memento,
1981 4432 2075 4496 euius

416 4532 586 4596 suavitatis
610 4553 706 4617 sapor
729 4532 855 4596 celatur
877 4533 910 4596 in
934 4533 1039 4619 spica,
1074 4533 1209 4598 cuiusve
1238 4532 1348 4597 edulia
1375 4533 1558 4598 dulcedinis
1581 4555 1683 4619 mana
1704 4535 1789 4598 flava
1810 4541 2018 4599 reservantur
2039 4535 2075 4599 in

415 4643 498 4700 teca.
550 4635 625 4700 Non
658 4635 745 4700 enim
781 4636 862 4700 haec
894 4635 935 4701 ad
963 4637 1121 4701 humanas
1154 4636 1321 4702 edentium
1348 4639 1545 4702 traiciuntur
1573 4638 1702 4720 fauces,
1736 4639 1800 4702 nisi
1828 4645 1862 4703 et
1892 4660 1956 4704 uva
1981 4639 2074 4725 prins

415 4738 560 4804 calcibus
588 4741 642 4805 vel
672 4739 826 4805 dentibus
855 4747 889 4804 et
917 4741 1027 4829 spicae
1050 4747 1107 4805 ant
1135 4741 1271 4826 plaustri
1303 4741 1456 4806 stricatae
1486 4747 1574 4818 rota,
1609 4748 1666 4805 ant
1698 4742 1838 4826 flagellis
1865 4749 2076 4807 conterantur

417 4861 605 4926 percussae.

523 5165 572 5220 139
590 5170 700 5222 iocunda
718 5169 744 5221 P
873 5171 922 5224 151
941 5175 968 5225 in
986 5172 1013 5223 P
1027 5174 1149 5239 repetitur
1167 5172 1208 5223 iric
1225 5189 1313 5224 seran
1332 5171 1382 5225 145
1495 5174 1529 5224 H
1544 5175 1636 5226 ἅεείηἰι
1653 5177 1680 5226 in
1697 5193 1771 5228 carro
1784 5173 1842 5240 151,
1859 5176 1947 5227 022th
1963 5185 2073 5227 coetera.

425 5254 461 5318 11·
473 5255 635 5307 meretricula
653 5254 679 5306 P
779 5255 792 5290 δ
812 5258 886 5309 ciuus
904 5258 929 5308 P

517 5437 544 5505 1)
563 5438 625 5492 lon.
642 5439 667 5502 3,
685 5438 711 5493 8.
793 5439 822 5508 2)
841 5439 901 5493 Iob.
919 5439 961 5504 38,
979 5439 1009 5504 33
1027 5439 1070 5504 40,
1088 5441 1114 5494 ⁶2.
1196 5441 1224 5508 3)
1250 5440 1326 5512 Very.
1345 5441 1410 5495 nce.
1429 5441 1492 5516 111,
1512 5443 1681 5502 18n1ultunr
1700 5444 1822 5500 laternis
1840 5445 1965 5516 Lyciscsn
1988 5446 2024 5498 ‘20
2042 5449 2075 5500 tu

415 5542 479 5610 post
497 5541 606 5597 caroea
623 5540 739 5602 latebas.
