4530 6436
730 414 872 469 FABULA
890 415 937 468 DE
955 416 1075 470 LEONE
1092 417 1138 471 ET
1158 417 1285 473 VULPE.

544 589 615 651 llns
639 595 716 652 tunc
739 596 814 652 ante
837 590 919 654 alios
943 613 1040 654 voces
1064 592 1213 656 emittere
1237 593 1340 656 fertur

463 718 488 754 ro
633 695 736 758 Ursus
761 701 793 758 st
816 695 875 758 has
900 697 1016 760 iterum
1041 698 1087 760 sic
1112 699 1230 762 iterare
1253 699 1376 761 minas:

495 839 497 846 ‹
545 797 584 860 ‘O
608 819 668 862 rex
690 819 819 882 magne,
843 806 971 884 potens,
994 801 1148 886 princeps
1172 802 1291 865 invicte
1315 802 1467 880 ferarum,

627 900 771 964 Auribus
794 901 876 965 haec
899 902 1036 987 placidis
1061 905 1191 990 suscipe
1215 904 1315 969 verba
1338 905 1413 984 tuis,

544 1004 666 1068 Audiat
690 1011 788 1089 atque
813 1005 928 1068 cohors
952 1012 1020 1069 tota
1043 1007 1124 1071 hoec
1148 1029 1232 1092 quse
1256 1008 1387 1072 subdita
1410 1029 1538 1092 magno⁷

628 1108 655 1172 O
680 1130 739 1172 rex
762 1109 859 1186 iuste,
882 1115 936 1172 tuo
960 1111 1105 1174 noscitur
1130 1113 1278 1197 imperio.

461 1235 485 1271 rs
543 1212 635 1284 Quae
659 1220 725 1275 tnm
749 1212 819 1275 dirc
842 1212 902 1275 fuit
924 1213 1013 1298 vulpi
1038 1213 1203 1278 dementia
1227 1236 1352 1299 quaero

627 1316 802 1379 Tantillam
826 1316 932 1400 potuit
954 1317 1002 1378 irc
1026 1317 1154 1380 subisse
1178 1319 1291 1388 feram,

543 1421 588 1484 Ut
611 1442 733 1504 regem,
757 1441 854 1504 quem
878 1427 993 1483 cuncta
1017 1421 1080 1482 sibi
1103 1422 1196 1506 pleps
1221 1421 1351 1486 subdita
1374 1423 1459 1499 visit,

624 1523 722 1587 Hunc
745 1523 827 1587 haec
852 1523 922 1586 sela
944 1523 1075 1607 quidem
1098 1546 1162 1588 non
1186 1526 1306 1590 adiisse
1331 1527 1430 1590 velit?

541 1628 661 1710 Magna
685 1635 735 1690 est
758 1629 821 1690 ista
844 1626 974 1712 quidem
997 1629 1104 1714 vulpis
1127 1632 1293 1715 protervis
1316 1633 1446 1702 mentis,

629 1731 738 1814 Atque
762 1731 858 1794 decet
881 1732 1008 1815 magnis
1034 1732 1168 1796 subdier
1191 1735 1248 1812 illa
1271 1737 1386 1799 malis'.
1442 1789 1443 1794 ,

540 1836 633 1898 llaec
657 1834 732 1897 dum
755 1834 842 1896 dicta
865 1834 965 1896 refert
987 1856 1093 1914 ursus,
1117 1858 1175 1899 rex
1200 1838 1349 1901 omnibus
1374 1840 1490 1923 inquit:

624 1936 703 1999 ‘Iam
728 1937 884 2000 moritura
907 1938 971 1999 cito
995 1937 1174 2002 dilacerata
1198 1940 1320 2004 ccdct'!

540 2040 631 2103 Tunc
655 2040 748 2124 pleps
771 2046 840 2102 toto
864 2040 957 2103 simul
981 2062 1079 2105 voees
1103 2043 1142 2105 ad
1167 2044 1276 2107 sidera
1299 2047 1415 2109 tollit¹:

622 2142 749 2206 Iustum
773 2142 930 2206 iudicium
952 2145 1108 2230 principis
1133 2153 1230 2231 atque
1254 2149 1388 2212 bonum.

456 2271 480 2306 :s
540 2247 613 2310 Hoc
636 2245 726 2330 vulpi
749 2245 898 2318 innotuit,
923 2267 958 2309 se
982 2267 1065 2330 quae
1090 2248 1121 2309 in
1145 2249 1285 2332 plurima
1308 2252 1414 2316 vortit.

623 2349 731 2433 Atque
754 2347 809 2412 diu
832 2354 927 2411 notos
951 2357 1125 2434 praeparat
1149 2351 1220 2435 ipsc
1241 2351 1351 2416 dolos:

538 2452 734 2516 indumenta
756 2451 874 2536 pedum
898 2453 1001 2514 multa
1024 2459 1057 2514 et
1080 2455 1245 2518 conscissa
1269 2457 1404 2540 requirit

623 2554 854 2640 Inponensque
877 2555 1022 2618 humeris
1046 2556 1138 2640 regio
1161 2564 1269 2620 castro
1292 2560 1384 2643 petit.

537 2659 641 2731 Quam
664 2680 724 2723 rex
747 2658 823 2722 dum
846 2657 936 2738 vidit,
961 2660 1088 2743 placato
1111 2667 1245 2745 pectore
1269 2662 1354 2742 risit,

622 2763 852 2847 Expectatque
875 2761 930 2824 diu
955 2762 1031 2845 quid
1054 2764 1205 2828 malefida
1228 2766 1318 2828 velit.

538 2868 683 2951 Cumque
707 2873 782 2930 ante
807 2887 864 2928 ora
886 2865 1004 2930 dueum
1028 2875 1203 2948 constaret,
1228 2890 1286 2932 rex
1310 2870 1398 2955 prior
1421 2871 1539 2954 inquit:

620 2971 717 3043 ‘Quid
740 2971 896 3034 moritura
918 2972 1015 3052 feres,
1041 2993 1124 3056 quae
1149 2973 1302 3036 lanianda
1324 2975 1449 3036 venis't

536 3077 598 3141 Illo
621 3076 676 3138 diu
698 3074 875 3159 trepidans,
899 3074 1076 3159 timidoque
1101 3077 1133 3138 in
1156 3084 1289 3160 pectore
1313 3079 1469 3141 vorsnns²

618 3179 711 3243 Hace
736 3179 884 3243 subiecta
907 3178 1008 3242 refert
1031 3180 1255 3264 praecogitata
1278 3182 1359 3244 cito:

467 3309 478 3343 r
536 3284 619 3346 ‘Rex
643 3283 706 3366 pie,
731 3303 790 3344 rex
813 3282 968 3362 clemens,
992 3303 1051 3344 rex
1075 3283 1289 3348 invictissime
1313 3293 1434 3356 noster,

618 3386 742 3471 Accipe
765 3406 850 3448 nunc
874 3385 981 3448 animo
1006 3406 1088 3469 quae
1113 3386 1171 3448 tibi
1195 3386 1282 3450 dicta
1304 3387 1384 3451 fere.
1415 3392 1416 3396 ’

534 3491 627 3554 llaec
651 3489 728 3554 dum
750 3509 890 3572 numque
914 3488 983 3551 vias
1007 3495 1166 3552 terrarum
1190 3491 1292 3554 lustro
1315 3513 1375 3576 per
1398 3514 1510 3556 omnes
1568 3522 1569 3526 ¹

617 3583 814 3657 Indumenta
837 3592 918 3655 scidi
940 3593 981 3655 oh
1007 3591 1148 3655 studium
1172 3593 1300 3667 medici,

534 3698 595 3770 Qui
619 3705 732 3784 posset
755 3697 843 3780 regis
866 3717 984 3780 magno
1009 3716 1200 3776 succurrere
1223 3697 1348 3768 morbo,

621 3801 731 3884 Atque
754 3801 818 3863 tuis
842 3820 994 3884 magnam
1017 3798 1149 3864 demere
1173 3801 1359 3864 mestitiam.

533 3903 679 3967 Tandem
705 3903 918 3988 praecipuum
940 3901 1103 3966 medicum
1127 3903 1183 3965 rix
1205 3903 1422 3974 inveniebam,

616 4009 681 4074 Sed
704 4010 774 4086 tibi,
798 4019 867 4090 rex,
891 4031 1008 4073 vereor
1030 4008 1139 4073 dicere
1164 4030 1246 4093 quae
1271 4009 1402 4073 docuit'.

532 4113 606 4176 Rex
630 4131 758 4198 quoque
783 4113 842 4175 ait:
869 4111 916 4174 ‘Si
939 4131 1017 4174 vera
1040 4111 1159 4192 refers,
1183 4111 1372 4175 dulcissima
1395 4115 1512 4200 vulpis,

614 4216 677 4279 Dic
700 4215 790 4294 milri,
813 4215 889 4298 quid
913 4214 1008 4277 citius
1032 4214 1152 4278 dixerit
1175 4214 1227 4278 hic
1250 4213 1416 4280 medicus’.

450 4343 474 4377 rs
530 4320 649 4406 Vulpis
673 4319 712 4383 ad
737 4319 818 4383 hace
840 4319 907 4382 ursi
931 4339 998 4382 non
1020 4319 1190 4382 immemor
1213 4319 1363 4403 improba
1386 4320 1482 4384 dixit:

615 4422 763 4486 ‘Cautius
787 4422 869 4485 haec
892 4422 1033 4485 famulae
1058 4421 1188 4506 suscipe
1212 4422 1314 4485 rerba
1336 4429 1422 4486 tune.

530 4511 651 4590 Ursino
676 4527 703 4589 si
727 4533 759 4589 te
782 4545 916 4611 possum
940 4524 1142 4588 circumdare
1166 4531 1268 4609 tergo,

614 4629 687 4692 Non
710 4649 811 4709 mora,
835 4630 973 4712 languor
996 4629 1074 4698 abit,
1099 4649 1242 4713 sanaque
1267 4629 1334 4690 vito
1357 4627 1463 4692 redit'.

530 4733 692 4797 Continuo
717 4733 808 4796 iussu
831 4731 954 4795 domini
979 4731 1177 4797 distenditur
1199 4753 1295 4794 ursus

448 4861 472 4894 ur
617 4837 648 4900 A
672 4838 770 4901 sociis
793 4838 933 4923 propriis
958 4837 1205 4922 detrahiturque
1230 4837 1325 4900 cutis.

529 4942 601 5015 Qus
623 4941 699 5004 dum
723 4943 882 5026 gestirent
906 4941 1178 5027 obducere‘pclle
1203 4943 1342 5020 leonem,

611 5045 749 5129 Aufugit
771 5046 902 5129 penitus
926 5044 1100 5128 languidus
1125 5045 1181 5108 ille
1205 5033 1307 5108 dolor.

264 5341 297 5393 21
318 5347 441 5393 torvarum
463 5341 486 5388 (τ’
589 5337 623 5390 35
641 5357 719 5406 seque
741 5342 764 5390 (ι’

265 5513 290 5580 ll
325 5511 402 5581 Verp.
430 5509 491 5563 Iret.
517 5509 545 5573 V,
573 5509 606 5562 62
633 5527 713 5564 voees
739 5508 774 5562 ad
802 5507 892 5561 sidero
920 5508 1041 5562 iactant:
1066 5510 1133 5560 Aru.
1162 5509 1212 5576 II,
1239 5509 1291 5562 2⁶22
1318 5510 1451 5562 clamores
1471 5549 1476 5561 .
1497 5550 1502 5561 .
1523 5550 1528 5560 .
1548 5508 1583 5561 nd
1611 5509 1702 5563 sidera
1729 5509 1816 5570 tollit:

162 5614 217 5667 XI.
236 5615 286 5668 cur
313 5615 459 5712 clamorem
487 5613 521 5665 ad
550 5614 619 5667 caeli
648 5614 738 5668 sidem
765 5613 876 5666 tollunt.
982 5613 1008 5672 2)
1038 5615 1104 5664 Aru.
1133 5613 1151 5665 1
1158 5612 1185 5674 V,
1204 5613 1255 5664 563
1282 5615 1359 5666 nefas
1387 5613 1415 5665 in
1444 5615 1555 5682 pectore
1582 5617 1686 5668 versat.
1716 5615 1815 5687 fleury.

164 5715 216 5790 JV,
234 5717 275 5772 83.
