4574 6442
889 408 1041 465 PAULINI
1059 406 1310 474 AQUILEIENSIS
1329 406 1498 462 CARMINA
1514 405 1635 460 DUBIA.

758 587 810 649 27.
835 582 910 648 Una
931 583 1019 647 bona
1042 603 1116 646 nam
1140 581 1280 661 servilis,
1303 581 1409 646 altera
1432 578 1493 644 sed
1517 580 1681 666 optima¹;

832 687 914 752 haee
938 686 1088 750 turbatur
1112 686 1197 750 circa
1219 686 1340 765 multa,
1362 685 1445 749 haec
1468 683 1509 748 de
1533 683 1645 747 multis
1667 682 1782 760 libera,

834 791 897 854 ista
920 790 971 854 sui
995 789 1172 854 conditoris
1196 788 1342 876 speciem
1365 783 1541 865 desiderat,

833 893 927 959 ardet
949 894 1081 980 ignibus
1103 893 1234 972 amoris,
1258 892 1375 978 querit,
1399 897 1496 968 amat,
1519 889 1639 983 diligit,

757 1035 810 1099 28.
832 1032 929 1098 Hune
952 1032 1204 1118 quatriduanum
1227 1032 1331 1097 fertur
1353 1031 1494 1096 iacuisse
1518 1035 1681 1093 mortuum
1691 1027 1714 1108 ²,

833 1135 935 1202 Ouius
958 1137 1085 1202 numeri
1109 1137 1213 1222 figura
1236 1137 1283 1201 sie
1308 1135 1403 1200 datur
1424 1134 1565 1220 intelligi

1235 1565 1295 1631 IV.

530 1701 600 1766 l.O
623 1700 733 1778 Petne,
756 1709 850 1788 petra
872 1702 1034 1768 eeclesiae
1344 1709 1373 1769 4.
1390 1703 1531 1768 Conlata
1554 1722 1633 1785 erga
1658 1698 1782 1784 gloriae
1891 1703 1895 1706 ’

571 1805 634 1869 isto
656 1804 774 1868 beatus
797 1806 939 1884 nomine,
1385 1806 1418 1869 in
1441 1813 1474 1870 te
1497 1810 1645 1891 potestas
1668 1801 1817 1880 affluens,

572 1928 635 1992 quo
657 1906 776 1972 Petrus
800 1927 819 1970 a
842 1906 973 1971 Christo
997 1913 1103 1993 petra:
1384 1910 1486 1994 ligata
1507 1909 1613 1972 solvat
1637 1906 1781 1985 crimina,

570 2030 636 2074 non
658 2016 753 2096 petra
776 2009 925 2074 Christus
949 2031 969 2074 a
991 2009 1100 2074 Petro.
1385 2017 1561 2099 portasque
1584 2009 1711 2074 Averni
1735 2009 1891 2073 obstruat.

534 2150 563 2212 2.
577 2147 628 2211 Tu
650 2169 686 2211 es
708 2147 837 2228 Petrus,
861 2146 915 2231 qui
937 2145 1015 2210 fidei
1346 2153 1376 2212 5.
1387 2148 1475 2212 Hinc
1499 2153 1612 2232 pastor
1633 2154 1670 2212 ut
1691 2145 1858 2232 piissimus

572 2250 741 2316 confessor
764 2271 799 2315 es
823 2250 962 2336 primus:
987 2249 1041 2313 dei
1388 2273 1467 2316 oves
1490 2251 1653 2335 gubernat
1676 2247 1827 2326 creditas,

570 2374 657 2418 nunc
679 2354 805 2439 primus
829 2355 861 2418 in
884 2352 1040 2418 membris
1063 2373 1210 2434 manens,
1389 2355 1476 2418 intus
1499 2353 1644 2438 forisque
1667 2350 1817 2438 pervigil,

573 2457 614 2522 ob
638 2455 724 2542 quod
748 2454 877 2542 Cephas
900 2461 1036 2519 vocatus
1059 2476 1104 2519 es.
1385 2479 1427 2522 nc
1452 2457 1655 2535 subruamur,
1678 2461 1826 2539 protege.

529 2596 559 2657 3.
572 2592 678 2657 Adest
701 2592 784 2674 dies,
808 2614 871 2678 quo
894 2593 1056 2658 Romulea
1345 2597 1374 2660 6.
1388 2593 1433 2657 Et
1456 2594 1547 2657 clave
1570 2592 1627 2655 illa
1650 2590 1774 2656 caelica

571 2696 605 2760 in
627 2697 708 2762 urba
731 2702 941 2761 consecratus
965 2717 1018 2772 es;
1387 2698 1517 2760 solvens
1541 2702 1676 2759 catenas
1700 2692 1883 2770 eriminum,

571 2801 605 2864 in
627 2821 691 2885 qua
714 2798 869 2863 cathedra
892 2798 994 2863 nobili
1386 2799 1454 2863 illie
1477 2821 1551 2864 reos
1574 2798 1729 2870 inducito,

572 2901 733 2968 scandens
756 2903 908 2967 thronum
928 2902 1120 2967 sustolleris.
1387 2924 1450 2987 quo
1473 2904 1579 2967 clarus
1603 2907 1695 2967 extat
1717 2899 1845 2964 ianitor.

931 3043 959 3104 7.
971 3040 1017 3104 Ut
1040 3061 1113 3105 eum
1135 3041 1285 3126 polorum
1308 3041 1446 3129 principi

975 3144 1082 3208 recisa
1103 3143 1251 3208 membra
1273 3145 1430 3225 iunxeris,

975 3247 1017 3312 sit
1040 3247 1178 3310 trinitati
1199 3246 1305 3331 gloria

974 3356 1175 3436 perennata
1198 3371 1330 3437 semper
1353 3352 1497 3417 saecula,
1528 3349 1646 3414 Amen.

1243 3780 1285 3846 V.

466 3914 603 3979 l.Felix
625 3936 684 4000 per
706 3935 819 3979 omnes
839 3914 960 3979 festum
976 3915 1089 3980 mundi
1106 3915 1256 3982 cardines
1306 3920 1334 3982 3.
1348 3917 1484 3981 Habent
1507 3935 1665 4001 supernas
1687 3915 1883 3998 potestatem
1909 3904 2065 3970 claudere

507 4017 729 4102 apostolorum
753 4017 935 4103 praepollet
958 4019 1111 4084 alacriter
1349 4041 1498 4085 sermons
1522 4017 1629 4095 sedes,
1652 4015 1796 4103 pandere
1821 4008 2027 4098 splendentia

507 4119 599 4184 Petri
621 4120 722 4195 beati,
744 4119 840 4184 Pauli
863 4121 1088 4212 sacratissimi,
1347 4123 1460 4186 limina
1481 4122 1549 4208 poli
1573 4142 1673 4206 super
1694 4120 1762 4183 alta
1785 4115 1903 4182 sidera.

507 4243 587 4307 quus
601 4221 751 4286 Christus
764 4223 849 4285 almo
864 4224 1069 4287 consecravit
1082 4225 1255 4309 sanguine:
1346 4225 1478 4308 linguae
1502 4246 1616 4290 eorum
1639 4224 1749 4287 claves
1772 4219 1857 4284 caeli
1878 4217 1985 4282 iactae
2009 4222 2099 4296 sunt,

505 4323 718 4391 ecclesiarum
742 4323 914 4410 deputavit
936 4327 1111 4412 principes.
1347 4327 1454 4391 larvas
1478 4327 1641 4413 repellunt
1662 4325 1749 4389 ultra
1770 4321 1882 4387 mundi
1904 4319 2039 4384 limites.

464 4464 494 4525 2.
508 4461 566 4525 Hii
589 4468 664 4525 sunt
689 4461 795 4526 olivae
818 4460 902 4527 duae
926 4484 1035 4528 coram
1058 4463 1190 4528 dominu
1305 4469 1334 4528 4.
1347 4464 1465 4528 Petrus
1487 4463 1605 4528 beatus
1629 4468 1818 4527 catenarum
1840 4461 1987 4544 laqueos,

507 4571 541 4630 et
563 4564 760 4629 candelabra
781 4565 855 4629 luce
878 4564 1049 4648 radiantia,
1348 4566 1478 4631 Christo
1501 4567 1647 4647 iubente,
1671 4566 1758 4652 rupit
1780 4563 1983 4642 mirabiliter,

506 4669 675 4754 praeclara
698 4669 782 4732 caeli
804 4668 869 4732 duc
893 4669 1075 4742 luminaria,
1141 4685 1147 4700 ·
1348 4676 1459 4734 custos
1484 4669 1578 4733 ovilis
1603 4675 1636 4734 et
1659 4667 1772 4733 doctor
1794 4665 1965 4744 ecclesiae,

505 4771 602 4836 fortia
624 4771 754 4834 solvunt
775 4776 985 4857 peccatorum
1009 4773 1151 4837 vincula:
1348 4778 1525 4857 pastorque
1549 4773 1670 4857 gregis,
1696 4775 1906 4834 conservator
1928 4768 2040 4832 ovium

506 4879 616 4959 portas
639 4873 763 4958 Olimpi
785 4880 936 4938 reserant
958 4873 1121 4939 fidelibus.
1349 4881 1441 4940 arcet
1462 4876 1612 4961 luporum
1636 4875 1852 4939 truculentam
1874 4871 2009 4935 rabiem.

510 5131 556 5199 [V]
592 5134 666 5184 Alius
678 5148 772 5198 ymnus
787 5130 838 5198 Vs.
849 5129 890 5196 99,
908 5133 962 5183 eine
979 5134 1051 5184 tiliato
1069 5135 1126 5185 rell.
1198 5133 1238 5198 1,.l
1253 5136 1358 5186 Fallat}
1409 5135 1512 5187 festaV
1578 5131 1859 5200 1,2ahpost010mm0
1910 5139 2064 5199 praepotens
2083 5132 2109 5181 V

441 5220 575 5270 balacriter
596 5220 618 5269 0
739 5214 781 5281 l‚3
807 5219 975 5269 sacratissime
1002 5219 1024 5270 0
1145 5218 1187 5284 1‚4
1213 5238 1264 5286 quo
1286 5222 1378 5272 cristus
1399 5223 1421 5272 0
1541 5218 1583 5285 1,5
1610 5221 1793 5271 eheclasiarum
1815 5219 1836 5270 O
1955 5215 1997 5280 2,l
2026 5218 2057 5268 lh
2081 5221 2106 5270 0

440 5306 527 5357 beliue
545 5305 605 5355 binc
626 5303 648 5354 Ο
749 5299 792 5368 2,2
810 5303 946 5355 radiemcia
967 5307 989 5355 0
1090 5303 1134 5370 2,3
1150 5307 1304 5357 luminarialr
1327 5307 1348 5357 0
1457 5304 1500 5370 2,4
1519 5307 1598 5357 larcia
1618 5306 1639 5357 0
1746 5303 1790 5370 2,5
1808 5313 1910 5372 portans
1927 5303 2058 5370 balinppis
2082 5306 2107 5357 0

440 5385 483 5448 3,l
501 5388 606 5439 Abbant
626 5388 647 5439 0
698 5405 810 5454 superna
831 5388 893 5440 OV
988 5387 1031 5454 33
1048 5408 1178 5443 sermones
1199 5392 1221 5442 0
1272 5393 1453 5459 splendenciah
1475 5393 1497 5442 0
1590 5389 1633 5456 3,4
1650 5393 1757 5442 beorum
1779 5393 1800 5442 0
1892 5387 1935 5454 4‚1
1952 5389 2064 5441 beahtua
2082 5395 2107 5443 0

440 5474 532 5539 laqueo
554 5473 575 5524 0
677 5469 719 5536 42
737 5474 814 5524 cristo
835 5473 857 5524 0
925 5476 1070 5528 iuuanteV
1170 5474 1213 5541 4‚3
1231 5478 1325 5530 bouilla
1346 5480 1368 5531 0
1436 5478 1561 5532 ecclesiola
1583 5477 1616 5538 0,
1640 5477 1748 5542 ecclesia
1764 5476 1789 5525 V
1886 5472 1930 5542 4,4
1948 5475 2058 5528 houium
2082 5480 2108 5532 O

440 5556 484 5623 4,5
501 5567 590 5610 suerat
611 5559 639 5622 0,
666 5576 757 5610 means
774 5558 802 5618 V,
819 5568 889 5612 arcet
906 5561 945 5612 ed.

546 5693 570 5759 1)
589 5693 657 5750 aa.
672 5695 712 5758 10,
730 5694 824 5758 una.
894 5697 922 5764 a)
941 5697 1002 5752 ros.
1018 5698 1058 5764 11,
1078 5699 1171 5764 raas.
