4628 6428
1035 403 1184 458 ALCUINI
1204 402 1379 458 CARMINA.

1191 597 1222 640 iv

721 677 862 762 Magnus
885 677 926 741 ab
950 699 1025 742 arce
1048 679 1115 763 poli
1139 677 1282 743 Michael
1305 677 1520 761 archangelus
1543 677 1648 740 aulam

826 781 922 846 Hanc
945 783 1097 868 precibus
1121 803 1251 868 semper
1274 790 1383 846 servet
1404 782 1446 846 ab
1469 782 1563 844 hoste
1585 782 1658 868 piis.

743 883 889 970 Quisque
913 886 1006 971 legas
1031 907 1154 962 versus,
1178 907 1236 971 pro
1260 907 1323 971 quo
1348 907 1484 950 exorare
1507 893 1680 956 memento,

827 990 892 1054 Pro
916 991 1035 1055 sudore
1058 991 1150 1055 brevi
1173 997 1209 1054 ut
1232 991 1378 1077 praemia
1401 991 1498 1074 longa
1521 990 1618 1073 legat.

1196 1210 1216 1253 v

746 1287 912 1375 Sulpicius
935 1292 1078 1377 praesul,
1101 1299 1221 1376 pastor,
1245 1291 1430 1377 patriarcha
1452 1290 1569 1360 fidelis,

828 1393 999 1457 Auxilium
1021 1394 1117 1457 nobis
1140 1395 1191 1457 hic
1214 1394 1299 1458 ferat
1321 1395 1385 1457 iste
1408 1393 1509 1478 pium.

745 1494 873 1580 Inclyta
895 1497 1050 1580 martyrio
1073 1498 1196 1582 puriter
1218 1497 1271 1560 bic
1295 1497 1387 1580 virgo
1411 1495 1569 1558 Columba

827 1597 993 1663 Defendet
1015 1599 1167 1685 precibus
1190 1601 1277 1664 tecte
1300 1605 1428 1662 sacrata
1451 1597 1523 1661 deo.

1192 1817 1222 1861 vr

749 1901 821 1966 Hac
844 1903 948 1966 honor
970 1925 1047 1968 ecee
1071 1911 1156 1976 tuus,
1179 1903 1311 1988 praesul
1334 1901 1513 1980 Amandus,
1535 1903 1568 1965 in
1591 1922 1645 1965 ara

831 2006 901 2070 Iam
927 2007 1054 2086 colitur,
1078 2007 1172 2070 nobis
1197 2015 1231 2071 tu
1253 2007 1414 2070 auxiliare
1438 2013 1541 2091 pater.

746 2107 849 2193 Virgo
873 2119 1002 2173 saerata
1024 2108 1087 2173 deo
1111 2131 1171 2174 nec
1193 2129 1259 2172 non
1281 2115 1457 2172 veneratur
1479 2108 1619 2192 Agatha,

826 2211 891 2275 Hie
916 2212 1011 2275 simul
1034 2212 1115 2276 haec
1138 2213 1234 2277 nobis
1256 2212 1480 2295 auxiliumque
1503 2211 1597 2275 ferat.

1185 2427 1226 2468 uu

746 2509 851 2584 Quam
874 2509 1003 2588 dilecta,
1027 2510 1120 2590 deus,
1144 2511 1224 2573 mihi
1247 2517 1321 2574 sunt
1344 2517 1400 2574 tua
1423 2510 1555 2594 templa,
1580 2506 1736 2584 Sabaoth,

829 2613 997 2676 Virtutum
1020 2611 1180 2690 dominus,
1205 2634 1264 2675 rex
1286 2632 1379 2674 meus
1402 2621 1499 2695 atquc
1523 2609 1615 2676 deus.

747 2715 804 2788 Te,
828 2723 924 2801 pater
946 2717 1041 2792 alme,
1066 2737 1174 2778 mcum
1198 2735 1263 2794 cor,
1287 2720 1419 2784 tecam
1443 2715 1570 2798 quaerit
1592 2713 1724 2796 ubique,

828 2817 944 2903 Tuque
967 2816 1048 2881 deus
1071 2817 1164 2881 vivus
1187 2817 1306 2900 gaudia
1329 2837 1448 2900 magna
1470 2817 1560 2880 mibi.

749 2917 877 3004 Quique
900 2922 965 2984 tuis
989 2922 1085 2984 tectis
1108 2920 1268 2992 habitant,
1292 2929 1368 2984 sunt
1391 2919 1485 2984 valde
1509 2921 1608 2994 beati,

830 3023 873 3087 Et
896 3031 1050 3088 resonant
1073 3023 1187 3087 laudes
1212 3023 1246 3085 hi
1269 3022 1330 3086 tibi
1351 3031 1539 3108 perpetuae.

746 3124 811 3189 Hic
833 3125 922 3209 mihi,
946 3147 1080 3210 quaeso,
1104 3124 1234 3189 domum
1258 3126 1376 3203 tribue,
1400 3125 1572 3190 mitissime
1596 3131 1714 3210 pastor,

829 3228 939 3313 thue
962 3237 1035 3292 tues
1057 3229 1172 3293 laudes
1194 3229 1247 3293 hic
1272 3231 1341 3292 sine
1364 3229 1428 3292 fine
1452 3249 1578 3293 canam.

1183 3441 1235 3484 viu

747 3519 842 3584 Hanc
866 3521 967 3586 levita
991 3521 1045 3587 dei
1068 3524 1192 3587 meritis
1215 3525 1413 3588 Laurentius
1436 3522 1553 3587 aedem

745 3620 892 3707 Inclytus
916 3632 1062 3702 exornet,
1087 3624 1208 3689 domini
1232 3628 1296 3690 iam
1319 3627 1435 3711 plenus
1459 3646 1585 3698 amore;

747 3729 853 3801 Quem
875 3749 936 3793 nec
959 3729 1091 3792 flamma
1113 3750 1215 3793 vorax
1238 3731 1325 3806 vicit,
1350 3751 1410 3792 neo
1433 3730 1574 3798 vincula,
1597 3728 1728 3802 sermm,

745 3830 811 3894 Per
833 3829 969 3914 gladios,
993 3832 1087 3914 ignes
1113 3831 1239 3894 eaelum
1262 3829 1452 3894 conscendit
1474 3831 1507 3893 in
1530 3831 1641 3894 altum.

749 3931 837 3996 Ecce
860 3931 914 3996 dei
937 3932 1067 3996 famulis
1091 3931 1215 3996 faciens
1239 3933 1394 4016 suffragia
1418 3955 1558 4018 semper,

746 4033 889 4098 Adiuvat
911 4043 1009 4119 atque
1036 4057 1113 4098 suos
1137 4035 1289 4110 cultores,
1314 4035 1488 4114 oredimus,
1512 4035 1599 4099 inde.

1192 4251 1222 4294 rx

745 4333 810 4396 Hic
833 4354 961 4417 quoque
985 4339 1173 4396 sanctorum
1196 4338 1336 4417 pausant
1358 4332 1423 4398 dno
1446 4356 1582 4420 corpora
1604 4341 1742 4420 patrum,

745 4434 875 4500 Elidius
898 4437 1031 4522 praesul
1054 4435 1217 4499 Pictensis
1240 4437 1345 4520 gloria
1367 4437 1485 4521 plebia

746 4538 987 4621 Inclaususque
1012 4545 1107 4622 pater
1129 4537 1254 4600 meritis
1277 4537 1421 4601 Leonius
1445 4539 1550 4602 almis¹

745 4641 904 4705 Amulius
927 4640 1029 4704 frater
1050 4639 1209 4724 templum
1233 4649 1446 4705 renovaverat
1469 4641 1566 4722 istud,

677 4769 688 4802 ⁵
745 4745 899 4810 Praemia
921 4743 974 4807 cui
998 4742 1148 4806 Christus
1171 4743 1293 4806 tribuat
1316 4764 1375 4827 per
1396 4745 1485 4808 secla
1509 4744 1622 4808 salutis
1637 4744 1657 4803 ¹.

1198 4964 1218 5006 x

745 5049 811 5112 Hie
834 5047 926 5110 locus
950 5044 1136 5129 hospitibus
1160 5051 1270 5128 pateat
1294 5046 1501 5111 venientibus
1526 5050 1621 5126 ultro,

749 5149 889 5232 Semper
912 5145 974 5208 erit
997 5145 1151 5228 quonium
1175 5155 1346 5231 susceptus
1371 5149 1403 5211 in
1426 5148 1557 5235 hospite
1581 5150 1742 5214 Christus.

1803 5311 1959 5324 *Q*—

475 5401 548 5470 lbvl
568 5403 746 5470 rpuraaruo
820 5401 829 5466 l
849 5396 1335 5467 [vulrgnuuuo,gn1dnn„,213
1415 5404 1744 5472 lucumonem
1827 5410 1839 5473 ῃ
1856 5411 2087 5484 [³145st

374 5489 384 5554 ll
403 5487 438 5554 [n]
458 5487 472 5540 l
493 5488 582 5538 ventat
594 5489 623 5550 Q,
641 5488 804 5538 venientibus
817 5486 847 5536 F
2294 5424 2299 5555 q

448 5657 474 5720 1)
496 5653 600 5704 (trrattto
617 5653 661 5703 bio
680 5666 796 5714 carrarca,
815 5650 892 5720 quocl
905 5649 982 5714 apud
994 5653 1189 5717 Qucrrrluuura
1200 5667 1310 5704 aurrrcro
1322 5653 1439 5707 CXLII
1449 5658 1586 5722 siccatur,
1604 5658 1680 5724 infra
1691 5663 1728 5722 (p.
1738 5657 1794 5708 335
1805 5675 1834 5713 κ.
1848 5663 1906 5724 II)
1919 5669 2085 5726 gamm
2296 5584 2301 5707 3

2298 5728 2301 5865 l
